  <div class='ocr_page' id='page_1' title='image "/cluster/home/n/w/nwhite01/storage/ocr_20150623/144-145/uc1.31175001639262/705.png"; bbox 0 0 5514 6652; ppageno 0'>
   <div class='ocr_carea' id='block_1_1' title="bbox 226 6440 824 6636">
    <p class='ocr_par' dir='ltr' id='par_1_1' title="bbox 231 6444 820 6632">
     <span class='ocr_line' id='line_1_1' title="bbox 231 6444 820 6632; baseline -0.003 1"><span class='ocrx_word' id='word_1_1' title='bbox 231 6444 820 6632; x_wconf 43' lang='lat' dir='ltr'><strong>ﬁ»</strong></span> 
     </span>
    </p>
   </div>
   <div class='ocr_carea' id='block_1_2' title="bbox 2102 566 2205 625">
    <p class='ocr_par' dir='ltr' id='par_1_2' title="bbox 2102 566 2205 625">
     <span class='ocr_line' id='line_1_2' title="bbox 2102 566 2205 625; baseline 0.068 -7"><span class='ocrx_word' id='word_1_2' title='bbox 2102 566 2205 625; x_wconf 70' lang='lat'><strong>331</strong></span> 
     </span>
    </p>
   </div>
   <div class='ocr_carea' id='block_1_3' title="bbox 232 40 4474 293">
    <p class='ocr_par' dir='ltr' id='par_1_3' title="bbox 232 40 4474 293">
     <span class='ocr_line' id='line_1_3' title="bbox 232 40 4474 293; baseline -0.002 1"><span class='ocrx_word' id='word_1_3' title='bbox 232 40 4474 293; x_wconf 49' lang='grc' dir='ltr'><strong>Μ</strong></span> 
     </span>
    </p>
   </div>
   <div class='ocr_carea' id='block_1_4' title="bbox 2570 563 4923 627">
    <p class='ocr_par' dir='ltr' id='par_1_4' title="bbox 2570 563 4923 627">
     <span class='ocr_line' id='line_1_4' title="bbox 2570 563 4923 627; baseline -0.002 -3"><span class='ocrx_word' id='word_1_4' title='bbox 2570 567 2630 624; x_wconf 88' lang='lat' dir='ltr'><strong>S.</strong></span> <span class='ocrx_word' id='word_1_5' title='bbox 2663 568 2867 627; x_wconf 70' lang='grc' dir='ltr'>ιιΕΤιιι</span> <span class='ocrx_word' id='word_1_6' title='bbox 2897 567 3178 624; x_wconf 80' lang='grc' dir='ltr'><strong>ΒΑΜΙΑΝΙ</strong></span> <span class='ocrx_word' id='word_1_7' title='bbox 3219 567 3368 623; x_wconf 80' lang='grc' dir='ltr'><strong>ΟΡΡ.</strong></span> <span class='ocrx_word' id='word_1_8' title='bbox 3404 563 3641 622; x_wconf 79' lang='lat' dir='ltr'><strong>TOML&#39;S</strong></span> <span class='ocrx_word' id='word_1_9' title='bbox 3674 563 3805 620; x_wconf 67' lang='lat' dir='ltr'><strong>SliU</strong></span> <span class='ocrx_word' id='word_1_10' title='bbox 3849 564 4045 622; x_wconf 76' lang='lat' dir='ltr'><strong>PARS.</strong></span> <span class='ocrx_word' id='word_1_11' title='bbox 4081 565 4164 622; x_wconf 75' lang='lat' dir='ltr'><strong>Ill.</strong></span> <span class='ocrx_word' id='word_1_12' title='bbox 4197 597 4267 609; x_wconf 91' lang='lat'><strong><em>—</em></strong></span> <span class='ocrx_word' id='word_1_13' title='bbox 4293 565 4655 623; x_wconf 73' lang='lat' dir='ltr'><strong>OPUSCL‘LA</strong></span> <span class='ocrx_word' id='word_1_14' title='bbox 4695 565 4923 621; x_wconf 67' lang='lat' dir='ltr'><strong>YARIA.</strong></span> 
     </span>
    </p>
   </div>
   <div class='ocr_carea' id='block_1_5' title="bbox 5248 571 5345 625">
    <p class='ocr_par' dir='ltr' id='par_1_5' title="bbox 5248 571 5345 625">
     <span class='ocr_line' id='line_1_5' title="bbox 5248 571 5345 625; baseline 0.01 -1"><span class='ocrx_word' id='word_1_15' title='bbox 5248 571 5345 625; x_wconf 70' lang='lat'><strong>353</strong></span> 
     </span>
    </p>
   </div>
   <div class='ocr_carea' id='block_1_6' title="bbox 2100 677 5342 756">
    <p class='ocr_par' dir='ltr' id='par_1_6' title="bbox 2100 677 5342 756">
     <span class='ocr_line' id='line_1_6' title="bbox 2100 677 5342 756; baseline -0.001 -16"><span class='ocrx_word' id='word_1_16' title='bbox 2100 687 2384 753; x_wconf 74' lang='lat' dir='ltr'><strong>atriusque</strong></span> <span class='ocrx_word' id='word_1_17' title='bbox 2405 685 2826 756; x_wconf 79' lang='lat' dir='ltr'><strong>quadragesima:</strong></span> <span class='ocrx_word' id='word_1_18' title='bbox 2855 683 3190 741; x_wconf 88' lang='lat' dir='ltr'><strong>coctionibus</strong></span> <span class='ocrx_word' id='word_1_19' title='bbox 3211 682 3501 743; x_wconf 90' lang='lat' dir='ltr'><strong>abstinere,</strong></span> <span class='ocrx_word' id='word_1_20' title='bbox 3537 677 3679 748; x_wconf 89' lang='lat' dir='ltr'><strong>quod</strong></span> <span class='ocrx_word' id='word_1_21' title='bbox 3707 684 3751 740; x_wconf 78' lang='grc' dir='ltr'><strong>Λ</strong></span> <span class='ocrx_word' id='word_1_22' title='bbox 3785 689 3887 733; x_wconf 89' lang='lat' dir='ltr'><strong>tur.</strong></span> <span class='ocrx_word' id='word_1_23' title='bbox 3937 680 4139 734; x_wconf 84' lang='lat' dir='ltr'><strong>Dantur</strong></span> <span class='ocrx_word' id='word_1_24' title='bbox 4168 689 4347 736; x_wconf 87' lang='lat' dir='ltr'><strong>autem</strong></span> <span class='ocrx_word' id='word_1_25' title='bbox 4399 693 4462 734; x_wconf 73' lang='lat' dir='ltr'><strong>ex</strong></span> <span class='ocrx_word' id='word_1_26' title='bbox 4516 692 4665 734; x_wconf 91' lang='lat' dir='ltr'><strong>more</strong></span> <span class='ocrx_word' id='word_1_27' title='bbox 4707 679 4806 733; x_wconf 90' lang='lat' dir='ltr'><strong>tria</strong></span> <span class='ocrx_word' id='word_1_28' title='bbox 4850 679 5015 734; x_wconf 78' lang='lat' dir='ltr'><strong>millia</strong></span> <span class='ocrx_word' id='word_1_29' title='bbox 5066 695 5342 749; x_wconf 82' lang='lat' dir='ltr'><strong>secparum</strong></span> 
     </span>
    </p>
   </div>
   <div class='ocr_carea' id='block_1_7' title="bbox 2105 770 3670 844">
    <p class='ocr_par' dir='ltr' id='par_1_7' title="bbox 2105 770 3670 844">
     <span class='ocr_line' id='line_1_7' title="bbox 2105 770 3670 844; baseline -0.007 -14"><span class='ocrx_word' id='word_1_30' title='bbox 2105 793 2204 833; x_wconf 90' lang='lat' dir='ltr'><strong>nos</strong></span> <span class='ocrx_word' id='word_1_31' title='bbox 2227 777 2294 831; x_wconf 89' lang='lat' dir='ltr'><strong>ob</strong></span> <span class='ocrx_word' id='word_1_32' title='bbox 2322 777 2672 831; x_wconf 73' lang='lat' dir='ltr'><strong>reverentiam</strong></span> <span class='ocrx_word' id='word_1_33' title='bbox 2701 791 2866 830; x_wconf 62' lang='lat' dir='ltr'><strong>sacra!</strong></span> <span class='ocrx_word' id='word_1_34' title='bbox 2893 775 2997 830; x_wconf 89' lang='lat' dir='ltr'><strong>diei</strong></span> <span class='ocrx_word' id='word_1_35' title='bbox 3031 775 3316 844; x_wconf 90' lang='lat' dir='ltr'><strong>prohibere</strong></span> <span class='ocrx_word' id='word_1_36' title='bbox 3345 770 3670 826; x_wconf 83' lang='lat' dir='ltr'><strong>curavimus.</strong></span> 
     </span>
    </p>
   </div>
   <div class='ocr_carea' id='block_1_8' title="bbox 2104 854 3673 933">
    <p class='ocr_par' dir='ltr' id='par_1_8' title="bbox 2104 854 3673 933">
     <span class='ocr_line' id='line_1_8' title="bbox 2104 854 3673 933; baseline -0.008 -14"><span class='ocrx_word' id='word_1_37' title='bbox 2104 866 2308 919; x_wconf 84' lang='lat' dir='ltr'><strong>Famuli</strong></span> <span class='ocrx_word' id='word_1_38' title='bbox 2361 875 2559 929; x_wconf 80' lang='lat' dir='ltr'><strong>autent,</strong></span> <span class='ocrx_word' id='word_1_39' title='bbox 2609 865 2698 933; x_wconf 87' lang='lat' dir='ltr'><strong>qui</strong></span> <span class='ocrx_word' id='word_1_40' title='bbox 2727 867 3005 918; x_wconf 91' lang='lat' dir='ltr'><strong>nobiscum</strong></span> <span class='ocrx_word' id='word_1_41' title='bbox 3032 872 3174 926; x_wconf 90' lang='lat' dir='ltr'><strong>sunt,</strong></span> <span class='ocrx_word' id='word_1_42' title='bbox 3212 877 3307 932; x_wconf 88' lang='lat' dir='ltr'><strong>per</strong></span> <span class='ocrx_word' id='word_1_43' title='bbox 3354 860 3519 914; x_wconf 83' lang='lat' dir='ltr'><strong>totius</strong></span> <span class='ocrx_word' id='word_1_44' title='bbox 3548 854 3673 911; x_wconf 87' lang='lat' dir='ltr'><strong>anni</strong></span> 
     </span>
    </p>
   </div>
   <div class='ocr_carea' id='block_1_9' title="bbox 2103 953 3673 1024">
    <p class='ocr_par' dir='ltr' id='par_1_9' title="bbox 2103 953 3673 1024">
     <span class='ocr_line' id='line_1_9' title="bbox 2103 953 3673 1024; baseline -0.006 -14"><span class='ocrx_word' id='word_1_45' title='bbox 2103 958 2362 1011; x_wconf 75' lang='lat' dir='ltr'><strong>circulum</strong></span> <span class='ocrx_word' id='word_1_46' title='bbox 2395 957 2566 1011; x_wconf 89' lang='lat' dir='ltr'><strong>tribus</strong></span> <span class='ocrx_word' id='word_1_47' title='bbox 2591 971 2687 1024; x_wconf 90' lang='lat' dir='ltr'><strong>per</strong></span> <span class='ocrx_word' id='word_1_48' title='bbox 2734 956 3127 1009; x_wconf 76' lang='lat' dir='ltr'><strong>hebdomadam</strong></span> <span class='ocrx_word' id='word_1_49' title='bbox 3162 953 3347 1006; x_wconf 88' lang='lat' dir='ltr'><strong>diebus</strong></span> <span class='ocrx_word' id='word_1_50' title='bbox 3382 959 3565 1005; x_wconf 87' lang='lat' dir='ltr'><strong>tenent</strong></span> <span class='ocrx_word' id='word_1_51' title='bbox 3607 963 3673 1001; x_wconf 81' lang='lat' dir='ltr'><strong>ex</strong></span> 
     </span>
    </p>
   </div>
   <div class='ocr_carea' id='block_1_10' title="bbox 2107 1039 3674 1115">
    <p class='ocr_par' dir='ltr' id='par_1_10' title="bbox 2107 1039 3674 1115">
     <span class='ocr_line' id='line_1_10' title="bbox 2107 1039 3674 1115; baseline -0.004 -16"><span class='ocrx_word' id='word_1_52' title='bbox 2107 1061 2254 1099; x_wconf 89' lang='lat' dir='ltr'><strong>more</strong></span> <span class='ocrx_word' id='word_1_53' title='bbox 2277 1045 2556 1115; x_wconf 81' lang='lat' dir='ltr'><strong>jejunium.</strong></span> <span class='ocrx_word' id='word_1_54' title='bbox 2586 1045 2640 1100; x_wconf 87' lang='lat' dir='ltr'><strong>In</strong></span> <span class='ocrx_word' id='word_1_55' title='bbox 2673 1045 2778 1098; x_wconf 90' lang='lat' dir='ltr'><strong>illis</strong></span> <span class='ocrx_word' id='word_1_56' title='bbox 2817 1056 2996 1098; x_wconf 89' lang='lat' dir='ltr'><strong>autem</strong></span> <span class='ocrx_word' id='word_1_57' title='bbox 3019 1044 3222 1099; x_wconf 91' lang='lat' dir='ltr'><strong>duabus</strong></span> <span class='ocrx_word' id='word_1_58' title='bbox 3250 1039 3674 1110; x_wconf 64' lang='lat' dir='ltr'><strong>quadragesimis</strong></span> 
     </span>
    </p>
   </div>
   <div class='ocr_carea' id='block_1_11' title="bbox 2103 1127 3672 1202">
    <p class='ocr_par' dir='ltr' id='par_1_11' title="bbox 2103 1127 3672 1202">
     <span class='ocr_line' id='line_1_11' title="bbox 2103 1127 3672 1202; baseline -0.004 -17"><span class='ocrx_word' id='word_1_59' title='bbox 2103 1144 2334 1202; x_wconf 75' lang='lat' dir='ltr'><strong>quatuor</strong></span> <span class='ocrx_word' id='word_1_60' title='bbox 2378 1135 2491 1189; x_wconf 88' lang='lat' dir='ltr'><strong>dies</strong></span> <span class='ocrx_word' id='word_1_61' title='bbox 2520 1134 2899 1188; x_wconf 84' lang='lat' dir='ltr'><strong>convenienter</strong></span> <span class='ocrx_word' id='word_1_62' title='bbox 2923 1133 3231 1194; x_wconf 72' lang='lat' dir='ltr'><strong>observant,</strong></span> <span class='ocrx_word' id='word_1_63' title='bbox 3285 1130 3525 1198; x_wconf 74' lang='lat' dir='ltr'><strong>exceptis</strong></span> <span class='ocrx_word' id='word_1_64' title='bbox 3569 1127 3672 1191; x_wconf 88' lang='lat' dir='ltr'><strong>his,</strong></span> 
     </span>
    </p>
   </div>
   <div class='ocr_carea' id='block_1_12' title="bbox 2104 1220 3671 1292">
    <p class='ocr_par' dir='ltr' id='par_1_12' title="bbox 2104 1220 3671 1292">
     <span class='ocr_line' id='line_1_12' title="bbox 2104 1220 3671 1292; baseline -0.005 -16"><span class='ocrx_word' id='word_1_65' title='bbox 2104 1222 2197 1292; x_wconf 89' lang='lat' dir='ltr'><strong>qui</strong></span> <span class='ocrx_word' id='word_1_66' title='bbox 2233 1224 2282 1276; x_wconf 92' lang='lat' dir='ltr'><strong>in</strong></span> <span class='ocrx_word' id='word_1_67' title='bbox 2309 1223 2391 1276; x_wconf 90' lang='lat' dir='ltr'><strong>via</strong></span> <span class='ocrx_word' id='word_1_68' title='bbox 2419 1222 2629 1292; x_wconf 81' lang='lat' dir='ltr'><strong>longius</strong></span> <span class='ocrx_word' id='word_1_69' title='bbox 2656 1222 2972 1290; x_wconf 82' lang='lat' dir='ltr'><strong>diriguntur.</strong></span> <span class='ocrx_word' id='word_1_70' title='bbox 3020 1220 3060 1274; x_wconf 82' lang='grc' dir='ltr'>Α</span> <span class='ocrx_word' id='word_1_71' title='bbox 3090 1220 3212 1273; x_wconf 91' lang='lat' dir='ltr'><strong>vino</strong></span> <span class='ocrx_word' id='word_1_72' title='bbox 3237 1227 3440 1282; x_wconf 84' lang='lat' dir='ltr'><strong>autem,</strong></span> <span class='ocrx_word' id='word_1_73' title='bbox 3483 1226 3541 1269; x_wconf 93' lang='lat' dir='ltr'><strong>ut</strong></span> <span class='ocrx_word' id='word_1_74' title='bbox 3574 1230 3671 1268; x_wconf 81' lang='lat' dir='ltr'><strong>no-</strong></span> 
     </span>
    </p>
   </div>
   <div class='ocr_carea' id='block_1_13' title="bbox 2104 1309 3673 1382">
    <p class='ocr_par' dir='ltr' id='par_1_13' title="bbox 2104 1309 3673 1382">
     <span class='ocr_line' id='line_1_13' title="bbox 2104 1309 3673 1382; baseline -0.006 -14"><span class='ocrx_word' id='word_1_75' title='bbox 2104 1314 2226 1378; x_wconf 82' lang='lat' dir='ltr'><strong>stis,</strong></span> <span class='ocrx_word' id='word_1_76' title='bbox 2258 1313 2529 1382; x_wconf 90' lang='lat' dir='ltr'><strong>aliquanto</strong></span> <span class='ocrx_word' id='word_1_77' title='bbox 2579 1321 2816 1381; x_wconf 86' lang='lat' dir='ltr'><strong>tempore</strong></span> <span class='ocrx_word' id='word_1_78' title='bbox 2863 1311 3256 1373; x_wconf 88' lang='lat' dir='ltr'><strong>continuimus;</strong></span> <span class='ocrx_word' id='word_1_79' title='bbox 3299 1309 3372 1362; x_wconf 90' lang='lat' dir='ltr'><strong>ita</strong></span> <span class='ocrx_word' id='word_1_80' title='bbox 3414 1317 3473 1361; x_wconf 90' lang='lat' dir='ltr'><strong>ut</strong></span> <span class='ocrx_word' id='word_1_81' title='bbox 3501 1319 3673 1374; x_wconf 89' lang='lat' dir='ltr'><strong>neque</strong></span> 
     </span>
    </p>
   </div>
   <div class='ocr_carea' id='block_1_14' title="bbox 2103 1393 3671 1472">
    <p class='ocr_par' dir='ltr' id='par_1_14' title="bbox 2103 1393 3671 1472">
     <span class='ocr_line' id='line_1_14' title="bbox 2103 1393 3671 1472; baseline -0.005 -18"><span class='ocrx_word' id='word_1_82' title='bbox 2103 1401 2249 1467; x_wconf 80' lang='lat' dir='ltr'><strong>laici,</strong></span> <span class='ocrx_word' id='word_1_83' title='bbox 2284 1417 2456 1472; x_wconf 89' lang='lat' dir='ltr'><strong>neque</strong></span> <span class='ocrx_word' id='word_1_84' title='bbox 2494 1402 2829 1456; x_wconf 77' lang='lat' dir='ltr'><strong>extrinsecus</strong></span> <span class='ocrx_word' id='word_1_85' title='bbox 2858 1403 3155 1463; x_wconf 86' lang='lat' dir='ltr'><strong>ven&#39;entes,</strong></span> <span class='ocrx_word' id='word_1_86' title='bbox 3186 1397 3269 1452; x_wconf 88' lang='lat' dir='ltr'><strong>vel</strong></span> <span class='ocrx_word' id='word_1_87' title='bbox 3295 1398 3457 1452; x_wconf 88' lang='lat' dir='ltr'><strong>etiam</strong></span> <span class='ocrx_word' id='word_1_88' title='bbox 3496 1397 3544 1448; x_wconf 92' lang='lat' dir='ltr'><strong>in</strong></span> <span class='ocrx_word' id='word_1_89' title='bbox 3573 1393 3671 1447; x_wconf 89' lang='lat' dir='ltr'><strong>Pa-</strong></span> 
     </span>
    </p>
   </div>
   <div class='ocr_carea' id='block_1_15' title="bbox 2103 1483 3670 1556">
    <p class='ocr_par' dir='ltr' id='par_1_15' title="bbox 2103 1483 3670 1556">
     <span class='ocr_line' id='line_1_15' title="bbox 2103 1483 3670 1556; baseline -0.005 -11"><span class='ocrx_word' id='word_1_90' title='bbox 2103 1491 2234 1545; x_wconf 89' lang='lat' dir='ltr'><strong>scha</strong></span> <span class='ocrx_word' id='word_1_91' title='bbox 2267 1489 2496 1550; x_wconf 90' lang='lat' dir='ltr'><strong>Domini,</strong></span> <span class='ocrx_word' id='word_1_92' title='bbox 2528 1487 2723 1555; x_wconf 87' lang='lat' dir='ltr'><strong>aliquid</strong></span> <span class='ocrx_word' id='word_1_93' title='bbox 2774 1487 2880 1550; x_wconf 84' lang='lat' dir='ltr'><strong>hic,</strong></span> <span class='ocrx_word' id='word_1_94' title='bbox 2923 1495 3116 1556; x_wconf 70' lang='lat' dir='ltr'><strong>prmter</strong></span> <span class='ocrx_word' id='word_1_95' title='bbox 3157 1499 3352 1553; x_wconf 88' lang='lat' dir='ltr'><strong>aquam</strong></span> <span class='ocrx_word' id='word_1_96' title='bbox 3382 1483 3626 1537; x_wconf 88' lang='lat' dir='ltr'><strong>biberent</strong></span> <span class='ocrx_word' id='word_1_97' title='bbox 3656 1497 3670 1537; x_wconf 88' lang='lat'><strong>:</strong></span> 
     </span>
    </p>
   </div>
   <div class='ocr_carea' id='block_1_16' title="bbox 2102 1569 3670 1647">
    <p class='ocr_par' dir='ltr' id='par_1_16' title="bbox 2102 1569 3670 1647">
     <span class='ocr_line' id='line_1_16' title="bbox 2102 1569 3670 1647; baseline -0.008 -15"><span class='ocrx_word' id='word_1_98' title='bbox 2102 1593 2276 1647; x_wconf 84' lang='lat' dir='ltr'><strong>neque</strong></span> <span class='ocrx_word' id='word_1_99' title='bbox 2308 1578 2483 1630; x_wconf 91' lang='lat' dir='ltr'><strong>vinum</strong></span> <span class='ocrx_word' id='word_1_100' title='bbox 2520 1575 2626 1640; x_wconf 92' lang='lat' dir='ltr'><strong>hic,</strong></span> <span class='ocrx_word' id='word_1_101' title='bbox 2660 1575 2759 1628; x_wconf 90' lang='lat' dir='ltr'><strong>nisi</strong></span> <span class='ocrx_word' id='word_1_102' title='bbox 2785 1590 2880 1643; x_wconf 90' lang='lat' dir='ltr'><strong>pro</strong></span> <span class='ocrx_word' id='word_1_103' title='bbox 2919 1573 3184 1627; x_wconf 84' lang='lat' dir='ltr'><strong>sacrificio</strong></span> <span class='ocrx_word' id='word_1_104' title='bbox 3218 1573 3522 1624; x_wconf 84' lang='lat' dir='ltr'><strong>haberetur.</strong></span> <span class='ocrx_word' id='word_1_105' title='bbox 3568 1569 3670 1622; x_wconf 85' lang='lat' dir='ltr'><strong>Sed</strong></span> 
     </span>
    </p>
   </div>
   <div class='ocr_carea' id='block_1_17' title="bbox 2100 1657 3672 1738">
    <p class='ocr_par' dir='ltr' id='par_1_17' title="bbox 2100 1657 3672 1738">
     <span class='ocr_line' id='line_1_17' title="bbox 2100 1657 3672 1738; baseline -0.008 -17"><span class='ocrx_word' id='word_1_106' title='bbox 2100 1668 2356 1738; x_wconf 89' lang='lat' dir='ltr'><strong>quoniam</strong></span> <span class='ocrx_word' id='word_1_107' title='bbox 2390 1674 2443 1720; x_wconf 87' lang='lat' dir='ltr'><strong>et</strong></span> <span class='ocrx_word' id='word_1_108' title='bbox 2483 1665 2570 1718; x_wconf 90' lang='lat' dir='ltr'><strong>hic</strong></span> <span class='ocrx_word' id='word_1_109' title='bbox 2602 1673 2876 1718; x_wconf 81' lang='lat' dir='ltr'><strong>manentes</strong></span> <span class='ocrx_word' id='word_1_110' title='bbox 2905 1672 3189 1730; x_wconf 69' lang='lat' dir='ltr'><strong>coeperunt</strong></span> <span class='ocrx_word' id='word_1_111' title='bbox 3226 1668 3548 1731; x_wconf 59' lang='lat' dir='ltr'><strong>aegrotantes</strong></span> <span class='ocrx_word' id='word_1_112' title='bbox 3576 1657 3672 1710; x_wconf 89' lang='lat' dir='ltr'><strong>dc-</strong></span> 
     </span>
    </p>
   </div>
   <div class='ocr_carea' id='block_1_18' title="bbox 2102 1750 3672 1826">
    <p class='ocr_par' dir='ltr' id='par_1_18' title="bbox 2102 1750 3672 1826">
     <span class='ocr_line' id='line_1_18' title="bbox 2102 1750 3672 1826; baseline -0.009 -12"><span class='ocrx_word' id='word_1_113' title='bbox 2102 1763 2280 1823; x_wconf 86' lang='lat' dir='ltr'><strong>liccre,</strong></span> <span class='ocrx_word' id='word_1_114' title='bbox 2307 1768 2362 1812; x_wconf 89' lang='lat' dir='ltr'><strong>et</strong></span> <span class='ocrx_word' id='word_1_115' title='bbox 2383 1758 2595 1826; x_wconf 89' lang='lat' dir='ltr'><strong>quidam</strong></span> <span class='ocrx_word' id='word_1_116' title='bbox 2623 1757 2689 1809; x_wconf 89' lang='lat' dir='ltr'><strong>ad</strong></span> <span class='ocrx_word' id='word_1_117' title='bbox 2715 1770 2954 1810; x_wconf 87' lang='lat' dir='ltr'><strong>ercmum</strong></span> <span class='ocrx_word' id='word_1_118' title='bbox 2984 1755 3216 1810; x_wconf 83' lang='lat' dir='ltr'><strong>transire</strong></span> <span class='ocrx_word' id='word_1_119' title='bbox 3241 1754 3535 1823; x_wconf 89' lang='lat' dir='ltr'><strong>cupientes,</strong></span> <span class='ocrx_word' id='word_1_120' title='bbox 3577 1750 3672 1802; x_wconf 86' lang='lat' dir='ltr'><strong>hu-</strong></span> 
     </span>
    </p>
   </div>
   <div class='ocr_carea' id='block_1_19' title="bbox 2093 1843 3674 1919">
    <p class='ocr_par' dir='ltr' id='par_1_19' title="bbox 2093 1843 3674 1919">
     <span class='ocr_line' id='line_1_19' title="bbox 2093 1843 3674 1919; baseline -0.008 -15"><span class='ocrx_word' id='word_1_121' title='bbox 2093 1851 2183 1918; x_wconf 89' lang='lat' dir='ltr'><strong>jus</strong></span> <span class='ocrx_word' id='word_1_122' title='bbox 2211 1849 2407 1919; x_wconf 87' lang='lat' dir='ltr'><strong>rigoris</strong></span> <span class='ocrx_word' id='word_1_123' title='bbox 2439 1845 2832 1902; x_wconf 75' lang='lat' dir='ltr'><strong>observantiam</strong></span> <span class='ocrx_word' id='word_1_124' title='bbox 2864 1845 3074 1914; x_wconf 90' lang='lat' dir='ltr'><strong>penitus</strong></span> <span class='ocrx_word' id='word_1_125' title='bbox 3101 1844 3422 1906; x_wconf 82' lang='lat' dir='ltr'><strong>abhorrere;</strong></span> <span class='ocrx_word' id='word_1_126' title='bbox 3480 1843 3674 1893; x_wconf 85' lang='lat' dir='ltr'><strong>frater-</strong></span> 
     </span>
    </p>
   </div>
   <div class='ocr_carea' id='block_1_20' title="bbox 2096 1929 3669 2008">
    <p class='ocr_par' dir='ltr' id='par_1_20' title="bbox 2096 1929 3669 2008">
     <span class='ocr_line' id='line_1_20' title="bbox 2096 1929 3669 2008; baseline -0.007 -16"><span class='ocrx_word' id='word_1_127' title='bbox 2096 1955 2200 2002; x_wconf 67' lang='lat' dir='ltr'><strong>nae,</strong></span> <span class='ocrx_word' id='word_1_128' title='bbox 2224 1935 2388 2008; x_wconf 57' lang='lat'><strong>325.</strong></span> <span class='ocrx_word' id='word_1_129' title='bbox 2421 1937 2556 2001; x_wconf 90' lang='lat' dir='ltr'><strong>sive,</strong></span> <span class='ocrx_word' id='word_1_130' title='bbox 2587 1944 2644 1988; x_wconf 91' lang='lat' dir='ltr'><strong>ut</strong></span> <span class='ocrx_word' id='word_1_131' title='bbox 2679 1934 2856 1988; x_wconf 90' lang='lat' dir='ltr'><strong>verius</strong></span> <span class='ocrx_word' id='word_1_132' title='bbox 2897 1934 3092 1996; x_wconf 89' lang='lat' dir='ltr'><strong>dicam,</strong></span> <span class='ocrx_word' id='word_1_133' title='bbox 3120 1932 3391 1987; x_wconf 91' lang='lat' dir='ltr'><strong>communi</strong></span> <span class='ocrx_word' id='word_1_134' title='bbox 3429 1929 3669 1984; x_wconf 85' lang='lat' dir='ltr'><strong>imbecil-</strong></span> 
     </span>
    </p>
   </div>
   <div class='ocr_carea' id='block_1_21' title="bbox 3779 770 5342 842">
    <p class='ocr_par' dir='ltr' id='par_1_21' title="bbox 3779 770 5342 842">
     <span class='ocr_line' id='line_1_21' title="bbox 3779 770 5342 842; baseline 0.003 -22"><span class='ocrx_word' id='word_1_135' title='bbox 3779 783 3874 836; x_wconf 79' lang='lat' dir='ltr'><strong>pro</strong></span> <span class='ocrx_word' id='word_1_136' title='bbox 3905 771 4061 824; x_wconf 89' lang='lat' dir='ltr'><strong>unius</strong></span> <span class='ocrx_word' id='word_1_137' title='bbox 4102 771 4228 824; x_wconf 87' lang='lat' dir='ltr'><strong>anni</strong></span> <span class='ocrx_word' id='word_1_138' title='bbox 4270 770 4615 839; x_wconf 64' lang='lat' dir='ltr'><strong>paenitentia,</strong></span> <span class='ocrx_word' id='word_1_139' title='bbox 4675 770 4787 823; x_wconf 83' lang='lat' dir='ltr'><strong>sive</strong></span> <span class='ocrx_word' id='word_1_140' title='bbox 4833 770 5014 840; x_wconf 76' lang='lat' dir='ltr'><strong>viginti</strong></span> <span class='ocrx_word' id='word_1_141' title='bbox 5063 771 5342 842; x_wconf 80' lang='lat' dir='ltr'><strong>psalteria,</strong></span> 
     </span>
    </p>
   </div>
   <div class='ocr_carea' id='block_1_22' title="bbox 3778 860 4577 929">
    <p class='ocr_par' dir='ltr' id='par_1_22' title="bbox 3778 860 4577 929">
     <span class='ocr_line' id='line_1_22' title="bbox 3778 860 4577 929; baseline 0 -17"><span class='ocrx_word' id='word_1_142' title='bbox 3778 870 3869 912; x_wconf 90' lang='lat' dir='ltr'><strong>aut</strong></span> <span class='ocrx_word' id='word_1_143' title='bbox 3898 860 4080 927; x_wconf 79' lang='lat' dir='ltr'><strong>viginti</strong></span> <span class='ocrx_word' id='word_1_144' title='bbox 4113 860 4350 929; x_wconf 89' lang='lat' dir='ltr'><strong>quinque</strong></span> <span class='ocrx_word' id='word_1_145' title='bbox 4381 861 4577 914; x_wconf 52' lang='lat' dir='ltr'><strong>missae.</strong></span> 
     </span>
    </p>
   </div>
   <div class='ocr_carea' id='block_1_23' title="bbox 3847 949 5344 1018">
    <p class='ocr_par' dir='ltr' id='par_1_23' title="bbox 3847 949 5344 1018">
     <span class='ocr_line' id='line_1_23' title="bbox 3847 949 5344 1018; baseline 0.005 -15"><span class='ocrx_word' id='word_1_146' title='bbox 3847 951 3918 1004; x_wconf 87' lang='lat' dir='ltr'><strong>De</strong></span> <span class='ocrx_word' id='word_1_147' title='bbox 3959 949 4256 1018; x_wconf 88' lang='lat' dir='ltr'><strong>psalmodia</strong></span> <span class='ocrx_word' id='word_1_148' title='bbox 4295 967 4420 1005; x_wconf 88' lang='lat' dir='ltr'><strong>vero</strong></span> <span class='ocrx_word' id='word_1_149' title='bbox 4453 952 4786 1006; x_wconf 89' lang='lat' dir='ltr'><strong>consuetudo</strong></span> <span class='ocrx_word' id='word_1_150' title='bbox 4822 960 4937 1016; x_wconf 90' lang='lat' dir='ltr'><strong>est,</strong></span> <span class='ocrx_word' id='word_1_151' title='bbox 4968 962 5028 1008; x_wconf 91' lang='lat' dir='ltr'><strong>ut</strong></span> <span class='ocrx_word' id='word_1_152' title='bbox 5073 969 5193 1008; x_wconf 90' lang='lat' dir='ltr'><strong>cum</strong></span> <span class='ocrx_word' id='word_1_153' title='bbox 5243 955 5344 1010; x_wconf 90' lang='lat' dir='ltr'><strong>duo</strong></span> 
     </span>
    </p>
   </div>
   <div class='ocr_carea' id='block_1_24' title="bbox 3777 1041 5343 1114">
    <p class='ocr_par' dir='ltr' id='par_1_24' title="bbox 3777 1041 5343 1114">
     <span class='ocr_line' id='line_1_24' title="bbox 3777 1041 5343 1114; baseline 0.003 -20"><span class='ocrx_word' id='word_1_154' title='bbox 3777 1042 3968 1094; x_wconf 75' lang='lat' dir='ltr'><strong>fratres</strong></span> <span class='ocrx_word' id='word_1_155' title='bbox 3993 1042 4151 1095; x_wconf 90' lang='lat' dir='ltr'><strong>simul</strong></span> <span class='ocrx_word' id='word_1_156' title='bbox 4185 1051 4586 1100; x_wconf 81' lang='lat' dir='ltr'><strong>commorantur</strong></span> <span class='ocrx_word' id='word_1_157' title='bbox 4616 1041 4668 1096; x_wconf 90' lang='lat' dir='ltr'><strong>in</strong></span> <span class='ocrx_word' id='word_1_158' title='bbox 4700 1043 4854 1106; x_wconf 89' lang='lat' dir='ltr'><strong>cella,</strong></span> <span class='ocrx_word' id='word_1_159' title='bbox 4891 1043 4995 1098; x_wconf 92' lang='lat' dir='ltr'><strong>duo</strong></span> <span class='ocrx_word' id='word_1_160' title='bbox 5043 1045 5343 1114; x_wconf 88' lang='lat' dir='ltr'><strong>persolvant</strong></span> 
     </span>
    </p>
   </div>
   <div class='ocr_carea' id='block_1_25' title="bbox 3777 1129 5344 1202">
    <p class='ocr_par' dir='ltr' id='par_1_25' title="bbox 3777 1129 5344 1202">
     <span class='ocr_line' id='line_1_25' title="bbox 3777 1129 5344 1202; baseline 0.004 -21"><span class='ocrx_word' id='word_1_161' title='bbox 3777 1129 3826 1181; x_wconf 64' lang='lat' dir='ltr'><strong>in</strong></span> <span class='ocrx_word' id='word_1_162' title='bbox 3855 1129 3941 1181; x_wconf 91' lang='lat' dir='ltr'><strong>die</strong></span> <span class='ocrx_word' id='word_1_163' title='bbox 3971 1129 4245 1197; x_wconf 83' lang='lat' dir='ltr'><strong>psalteria,</strong></span> <span class='ocrx_word' id='word_1_164' title='bbox 4278 1146 4439 1184; x_wconf 91' lang='lat' dir='ltr'><strong>unum</strong></span> <span class='ocrx_word' id='word_1_165' title='bbox 4474 1145 4570 1200; x_wconf 90' lang='lat' dir='ltr'><strong>pro</strong></span> <span class='ocrx_word' id='word_1_166' title='bbox 4597 1131 4749 1191; x_wconf 76' lang='lat' dir='ltr'><strong>vivis,</strong></span> <span class='ocrx_word' id='word_1_167' title='bbox 4782 1132 5008 1186; x_wconf 90' lang='lat' dir='ltr'><strong>alterum</strong></span> <span class='ocrx_word' id='word_1_168' title='bbox 5031 1149 5129 1202; x_wconf 90' lang='lat' dir='ltr'><strong>pro</strong></span> <span class='ocrx_word' id='word_1_169' title='bbox 5159 1134 5344 1188; x_wconf 80' lang='lat' dir='ltr'><strong>defun-</strong></span> 
     </span>
    </p>
   </div>
   <div class='ocr_carea' id='block_1_26' title="bbox 3773 1220 5344 1291">
    <p class='ocr_par' dir='ltr' id='par_1_26' title="bbox 3773 1220 5344 1291">
     <span class='ocr_line' id='line_1_26' title="bbox 3773 1220 5344 1291; baseline 0.004 -19"><span class='ocrx_word' id='word_1_170' title='bbox 3773 1221 3895 1272; x_wconf 81' lang='lat' dir='ltr'><strong>etis.</strong></span> <span class='ocrx_word' id='word_1_171' title='bbox 3932 1220 3995 1274; x_wconf 84' lang='lat' dir='ltr'><strong>Et</strong></span> <span class='ocrx_word' id='word_1_172' title='bbox 4026 1221 4151 1274; x_wconf 92' lang='lat' dir='ltr'><strong>illud</strong></span> <span class='ocrx_word' id='word_1_173' title='bbox 4180 1222 4426 1290; x_wconf 85' lang='lat' dir='ltr'><strong>quidem,</strong></span> <span class='ocrx_word' id='word_1_174' title='bbox 4460 1222 4601 1291; x_wconf 89' lang='lat' dir='ltr'><strong>quod</strong></span> <span class='ocrx_word' id='word_1_175' title='bbox 4647 1231 4730 1277; x_wconf 87' lang='lat' dir='ltr'><strong>est</strong></span> <span class='ocrx_word' id='word_1_176' title='bbox 4760 1223 5042 1288; x_wconf 90' lang='lat' dir='ltr'><strong>vivorum,</strong></span> <span class='ocrx_word' id='word_1_177' title='bbox 5092 1240 5210 1278; x_wconf 92' lang='lat' dir='ltr'><strong>cum</strong></span> <span class='ocrx_word' id='word_1_178' title='bbox 5244 1224 5344 1278; x_wconf 90' lang='lat' dir='ltr'><strong>illis</strong></span> 
     </span>
    </p>
   </div>
   <div class='ocr_carea' id='block_1_27' title="bbox 3773 1311 5341 1384">
    <p class='ocr_par' dir='ltr' id='par_1_27' title="bbox 3773 1311 5341 1384">
     <span class='ocr_line' id='line_1_27' title="bbox 3773 1311 5341 1384; baseline 0.005 -24"><span class='ocrx_word' id='word_1_179' title='bbox 3773 1311 3968 1362; x_wconf 83' lang='lat' dir='ltr'><strong>dicitur</strong></span> <span class='ocrx_word' id='word_1_180' title='bbox 4010 1311 4408 1374; x_wconf 87' lang='lat' dir='ltr'><strong>additamentis,</strong></span> <span class='ocrx_word' id='word_1_181' title='bbox 4440 1327 4559 1380; x_wconf 77' lang='lat' dir='ltr'><strong>qua:</strong></span> <span class='ocrx_word' id='word_1_182' title='bbox 4605 1311 4794 1366; x_wconf 88' lang='lat' dir='ltr'><strong>beatus</strong></span> <span class='ocrx_word' id='word_1_183' title='bbox 4825 1311 5154 1368; x_wconf 81' lang='lat' dir='ltr'><strong>Romualdus</strong></span> <span class='ocrx_word' id='word_1_184' title='bbox 5179 1329 5341 1384; x_wconf 55' lang='lat' dir='ltr'><strong>appoo</strong></span> 
     </span>
    </p>
   </div>
   <div class='ocr_carea' id='block_1_28' title="bbox 3774 1399 5342 1470">
    <p class='ocr_par' dir='ltr' id='par_1_28' title="bbox 3774 1399 5342 1470">
     <span class='ocr_line' id='line_1_28' title="bbox 3774 1399 5342 1470; baseline 0.004 -20"><span class='ocrx_word' id='word_1_185' title='bbox 3774 1399 3874 1451; x_wconf 86' lang='lat' dir='ltr'><strong>suit</strong></span> <span class='ocrx_word' id='word_1_186' title='bbox 3897 1416 3909 1461; x_wconf 85' lang='lat'><strong>;</strong></span> <span class='ocrx_word' id='word_1_187' title='bbox 3945 1401 4082 1468; x_wconf 91' lang='lat' dir='ltr'><strong>quod</strong></span> <span class='ocrx_word' id='word_1_188' title='bbox 4107 1416 4232 1453; x_wconf 93' lang='lat' dir='ltr'><strong>vero</strong></span> <span class='ocrx_word' id='word_1_189' title='bbox 4260 1416 4357 1470; x_wconf 93' lang='lat' dir='ltr'><strong>pro</strong></span> <span class='ocrx_word' id='word_1_190' title='bbox 4379 1401 4643 1455; x_wconf 81' lang='lat' dir='ltr'><strong>defunctis</strong></span> <span class='ocrx_word' id='word_1_191' title='bbox 4667 1416 4786 1454; x_wconf 83' lang='lat' dir='ltr'><strong>cum</strong></span> <span class='ocrx_word' id='word_1_192' title='bbox 4816 1416 5003 1457; x_wconf 90' lang='lat' dir='ltr'><strong>novem</strong></span> <span class='ocrx_word' id='word_1_193' title='bbox 5027 1402 5342 1458; x_wconf 79' lang='lat' dir='ltr'><strong>lectionibus</strong></span> 
     </span>
    </p>
   </div>
   <div class='ocr_carea' id='block_1_29' title="bbox 3774 1487 5337 1559">
    <p class='ocr_par' dir='ltr' id='par_1_29' title="bbox 3774 1487 5337 1559">
     <span class='ocr_line' id='line_1_29' title="bbox 3774 1487 5337 1559; baseline 0.003 -20"><span class='ocrx_word' id='word_1_194' title='bbox 3774 1487 3990 1550; x_wconf 78' lang='lat' dir='ltr'><strong>dicitur,</strong></span> <span class='ocrx_word' id='word_1_195' title='bbox 4038 1488 4209 1541; x_wconf 87' lang='lat' dir='ltr'><strong>tribus</strong></span> <span class='ocrx_word' id='word_1_196' title='bbox 4251 1488 4504 1541; x_wconf 87' lang='lat' dir='ltr'><strong>nimirum</strong></span> <span class='ocrx_word' id='word_1_197' title='bbox 4535 1501 4629 1557; x_wconf 85' lang='lat' dir='ltr'><strong>per</strong></span> <span class='ocrx_word' id='word_1_198' title='bbox 4657 1488 5064 1559; x_wconf 82' lang='lat' dir='ltr'><strong>quinquagenos</strong></span> <span class='ocrx_word' id='word_1_199' title='bbox 5089 1490 5337 1559; x_wconf 76' lang='lat' dir='ltr'><strong>psalmos.</strong></span> 
     </span>
    </p>
   </div>
   <div class='ocr_carea' id='block_1_30' title="bbox 3774 1576 5342 1648">
    <p class='ocr_par' dir='ltr' id='par_1_30' title="bbox 3774 1576 5342 1648">
     <span class='ocr_line' id='line_1_30' title="bbox 3774 1576 5342 1648; baseline 0.002 -19"><span class='ocrx_word' id='word_1_200' title='bbox 3774 1577 3874 1643; x_wconf 88' lang='lat' dir='ltr'><strong>Qui</strong></span> <span class='ocrx_word' id='word_1_201' title='bbox 3909 1587 4085 1632; x_wconf 89' lang='lat' dir='ltr'><strong>autem</strong></span> <span class='ocrx_word' id='word_1_202' title='bbox 4115 1576 4262 1632; x_wconf 84' lang='lat' dir='ltr'><strong>solus</strong></span> <span class='ocrx_word' id='word_1_203' title='bbox 4285 1586 4550 1643; x_wconf 89' lang='lat' dir='ltr'><strong>moratur,</strong></span> <span class='ocrx_word' id='word_1_204' title='bbox 4591 1577 4911 1632; x_wconf 84' lang='lat' dir='ltr'><strong>Psalterium</strong></span> <span class='ocrx_word' id='word_1_205' title='bbox 4954 1579 5168 1648; x_wconf 86' lang='lat' dir='ltr'><strong>quidem</strong></span> <span class='ocrx_word' id='word_1_206' title='bbox 5199 1584 5342 1633; x_wconf 80' lang='lat' dir='ltr'><strong>vivo-</strong></span> 
     </span>
    </p>
   </div>
   <div class='ocr_carea' id='block_1_31' title="bbox 3773 1665 5339 1737">
    <p class='ocr_par' dir='ltr' id='par_1_31' title="bbox 3773 1665 5339 1737">
     <span class='ocr_line' id='line_1_31' title="bbox 3773 1665 5339 1737; baseline 0.004 -19"><span class='ocrx_word' id='word_1_207' title='bbox 3773 1681 3890 1720; x_wconf 89' lang='lat' dir='ltr'><strong>rum</strong></span> <span class='ocrx_word' id='word_1_208' title='bbox 3917 1675 4084 1721; x_wconf 90' lang='lat' dir='ltr'><strong>totum</strong></span> <span class='ocrx_word' id='word_1_209' title='bbox 4107 1681 4203 1735; x_wconf 92' lang='lat' dir='ltr'><strong>per</strong></span> <span class='ocrx_word' id='word_1_210' title='bbox 4232 1665 4470 1737; x_wconf 85' lang='lat' dir='ltr'><strong>singulos</strong></span> <span class='ocrx_word' id='word_1_211' title='bbox 4499 1668 4614 1720; x_wconf 87' lang='lat' dir='ltr'><strong>dies</strong></span> <span class='ocrx_word' id='word_1_212' title='bbox 4640 1667 4896 1736; x_wconf 84' lang='lat' dir='ltr'><strong>adimplet</strong></span> <span class='ocrx_word' id='word_1_213' title='bbox 4925 1685 4937 1720; x_wconf 88' lang='lat'><strong>:</strong></span> <span class='ocrx_word' id='word_1_214' title='bbox 4970 1668 5339 1724; x_wconf 79' lang='lat' dir='ltr'><strong>defunctorum</strong></span> 
     </span>
    </p>
   </div>
   <div class='ocr_carea' id='block_1_32' title="bbox 3773 1756 5339 1827">
    <p class='ocr_par' dir='ltr' id='par_1_32' title="bbox 3773 1756 5339 1827">
     <span class='ocr_line' id='line_1_32' title="bbox 3773 1756 5339 1827; baseline 0 -17"><span class='ocrx_word' id='word_1_215' title='bbox 3773 1766 3950 1810; x_wconf 91' lang='lat' dir='ltr'><strong>autem</strong></span> <span class='ocrx_word' id='word_1_216' title='bbox 3981 1758 4092 1811; x_wconf 91' lang='lat' dir='ltr'><strong>sive</strong></span> <span class='ocrx_word' id='word_1_217' title='bbox 4120 1756 4376 1820; x_wconf 90' lang='lat' dir='ltr'><strong>medium,</strong></span> <span class='ocrx_word' id='word_1_218' title='bbox 4407 1757 4518 1810; x_wconf 86' lang='lat' dir='ltr'><strong>sive</strong></span> <span class='ocrx_word' id='word_1_219' title='bbox 4549 1765 4756 1820; x_wconf 84' lang='lat' dir='ltr'><strong>totum,</strong></span> <span class='ocrx_word' id='word_1_220' title='bbox 4793 1756 4944 1825; x_wconf 74' lang='lat' dir='ltr'><strong>juxta</strong></span> <span class='ocrx_word' id='word_1_221' title='bbox 4977 1759 5118 1827; x_wconf 92' lang='lat' dir='ltr'><strong>quod</strong></span> <span class='ocrx_word' id='word_1_222' title='bbox 5149 1759 5339 1812; x_wconf 83' lang='lat' dir='ltr'><strong>virium</strong></span> 
     </span>
    </p>
   </div>
   <div class='ocr_carea' id='block_1_33' title="bbox 3773 1847 5340 1920">
    <p class='ocr_par' dir='ltr' id='par_1_33' title="bbox 3773 1847 5340 1920">
     <span class='ocr_line' id='line_1_33' title="bbox 3773 1847 5340 1920; baseline 0 -18"><span class='ocrx_word' id='word_1_223' title='bbox 3773 1848 4100 1918; x_wconf 84' lang='lat' dir='ltr'><strong>possibilitas</strong></span> <span class='ocrx_word' id='word_1_224' title='bbox 4129 1847 4492 1902; x_wconf 83' lang='lat' dir='ltr'><strong>administrat.</strong></span> <span class='ocrx_word' id='word_1_225' title='bbox 4529 1847 4796 1902; x_wconf 83' lang='lat' dir='ltr'><strong>Horarum</strong></span> <span class='ocrx_word' id='word_1_226' title='bbox 4839 1858 5016 1917; x_wconf 85' lang='lat' dir='ltr'><strong>autem</strong></span> <span class='ocrx_word' id='word_1_227' title='bbox 5047 1850 5340 1920; x_wconf 85' lang='lat' dir='ltr'><strong>psalmodia</strong></span> 
     </span>
    </p>
   </div>
   <div class='ocr_carea' id='block_1_34' title="bbox 3773 1937 5342 2009">
    <p class='ocr_par' dir='ltr' id='par_1_34' title="bbox 3773 1937 5342 2009">
     <span class='ocr_line' id='line_1_34' title="bbox 3773 1937 5342 2009; baseline 0 -16"><span class='ocrx_word' id='word_1_228' title='bbox 3773 1939 4035 1993; x_wconf 88' lang='lat' dir='ltr'><strong>canonica</strong></span> <span class='ocrx_word' id='word_1_229' title='bbox 4083 1939 4323 2001; x_wconf 91' lang='lat' dir='ltr'><strong>omnino,</strong></span> <span class='ocrx_word' id='word_1_230' title='bbox 4350 1938 4487 1991; x_wconf 90' lang='lat' dir='ltr'><strong>sicut</strong></span> <span class='ocrx_word' id='word_1_231' title='bbox 4532 1937 4586 1992; x_wconf 89' lang='lat' dir='ltr'><strong>in</strong></span> <span class='ocrx_word' id='word_1_232' title='bbox 4619 1939 4945 1994; x_wconf 90' lang='lat' dir='ltr'><strong>monasterio</strong></span> <span class='ocrx_word' id='word_1_233' title='bbox 4967 1979 4983 2004; x_wconf 94' lang='lat'><strong>,</strong></span> <span class='ocrx_word' id='word_1_234' title='bbox 5024 1939 5096 1994; x_wconf 82' lang='lat' dir='ltr'><strong>ita</strong></span> <span class='ocrx_word' id='word_1_235' title='bbox 5135 1939 5221 1994; x_wconf 88' lang='lat' dir='ltr'><strong>hic</strong></span> <span class='ocrx_word' id='word_1_236' title='bbox 5250 1955 5342 2009; x_wconf 87' lang='lat' dir='ltr'><strong>per</strong></span> 
     </span>
    </p>
   </div>
   <div class='ocr_carea' id='block_1_35' title="bbox 2097 2021 4911 2098">
    <p class='ocr_par' dir='ltr' id='par_1_35' title="bbox 2097 2021 4911 2098">
     <span class='ocr_line' id='line_1_35' title="bbox 2097 2021 4911 2098; baseline -0.003 -17"><span class='ocrx_word' id='word_1_237' title='bbox 2097 2028 2237 2082; x_wconf 83' lang='lat' dir='ltr'><strong>litati</strong></span> <span class='ocrx_word' id='word_1_238' title='bbox 2273 2026 2663 2096; x_wconf 76' lang='lat' dir='ltr'><strong>dispensatorie</strong></span> <span class='ocrx_word' id='word_1_239' title='bbox 2692 2024 3178 2079; x_wconf 81' lang='lat' dir='ltr'><strong>condescendentes</strong></span> <span class='ocrx_word' id='word_1_240' title='bbox 3221 2021 3569 2086; x_wconf 78' lang='lat' dir='ltr'><strong>indulsimus,</strong></span> <span class='ocrx_word' id='word_1_241' title='bbox 3608 2029 3666 2074; x_wconf 91' lang='lat' dir='ltr'><strong>ut</strong></span> <span class='ocrx_word' id='word_1_242' title='bbox 3699 2041 3739 2098; x_wconf 72' lang='grc' dir='ltr'><strong>Β</strong></span> <span class='ocrx_word' id='word_1_243' title='bbox 3767 2030 4031 2091; x_wconf 68' lang='lat' dir='ltr'><strong>ordinem,</strong></span> <span class='ocrx_word' id='word_1_244' title='bbox 4054 2037 4164 2083; x_wconf 68' lang='lat' dir='ltr'><strong>tota</strong></span> <span class='ocrx_word' id='word_1_245' title='bbox 4188 2027 4538 2082; x_wconf 77' lang='lat' dir='ltr'><strong>nihilominus</strong></span> <span class='ocrx_word' id='word_1_246' title='bbox 4570 2026 4911 2096; x_wconf 76' lang='lat' dir='ltr'><strong>adimpletur,</strong></span> 
     </span>
    </p>
   </div>
   <div class='ocr_carea' id='block_1_36' title="bbox 2093 2111 3662 2169">
    <p class='ocr_par' dir='ltr' id='par_1_36' title="bbox 2093 2111 3662 2169">
     <span class='ocr_line' id='line_1_36' title="bbox 2093 2111 3662 2169; baseline -0.006 0"><span class='ocrx_word' id='word_1_247' title='bbox 2093 2117 2275 2169; x_wconf 89' lang='lat' dir='ltr'><strong>viuum</strong></span> <span class='ocrx_word' id='word_1_248' title='bbox 2291 2116 2379 2169; x_wconf 91' lang='lat' dir='ltr'><strong>hic</strong></span> <span class='ocrx_word' id='word_1_249' title='bbox 2401 2123 2612 2169; x_wconf 91' lang='lat' dir='ltr'><strong>servato</strong></span> <span class='ocrx_word' id='word_1_250' title='bbox 2638 2112 2949 2168; x_wconf 87' lang='lat' dir='ltr'><strong>sobrietatis</strong></span> <span class='ocrx_word' id='word_1_251' title='bbox 2972 2111 3336 2166; x_wconf 76' lang='lat' dir='ltr'><strong>moderamine</strong></span> <span class='ocrx_word' id='word_1_252' title='bbox 3356 2111 3662 2164; x_wconf 84' lang='lat' dir='ltr'><strong>biberetur:</strong></span> 
     </span>
    </p>
   </div>
   <div class='ocr_carea' id='block_1_37' title="bbox 2097 2201 3668 2277">
    <p class='ocr_par' dir='ltr' id='par_1_37' title="bbox 2097 2201 3668 2277">
     <span class='ocr_line' id='line_1_37' title="bbox 2097 2201 3668 2277; baseline -0.005 -15"><span class='ocrx_word' id='word_1_253' title='bbox 2097 2219 2154 2262; x_wconf 88' lang='lat' dir='ltr'><strong>nt</strong></span> <span class='ocrx_word' id='word_1_254' title='bbox 2185 2208 2324 2277; x_wconf 90' lang='lat' dir='ltr'><strong>quod</strong></span> <span class='ocrx_word' id='word_1_255' title='bbox 2374 2223 2492 2260; x_wconf 89' lang='lat' dir='ltr'><strong>cum</strong></span> <span class='ocrx_word' id='word_1_256' title='bbox 2526 2205 2728 2260; x_wconf 83' lang='lat' dir='ltr'><strong>Joanne</strong></span> <span class='ocrx_word' id='word_1_257' title='bbox 2763 2219 2866 2258; x_wconf 91' lang='lat' dir='ltr'><strong>non</strong></span> <span class='ocrx_word' id='word_1_258' title='bbox 2905 2218 3190 2272; x_wconf 87' lang='lat' dir='ltr'><strong>possumus</strong></span> <span class='ocrx_word' id='word_1_259' title='bbox 3236 2217 3301 2257; x_wconf 74' lang='lat' dir='ltr'><strong>ex</strong></span> <span class='ocrx_word' id='word_1_260' title='bbox 3347 2212 3459 2257; x_wconf 89' lang='lat' dir='ltr'><strong>toto</strong></span> <span class='ocrx_word' id='word_1_261' title='bbox 3510 2201 3668 2254; x_wconf 86' lang='lat' dir='ltr'><strong>relin-</strong></span> 
     </span>
    </p>
   </div>
   <div class='ocr_carea' id='block_1_38' title="bbox 2095 2292 3664 2368">
    <p class='ocr_par' dir='ltr' id='par_1_38' title="bbox 2095 2292 3664 2368">
     <span class='ocr_line' id='line_1_38' title="bbox 2095 2292 3664 2368; baseline -0.003 -20"><span class='ocrx_word' id='word_1_262' title='bbox 2095 2313 2284 2368; x_wconf 87' lang='lat' dir='ltr'><strong>quere,</strong></span> <span class='ocrx_word' id='word_1_263' title='bbox 2316 2296 2505 2350; x_wconf 88' lang='lat' dir='ltr'><strong>saltem</strong></span> <span class='ocrx_word' id='word_1_264' title='bbox 2535 2310 2655 2347; x_wconf 92' lang='lat' dir='ltr'><strong>cum</strong></span> <span class='ocrx_word' id='word_1_265' title='bbox 2683 2293 2964 2346; x_wconf 85' lang='lat' dir='ltr'><strong>Timotheo</strong></span> <span class='ocrx_word' id='word_1_266' title='bbox 2987 2292 3136 2346; x_wconf 86' lang='lat' dir='ltr'><strong>Pauli</strong></span> <span class='ocrx_word' id='word_1_267' title='bbox 3165 2293 3425 2361; x_wconf 90' lang='lat' dir='ltr'><strong>discipulo</strong></span> <span class='ocrx_word' id='word_1_268' title='bbox 3452 2292 3664 2345; x_wconf 81' lang='lat' dir='ltr'><strong>studea-</strong></span> 
     </span>
    </p>
   </div>
   <div class='ocr_carea' id='block_1_39' title="bbox 2095 2381 3666 2446">
    <p class='ocr_par' dir='ltr' id='par_1_39' title="bbox 2095 2381 3666 2446">
     <span class='ocr_line' id='line_1_39' title="bbox 2095 2381 3666 2446; baseline -0.004 -7"><span class='ocrx_word' id='word_1_269' title='bbox 2095 2402 2218 2440; x_wconf 90' lang='lat' dir='ltr'><strong>mus</strong></span> <span class='ocrx_word' id='word_1_270' title='bbox 2265 2384 2476 2439; x_wconf 78' lang='lat' dir='ltr'><strong>inﬁrmo</strong></span> <span class='ocrx_word' id='word_1_271' title='bbox 2501 2383 2781 2438; x_wconf 88' lang='lat' dir='ltr'><strong>stomacho</strong></span> <span class='ocrx_word' id='word_1_272' title='bbox 2831 2381 3039 2446; x_wconf 88' lang='lat' dir='ltr'><strong>sobrie,</strong></span> <span class='ocrx_word' id='word_1_273' title='bbox 3093 2390 3147 2434; x_wconf 91' lang='lat' dir='ltr'><strong>et</strong></span> <span class='ocrx_word' id='word_1_274' title='bbox 3189 2382 3462 2435; x_wconf 81' lang='lat' dir='ltr'><strong>humiliter</strong></span> <span class='ocrx_word' id='word_1_275' title='bbox 3503 2381 3666 2433; x_wconf 89' lang='lat' dir='ltr'><strong>mini-</strong></span> 
     </span>
    </p>
   </div>
   <div class='ocr_carea' id='block_1_40' title="bbox 2095 2469 3666 2543">
    <p class='ocr_par' dir='ltr' id='par_1_40' title="bbox 2095 2469 3666 2543">
     <span class='ocr_line' id='line_1_40' title="bbox 2095 2469 3666 2543; baseline -0.006 -14"><span class='ocrx_word' id='word_1_276' title='bbox 2095 2484 2270 2529; x_wconf 86' lang='lat' dir='ltr'><strong>strare</strong></span> <span class='ocrx_word' id='word_1_277' title='bbox 2299 2472 2348 2543; x_wconf 88' lang='grc'><strong>(1</strong></span> <span class='ocrx_word' id='word_1_278' title='bbox 2379 2471 2510 2525; x_wconf 87' lang='lat' dir='ltr'><strong>Tim.</strong></span> <span class='ocrx_word' id='word_1_279' title='bbox 2537 2474 2590 2538; x_wconf 86' lang='lat' dir='ltr'><strong>v)</strong></span> <span class='ocrx_word' id='word_1_280' title='bbox 2624 2487 2636 2522; x_wconf 91' lang='lat'><strong>:</strong></span> <span class='ocrx_word' id='word_1_281' title='bbox 2669 2479 2722 2523; x_wconf 92' lang='lat' dir='ltr'><strong>et</strong></span> <span class='ocrx_word' id='word_1_282' title='bbox 2760 2469 2851 2537; x_wconf 91' lang='lat' dir='ltr'><strong>qui</strong></span> <span class='ocrx_word' id='word_1_283' title='bbox 2889 2484 3110 2538; x_wconf 85' lang='lat' dir='ltr'><strong>prorsus</strong></span> <span class='ocrx_word' id='word_1_284' title='bbox 3133 2469 3379 2523; x_wconf 87' lang='lat' dir='ltr'><strong>abstemii</strong></span> <span class='ocrx_word' id='word_1_285' title='bbox 3414 2484 3532 2522; x_wconf 89' lang='lat' dir='ltr'><strong>esse</strong></span> <span class='ocrx_word' id='word_1_286' title='bbox 3563 2483 3666 2521; x_wconf 92' lang='lat' dir='ltr'><strong>non</strong></span> 
     </span>
    </p>
   </div>
   <div class='ocr_carea' id='block_1_41' title="bbox 2097 2556 3670 2634">
    <p class='ocr_par' dir='ltr' id='par_1_41' title="bbox 2097 2556 3670 2634">
     <span class='ocr_line' id='line_1_41' title="bbox 2097 2556 3670 2634; baseline -0.006 -16"><span class='ocrx_word' id='word_1_287' title='bbox 2097 2577 2402 2634; x_wconf 89' lang='lat' dir='ltr'><strong>possumus,</strong></span> <span class='ocrx_word' id='word_1_288' title='bbox 2427 2575 2546 2614; x_wconf 81' lang='lat' dir='ltr'><strong>esse</strong></span> <span class='ocrx_word' id='word_1_289' title='bbox 2570 2559 2759 2615; x_wconf 88' lang='lat' dir='ltr'><strong>saltem</strong></span> <span class='ocrx_word' id='word_1_290' title='bbox 2799 2558 2964 2612; x_wconf 84' lang='lat' dir='ltr'><strong>sobrii</strong></span> <span class='ocrx_word' id='word_1_291' title='bbox 3006 2562 3336 2614; x_wconf 81' lang='lat' dir='ltr'><strong>studeamus.</strong></span> <span class='ocrx_word' id='word_1_292' title='bbox 3388 2556 3670 2610; x_wconf 80' lang='lat' dir='ltr'><strong>Verumta-</strong></span> 
     </span>
    </p>
   </div>
   <div class='ocr_carea' id='block_1_42' title="bbox 2095 2650 3667 2722">
    <p class='ocr_par' dir='ltr' id='par_1_42' title="bbox 2095 2650 3667 2722">
     <span class='ocr_line' id='line_1_42' title="bbox 2095 2650 3667 2722; baseline -0.004 -14"><span class='ocrx_word' id='word_1_293' title='bbox 2095 2668 2218 2709; x_wconf 88' lang='lat' dir='ltr'><strong>men</strong></span> <span class='ocrx_word' id='word_1_294' title='bbox 2244 2653 2296 2706; x_wconf 93' lang='lat' dir='ltr'><strong>in</strong></span> <span class='ocrx_word' id='word_1_295' title='bbox 2325 2651 2594 2722; x_wconf 75' lang='lat' dir='ltr'><strong>praedictis</strong></span> <span class='ocrx_word' id='word_1_296' title='bbox 2634 2651 2840 2705; x_wconf 88' lang='lat' dir='ltr'><strong>duabus</strong></span> <span class='ocrx_word' id='word_1_297' title='bbox 2865 2651 3293 2720; x_wconf 78' lang='lat' dir='ltr'><strong>quadragesimis</strong></span> <span class='ocrx_word' id='word_1_298' title='bbox 3335 2650 3667 2704; x_wconf 77' lang='lat' dir='ltr'><strong>consuetudo</strong></span> 
     </span>
    </p>
   </div>
   <div class='ocr_carea' id='block_1_43' title="bbox 2097 2740 3670 2812">
    <p class='ocr_par' dir='ltr' id='par_1_43' title="bbox 2097 2740 3670 2812">
     <span class='ocr_line' id='line_1_43' title="bbox 2097 2740 3670 2812; baseline -0.004 -13"><span class='ocrx_word' id='word_1_299' title='bbox 2097 2745 2303 2808; x_wconf 87' lang='lat' dir='ltr'><strong>tenuit,</strong></span> <span class='ocrx_word' id='word_1_300' title='bbox 2344 2754 2404 2797; x_wconf 91' lang='grc' dir='ltr'><strong>ιιι</strong></span> <span class='ocrx_word' id='word_1_301' title='bbox 2439 2758 2612 2812; x_wconf 89' lang='lat' dir='ltr'><strong>neque</strong></span> <span class='ocrx_word' id='word_1_302' title='bbox 2637 2742 2954 2805; x_wconf 83' lang='lat' dir='ltr'><strong>monachis,</strong></span> <span class='ocrx_word' id='word_1_303' title='bbox 3009 2755 3181 2811; x_wconf 89' lang='lat' dir='ltr'><strong>neque</strong></span> <span class='ocrx_word' id='word_1_304' title='bbox 3227 2742 3378 2796; x_wconf 85' lang='lat' dir='ltr'><strong>laicis</strong></span> <span class='ocrx_word' id='word_1_305' title='bbox 3421 2741 3529 2794; x_wconf 89' lang='lat' dir='ltr'><strong>vini</strong></span> <span class='ocrx_word' id='word_1_306' title='bbox 3586 2740 3670 2793; x_wconf 88' lang='lat' dir='ltr'><strong>vel</strong></span> 
     </span>
    </p>
   </div>
   <div class='ocr_carea' id='block_1_44' title="bbox 2093 2829 3672 2902">
    <p class='ocr_par' dir='ltr' id='par_1_44' title="bbox 2093 2829 3672 2902">
     <span class='ocr_line' id='line_1_44' title="bbox 2093 2829 3672 2902; baseline -0.004 -13"><span class='ocrx_word' id='word_1_307' title='bbox 2093 2835 2256 2888; x_wconf 87' lang='lat' dir='ltr'><strong>etiam</strong></span> <span class='ocrx_word' id='word_1_308' title='bbox 2286 2833 2446 2902; x_wconf 88' lang='lat' dir='ltr'><strong>piscis</strong></span> <span class='ocrx_word' id='word_1_309' title='bbox 2475 2831 2746 2902; x_wconf 86' lang='lat' dir='ltr'><strong>perceptio</strong></span> <span class='ocrx_word' id='word_1_310' title='bbox 2795 2830 3139 2886; x_wconf 84' lang='lat' dir='ltr'><strong>concedatur.</strong></span> <span class='ocrx_word' id='word_1_311' title='bbox 3168 2829 3508 2884; x_wconf 88' lang='lat' dir='ltr'><strong>Pulmcntum</strong></span> <span class='ocrx_word' id='word_1_312' title='bbox 3539 2842 3672 2896; x_wconf 79' lang='lat' dir='ltr'><strong>quo-</strong></span> 
     </span>
    </p>
   </div>
   <div class='ocr_carea' id='block_1_45' title="bbox 2092 2924 3671 2996">
    <p class='ocr_par' dir='ltr' id='par_1_45' title="bbox 2092 2924 3671 2996">
     <span class='ocr_line' id='line_1_45' title="bbox 2092 2924 3671 2996; baseline -0.003 -15"><span class='ocrx_word' id='word_1_313' title='bbox 2092 2941 2198 2996; x_wconf 87' lang='lat' dir='ltr'><strong>que</strong></span> <span class='ocrx_word' id='word_1_314' title='bbox 2237 2927 2287 2979; x_wconf 92' lang='lat' dir='ltr'><strong>in</strong></span> <span class='ocrx_word' id='word_1_315' title='bbox 2336 2927 2537 2980; x_wconf 82' lang='lat' dir='ltr'><strong>eisdem</strong></span> <span class='ocrx_word' id='word_1_316' title='bbox 2578 2924 3002 2994; x_wconf 85' lang='lat' dir='ltr'><strong>quadragesimis</strong></span> <span class='ocrx_word' id='word_1_317' title='bbox 3046 2940 3322 2992; x_wconf 89' lang='lat' dir='ltr'><strong>nunquam</strong></span> <span class='ocrx_word' id='word_1_318' title='bbox 3369 2925 3439 2978; x_wconf 90' lang='lat' dir='ltr'><strong>sit</strong></span> <span class='ocrx_word' id='word_1_319' title='bbox 3478 2933 3671 2992; x_wconf 67' lang='lat' dir='ltr'><strong>pt&#39;mtct‘</strong></span> 
     </span>
    </p>
   </div>
   <div class='ocr_carea' id='block_1_46' title="bbox 2093 3014 3669 3085">
    <p class='ocr_par' dir='ltr' id='par_1_46' title="bbox 2093 3014 3669 3085">
     <span class='ocr_line' id='line_1_46' title="bbox 2093 3014 3669 3085; baseline -0.004 -14"><span class='ocrx_word' id='word_1_320' title='bbox 2093 3033 2280 3082; x_wconf 88' lang='lat' dir='ltr'><strong>unum,</strong></span> <span class='ocrx_word' id='word_1_321' title='bbox 2312 3017 2413 3071; x_wconf 90' lang='lat' dir='ltr'><strong>nisi</strong></span> <span class='ocrx_word' id='word_1_322' title='bbox 2437 3015 2520 3070; x_wconf 91' lang='lat' dir='ltr'><strong>his</strong></span> <span class='ocrx_word' id='word_1_323' title='bbox 2543 3023 2772 3085; x_wconf 83' lang='lat' dir='ltr'><strong>quatuor</strong></span> <span class='ocrx_word' id='word_1_324' title='bbox 2796 3014 3207 3077; x_wconf 88' lang='lat' dir='ltr'><strong>festivitatibus,</strong></span> <span class='ocrx_word' id='word_1_325' title='bbox 3236 3015 3442 3069; x_wconf 84' lang='lat' dir='ltr'><strong>scilicet</strong></span> <span class='ocrx_word' id='word_1_326' title='bbox 3465 3014 3524 3066; x_wconf 85' lang='grc' dir='ltr'><strong>Β.</strong></span> <span class='ocrx_word' id='word_1_327' title='bbox 3553 3015 3669 3066; x_wconf 84' lang='lat' dir='ltr'><strong>An-</strong></span> 
     </span>
    </p>
   </div>
   <div class='ocr_carea' id='block_1_47' title="bbox 2091 3103 3668 3171">
    <p class='ocr_par' dir='ltr' id='par_1_47' title="bbox 2091 3103 3668 3171">
     <span class='ocr_line' id='line_1_47' title="bbox 2091 3103 3668 3171; baseline -0.004 -10"><span class='ocrx_word' id='word_1_328' title='bbox 2091 3109 2256 3171; x_wconf 71' lang='lat' dir='ltr'><strong>dreae,</strong></span> <span class='ocrx_word' id='word_1_329' title='bbox 2282 3107 2337 3161; x_wconf 88' lang='lat' dir='ltr'><strong>S.</strong></span> <span class='ocrx_word' id='word_1_330' title='bbox 2363 3105 2659 3170; x_wconf 88' lang='lat' dir='ltr'><strong>Benedicti,</strong></span> <span class='ocrx_word' id='word_1_331' title='bbox 2685 3105 2738 3158; x_wconf 90' lang='lat' dir='ltr'><strong>in</strong></span> <span class='ocrx_word' id='word_1_332' title='bbox 2764 3104 3038 3158; x_wconf 90' lang='lat' dir='ltr'><strong>Dominica</strong></span> <span class='ocrx_word' id='word_1_333' title='bbox 3069 3105 3394 3170; x_wconf 80' lang='lat' dir='ltr'><strong>Palmarum,</strong></span> <span class='ocrx_word' id='word_1_334' title='bbox 3428 3113 3481 3158; x_wconf 88' lang='lat' dir='ltr'><strong>ct</strong></span> <span class='ocrx_word' id='word_1_335' title='bbox 3503 3103 3668 3157; x_wconf 70' lang='lat' dir='ltr'><strong>Omna</strong></span> 
     </span>
    </p>
   </div>
   <div class='ocr_carea' id='block_1_48' title="bbox 2094 3194 3666 3265">
    <p class='ocr_par' dir='ltr' id='par_1_48' title="bbox 2094 3194 3666 3265">
     <span class='ocr_line' id='line_1_48' title="bbox 2094 3194 3666 3265; baseline -0.003 -15"><span class='ocrx_word' id='word_1_336' title='bbox 2094 3197 2328 3260; x_wconf 87' lang='lat' dir='ltr'><strong>Domini,</strong></span> <span class='ocrx_word' id='word_1_337' title='bbox 2355 3195 2548 3265; x_wconf 89' lang='lat' dir='ltr'><strong>quibus</strong></span> <span class='ocrx_word' id='word_1_338' title='bbox 2564 3196 2821 3250; x_wconf 88' lang='lat' dir='ltr'><strong>nimirum</strong></span> <span class='ocrx_word' id='word_1_339' title='bbox 2850 3194 3232 3248; x_wconf 86' lang='lat' dir='ltr'><strong>sacratissimis</strong></span> <span class='ocrx_word' id='word_1_340' title='bbox 3255 3195 3445 3248; x_wconf 89' lang='lat' dir='ltr'><strong>diebus</strong></span> <span class='ocrx_word' id='word_1_341' title='bbox 3469 3195 3666 3262; x_wconf 86' lang='lat' dir='ltr'><strong>pisces,</strong></span> 
     </span>
    </p>
   </div>
   <div class='ocr_carea' id='block_1_49' title="bbox 2092 3287 3496 3359">
    <p class='ocr_par' dir='ltr' id='par_1_49' title="bbox 2092 3287 3496 3359">
     <span class='ocr_line' id='line_1_49' title="bbox 2092 3287 3496 3359; baseline -0.009 -9"><span class='ocrx_word' id='word_1_342' title='bbox 2092 3303 2147 3350; x_wconf 75' lang='lat' dir='ltr'><strong>et</strong></span> <span class='ocrx_word' id='word_1_343' title='bbox 2184 3292 2367 3346; x_wconf 84' lang='lat' dir='ltr'><strong>vinum</strong></span> <span class='ocrx_word' id='word_1_344' title='bbox 2399 3305 2521 3345; x_wconf 90' lang='lat' dir='ltr'><strong>cum</strong></span> <span class='ocrx_word' id='word_1_345' title='bbox 2549 3289 2840 3359; x_wconf 84' lang='lat' dir='ltr'><strong>gratiarum</strong></span> <span class='ocrx_word' id='word_1_346' title='bbox 2865 3287 3075 3342; x_wconf 88' lang='lat' dir='ltr'><strong>actione</strong></span> <span class='ocrx_word' id='word_1_347' title='bbox 3103 3287 3496 3356; x_wconf 87' lang='lat' dir='ltr'><strong>percipiuntur.</strong></span> 
     </span>
    </p>
   </div>
   <div class='ocr_carea' id='block_1_50' title="bbox 3839 2116 5340 2189">
    <p class='ocr_par' dir='ltr' id='par_1_50' title="bbox 3839 2116 5340 2189">
     <span class='ocr_line' id='line_1_50' title="bbox 3839 2116 5340 2189; baseline 0 -18"><span class='ocrx_word' id='word_1_348' title='bbox 3839 2118 4001 2189; x_wconf 76' lang='lat'><strong>325</strong></span> <span class='ocrx_word' id='word_1_349' title='bbox 4039 2119 4149 2173; x_wconf 86' lang='lat' dir='ltr'><strong>lloc</strong></span> <span class='ocrx_word' id='word_1_350' title='bbox 4180 2126 4362 2172; x_wconf 88' lang='lat' dir='ltr'><strong>autem</strong></span> <span class='ocrx_word' id='word_1_351' title='bbox 4416 2118 4557 2171; x_wconf 88' lang='lat' dir='ltr'><strong>inter</strong></span> <span class='ocrx_word' id='word_1_352' title='bbox 4604 2125 4796 2170; x_wconf 46' lang='lat' dir='ltr'><strong>cattera</strong></span> <span class='ocrx_word' id='word_1_353' title='bbox 4828 2116 5340 2185; x_wconf 36' lang='lat' dir='ltr'><strong>praetermittendum</strong></span> 
     </span>
    </p>
   </div>
   <div class='ocr_carea' id='block_1_51' title="bbox 3769 2206 5340 2278">
    <p class='ocr_par' dir='ltr' id='par_1_51' title="bbox 3769 2206 5340 2278">
     <span class='ocr_line' id='line_1_51' title="bbox 3769 2206 5340 2278; baseline -0.002 -15"><span class='ocrx_word' id='word_1_354' title='bbox 3769 2225 3874 2263; x_wconf 91' lang='lat' dir='ltr'><strong>non</strong></span> <span class='ocrx_word' id='word_1_355' title='bbox 3910 2219 4026 2273; x_wconf 91' lang='lat' dir='ltr'><strong>est,</strong></span> <span class='ocrx_word' id='word_1_356' title='bbox 4057 2210 4180 2278; x_wconf 90' lang='lat' dir='ltr'><strong>quia</strong></span> <span class='ocrx_word' id='word_1_357' title='bbox 4234 2208 4287 2261; x_wconf 91' lang='lat' dir='ltr'><strong>in</strong></span> <span class='ocrx_word' id='word_1_358' title='bbox 4335 2206 4542 2261; x_wconf 88' lang='lat' dir='ltr'><strong>cellulis</strong></span> <span class='ocrx_word' id='word_1_359' title='bbox 4583 2207 4894 2259; x_wconf 91' lang='lat' dir='ltr'><strong>continuum</strong></span> <span class='ocrx_word' id='word_1_360' title='bbox 4947 2214 5176 2272; x_wconf 87' lang='lat' dir='ltr'><strong>tenetur,</strong></span> <span class='ocrx_word' id='word_1_361' title='bbox 5204 2207 5340 2265; x_wconf 77' lang='lat' dir='ltr'><strong>sicut</strong></span> 
     </span>
    </p>
   </div>
   <div class='ocr_carea' id='block_1_52' title="bbox 3772 2296 5341 2366">
    <p class='ocr_par' dir='ltr' id='par_1_52' title="bbox 3772 2296 5341 2366">
     <span class='ocr_line' id='line_1_52' title="bbox 3772 2296 5341 2366; baseline -0.001 -14"><span class='ocrx_word' id='word_1_362' title='bbox 3772 2315 3957 2354; x_wconf 79' lang='lat' dir='ltr'><strong>revera</strong></span> <span class='ocrx_word' id='word_1_363' title='bbox 3993 2301 4043 2352; x_wconf 90' lang='lat' dir='ltr'><strong>in</strong></span> <span class='ocrx_word' id='word_1_364' title='bbox 4077 2300 4342 2360; x_wconf 85' lang='lat' dir='ltr'><strong>oratorio,</strong></span> <span class='ocrx_word' id='word_1_365' title='bbox 4377 2312 4443 2350; x_wconf 77' lang='lat' dir='ltr'><strong>ex</strong></span> <span class='ocrx_word' id='word_1_366' title='bbox 4474 2311 4623 2350; x_wconf 89' lang='lat' dir='ltr'><strong>more</strong></span> <span class='ocrx_word' id='word_1_367' title='bbox 4651 2296 4921 2350; x_wconf 87' lang='lat' dir='ltr'><strong>silentium</strong></span> <span class='ocrx_word' id='word_1_368' title='bbox 4952 2315 4965 2350; x_wconf 92' lang='lat'><strong>:</strong></span> <span class='ocrx_word' id='word_1_369' title='bbox 4999 2313 5097 2352; x_wconf 88' lang='lat' dir='ltr'><strong>nec</strong></span> <span class='ocrx_word' id='word_1_370' title='bbox 5125 2305 5341 2366; x_wconf 58' lang='grc' dir='ltr'>ιιι-πιεῖ-</span> 
     </span>
    </p>
   </div>
   <div class='ocr_carea' id='block_1_53' title="bbox 3770 2385 5339 2456">
    <p class='ocr_par' dir='ltr' id='par_1_53' title="bbox 3770 2385 5339 2456">
     <span class='ocr_line' id='line_1_53' title="bbox 3770 2385 5339 2456; baseline -0.002 -13"><span class='ocrx_word' id='word_1_371' title='bbox 3770 2391 4018 2452; x_wconf 87' lang='lat' dir='ltr'><strong>mittitur,</strong></span> <span class='ocrx_word' id='word_1_372' title='bbox 4047 2398 4105 2442; x_wconf 91' lang='lat' dir='ltr'><strong>ut</strong></span> <span class='ocrx_word' id='word_1_373' title='bbox 4137 2389 4243 2442; x_wconf 88' lang='lat' dir='ltr'><strong>illic</strong></span> <span class='ocrx_word' id='word_1_374' title='bbox 4270 2387 4464 2456; x_wconf 85' lang='lat' dir='ltr'><strong>aliquis</strong></span> <span class='ocrx_word' id='word_1_375' title='bbox 4487 2387 4565 2440; x_wconf 91' lang='lat' dir='ltr'><strong>vel</strong></span> <span class='ocrx_word' id='word_1_376' title='bbox 4594 2400 4691 2454; x_wconf 90' lang='lat' dir='ltr'><strong>pro</strong></span> <span class='ocrx_word' id='word_1_377' title='bbox 4711 2385 5045 2440; x_wconf 77' lang='lat' dir='ltr'><strong>confessione</strong></span> <span class='ocrx_word' id='word_1_378' title='bbox 5068 2385 5339 2455; x_wconf 80' lang='lat' dir='ltr'><strong>loquatur;</strong></span> 
     </span>
    </p>
   </div>
   <div class='ocr_carea' id='block_1_54' title="bbox 3769 2476 5337 2549">
    <p class='ocr_par' dir='ltr' id='par_1_54' title="bbox 3769 2476 5337 2549">
     <span class='ocr_line' id='line_1_54' title="bbox 3769 2476 5337 2549; baseline -0.003 -15"><span class='ocrx_word' id='word_1_379' title='bbox 3769 2489 3989 2549; x_wconf 80' lang='lat' dir='ltr'><strong>excepto</strong></span> <span class='ocrx_word' id='word_1_380' title='bbox 4017 2479 4059 2532; x_wconf 88' lang='lat' dir='ltr'><strong>si</strong></span> <span class='ocrx_word' id='word_1_381' title='bbox 4093 2478 4256 2548; x_wconf 90' lang='lat' dir='ltr'><strong>priori</strong></span> <span class='ocrx_word' id='word_1_382' title='bbox 4304 2479 4477 2532; x_wconf 88' lang='lat' dir='ltr'><strong>visum</strong></span> <span class='ocrx_word' id='word_1_383' title='bbox 4511 2476 4706 2540; x_wconf 87' lang='lat' dir='ltr'><strong>fuerit,</strong></span> <span class='ocrx_word' id='word_1_384' title='bbox 4753 2485 4810 2529; x_wconf 91' lang='lat' dir='ltr'><strong>ut</strong></span> <span class='ocrx_word' id='word_1_385' title='bbox 4845 2476 5091 2541; x_wconf 87' lang='lat' dir='ltr'><strong>novitiis,</strong></span> <span class='ocrx_word' id='word_1_386' title='bbox 5126 2492 5337 2531; x_wconf 86' lang='lat' dir='ltr'><strong>eorum-</strong></span> 
     </span>
    </p>
   </div>
   <div class='ocr_carea' id='block_1_55' title="bbox 3769 2565 5340 2639">
    <p class='ocr_par' dir='ltr' id='par_1_55' title="bbox 3769 2565 5340 2639">
     <span class='ocr_line' id='line_1_55' title="bbox 3769 2565 5340 2639; baseline -0.001 -18"><span class='ocrx_word' id='word_1_387' title='bbox 3769 2584 3873 2639; x_wconf 91' lang='lat' dir='ltr'><strong>que</strong></span> <span class='ocrx_word' id='word_1_388' title='bbox 3908 2569 4306 2622; x_wconf 84' lang='lat' dir='ltr'><strong>institutoribus</strong></span> <span class='ocrx_word' id='word_1_389' title='bbox 4327 2568 4392 2620; x_wconf 87' lang='lat' dir='ltr'><strong>ad</strong></span> <span class='ocrx_word' id='word_1_390' title='bbox 4427 2577 4636 2635; x_wconf 86' lang='lat' dir='ltr'><strong>tempus</strong></span> <span class='ocrx_word' id='word_1_391' title='bbox 4664 2566 5056 2635; x_wconf 89' lang='lat' dir='ltr'><strong>aliquantulum</strong></span> <span class='ocrx_word' id='word_1_392' title='bbox 5088 2565 5340 2635; x_wconf 77' lang='lat' dir='ltr'><strong>loquendi</strong></span> 
     </span>
    </p>
   </div>
   <div class='ocr_carea' id='block_1_56' title="bbox 3768 2653 5339 2723">
    <p class='ocr_par' dir='ltr' id='par_1_56' title="bbox 3768 2653 5339 2723">
     <span class='ocr_line' id='line_1_56' title="bbox 3768 2653 5339 2723; baseline -0.003 -11"><span class='ocrx_word' id='word_1_393' title='bbox 3768 2657 3984 2714; x_wconf 86' lang='lat' dir='ltr'><strong>licentia</strong></span> <span class='ocrx_word' id='word_1_394' title='bbox 4017 2656 4362 2712; x_wconf 86' lang='lat' dir='ltr'><strong>concedatur.</strong></span> <span class='ocrx_word' id='word_1_395' title='bbox 4411 2653 4467 2709; x_wconf 89' lang='lat' dir='ltr'><strong>Si</strong></span> <span class='ocrx_word' id='word_1_396' title='bbox 4497 2655 4625 2722; x_wconf 84' lang='lat' dir='ltr'><strong>quid</strong></span> <span class='ocrx_word' id='word_1_397' title='bbox 4656 2666 4834 2709; x_wconf 82' lang='lat' dir='ltr'><strong>autem</strong></span> <span class='ocrx_word' id='word_1_398' title='bbox 4876 2655 5022 2722; x_wconf 85' lang='lat' dir='ltr'><strong>loqui</strong></span> <span class='ocrx_word' id='word_1_399' title='bbox 5069 2654 5339 2723; x_wconf 80' lang='lat' dir='ltr'><strong>indigent,</strong></span> 
     </span>
    </p>
   </div>
   <div class='ocr_carea' id='block_1_57' title="bbox 3769 2745 5338 2815">
    <p class='ocr_par' dir='ltr' id='par_1_57' title="bbox 3769 2745 5338 2815">
     <span class='ocr_line' id='line_1_57' title="bbox 3769 2745 5338 2815; baseline -0.004 -13"><span class='ocrx_word' id='word_1_400' title='bbox 3769 2747 3836 2802; x_wconf 87' lang='lat' dir='ltr'><strong>ad</strong></span> <span class='ocrx_word' id='word_1_401' title='bbox 3873 2747 4154 2801; x_wconf 74' lang='lat' dir='ltr'><strong>ecclesiam</strong></span> <span class='ocrx_word' id='word_1_402' title='bbox 4197 2745 4553 2815; x_wconf 88' lang='lat' dir='ltr'><strong>prodeuntes,</strong></span> <span class='ocrx_word' id='word_1_403' title='bbox 4583 2758 4810 2814; x_wconf 66' lang='lat' dir='ltr'><strong>qumque</strong></span> <span class='ocrx_word' id='word_1_404' title='bbox 4864 2753 4993 2799; x_wconf 88' lang='lat' dir='ltr'><strong>sunt</strong></span> <span class='ocrx_word' id='word_1_405' title='bbox 5037 2745 5338 2798; x_wconf 83' lang='lat' dir='ltr'><strong>necessaria</strong></span> 
     </span>
    </p>
   </div>
   <div class='ocr_carea' id='block_1_58' title="bbox 3782 2834 4152 2888">
    <p class='ocr_par' dir='ltr' id='par_1_58' title="bbox 3782 2834 4152 2888">
     <span class='ocr_line' id='line_1_58' title="bbox 3782 2834 4152 2888; baseline -0.005 0"><span class='ocrx_word' id='word_1_406' title='bbox 3782 2834 4152 2888; x_wconf 83' lang='lat' dir='ltr'><strong>manifestam.</strong></span> 
     </span>
    </p>
   </div>
   <div class='ocr_carea' id='block_1_59' title="bbox 3841 2923 5340 2993">
    <p class='ocr_par' dir='ltr' id='par_1_59' title="bbox 3841 2923 5340 2993">
     <span class='ocr_line' id='line_1_59' title="bbox 3841 2923 5340 2993; baseline -0.001 -15"><span class='ocrx_word' id='word_1_407' title='bbox 3841 2926 3973 2978; x_wconf 85' lang='lat' dir='ltr'><strong>lilud</strong></span> <span class='ocrx_word' id='word_1_408' title='bbox 3994 2925 4154 2978; x_wconf 90' lang='lat' dir='ltr'><strong>etiam</strong></span> <span class='ocrx_word' id='word_1_409' title='bbox 4182 2941 4284 2979; x_wconf 91' lang='lat' dir='ltr'><strong>non</strong></span> <span class='ocrx_word' id='word_1_410' title='bbox 4317 2923 4541 2979; x_wconf 88' lang='lat' dir='ltr'><strong>minima</strong></span> <span class='ocrx_word' id='word_1_411' title='bbox 4569 2938 4694 2993; x_wconf 90' lang='lat' dir='ltr'><strong>pars</strong></span> <span class='ocrx_word' id='word_1_412' title='bbox 4718 2923 5049 2992; x_wconf 71' lang='lat' dir='ltr'><strong>poenitentia:</strong></span> <span class='ocrx_word' id='word_1_413' title='bbox 5070 2931 5175 2986; x_wconf 88' lang='lat' dir='ltr'><strong>est,</strong></span> <span class='ocrx_word' id='word_1_414' title='bbox 5201 2925 5340 2991; x_wconf 85' lang='lat' dir='ltr'><strong>quol</strong></span> 
     </span>
    </p>
   </div>
   <div class='ocr_carea' id='block_1_60' title="bbox 3769 3016 5339 3087">
    <p class='ocr_par' dir='ltr' id='par_1_60' title="bbox 3769 3016 5339 3087">
     <span class='ocr_line' id='line_1_60' title="bbox 3769 3016 5339 3087; baseline -0.002 -14"><span class='ocrx_word' id='word_1_415' title='bbox 3769 3019 3916 3073; x_wconf 90' lang='lat' dir='ltr'><strong>omni</strong></span> <span class='ocrx_word' id='word_1_416' title='bbox 3952 3027 4214 3087; x_wconf 90' lang='lat' dir='ltr'><strong>tempore,</strong></span> <span class='ocrx_word' id='word_1_417' title='bbox 4243 3017 4356 3072; x_wconf 89' lang='lat' dir='ltr'><strong>sive</strong></span> <span class='ocrx_word' id='word_1_418' title='bbox 4385 3025 4592 3080; x_wconf 67' lang='lat' dir='ltr'><strong>aestate,</strong></span> <span class='ocrx_word' id='word_1_419' title='bbox 4622 3016 4734 3069; x_wconf 82' lang='lat' dir='ltr'><strong>sive</strong></span> <span class='ocrx_word' id='word_1_420' title='bbox 4765 3016 4962 3079; x_wconf 87' lang='lat' dir='ltr'><strong>hieme,</strong></span> <span class='ocrx_word' id='word_1_421' title='bbox 4988 3031 5092 3070; x_wconf 89' lang='lat' dir='ltr'><strong>non</strong></span> <span class='ocrx_word' id='word_1_422' title='bbox 5121 3016 5339 3080; x_wconf 73' lang='lat' dir='ltr'><strong>caICeis,</strong></span> 
     </span>
    </p>
   </div>
   <div class='ocr_carea' id='block_1_61' title="bbox 3769 3105 5340 3177">
    <p class='ocr_par' dir='ltr' id='par_1_61' title="bbox 3769 3105 5340 3177">
     <span class='ocr_line' id='line_1_61' title="bbox 3769 3105 5340 3177; baseline 0 -17"><span class='ocrx_word' id='word_1_423' title='bbox 3769 3121 3875 3160; x_wconf 92' lang='lat' dir='ltr'><strong>non</strong></span> <span class='ocrx_word' id='word_1_424' title='bbox 3898 3107 4076 3160; x_wconf 88' lang='lat' dir='ltr'><strong>ocreis</strong></span> <span class='ocrx_word' id='word_1_425' title='bbox 4098 3115 4324 3160; x_wconf 88' lang='lat' dir='ltr'><strong>utuntur</strong></span> <span class='ocrx_word' id='word_1_426' title='bbox 4347 3107 4400 3160; x_wconf 92' lang='lat' dir='ltr'><strong>in</strong></span> <span class='ocrx_word' id='word_1_427' title='bbox 4426 3105 4661 3172; x_wconf 88' lang='lat' dir='ltr'><strong>cellulis;</strong></span> <span class='ocrx_word' id='word_1_428' title='bbox 4688 3105 4780 3160; x_wconf 88' lang='lat' dir='ltr'><strong>sed</strong></span> <span class='ocrx_word' id='word_1_429' title='bbox 4809 3107 4964 3161; x_wconf 89' lang='lat' dir='ltr'><strong>nudis</strong></span> <span class='ocrx_word' id='word_1_430' title='bbox 4989 3122 5200 3177; x_wconf 86' lang='lat' dir='ltr'><strong>semper</strong></span> <span class='ocrx_word' id='word_1_431' title='bbox 5219 3123 5340 3162; x_wconf 87' lang='lat' dir='ltr'><strong>cru-</strong></span> 
     </span>
    </p>
   </div>
   <div class='ocr_carea' id='block_1_62' title="bbox 3769 3195 5341 3266">
    <p class='ocr_par' dir='ltr' id='par_1_62' title="bbox 3769 3195 5341 3266">
     <span class='ocr_line' id='line_1_62' title="bbox 3769 3195 5341 3266; baseline 0.003 -16"><span class='ocrx_word' id='word_1_432' title='bbox 3769 3197 3948 3260; x_wconf 84' lang='lat' dir='ltr'><strong>ribus,</strong></span> <span class='ocrx_word' id='word_1_433' title='bbox 3981 3206 4034 3251; x_wconf 94' lang='lat' dir='ltr'><strong>et</strong></span> <span class='ocrx_word' id='word_1_434' title='bbox 4063 3195 4288 3266; x_wconf 89' lang='lat' dir='ltr'><strong>pedibus</strong></span> <span class='ocrx_word' id='word_1_435' title='bbox 4311 3197 4642 3252; x_wconf 87' lang='lat' dir='ltr'><strong>consuetudo</strong></span> <span class='ocrx_word' id='word_1_436' title='bbox 4684 3207 4766 3250; x_wconf 89' lang='lat' dir='ltr'><strong>est</strong></span> <span class='ocrx_word' id='word_1_437' title='bbox 4797 3213 5109 3266; x_wconf 72' lang='lat' dir='ltr'><strong>permanere</strong></span> <span class='ocrx_word' id='word_1_438' title='bbox 5129 3239 5144 3261; x_wconf 92' lang='lat'><strong>,</strong></span> <span class='ocrx_word' id='word_1_439' title='bbox 5173 3212 5341 3254; x_wconf 79' lang='lat' dir='ltr'><strong>exce-</strong></span> 
     </span>
    </p>
   </div>
   <div class='ocr_carea' id='block_1_63' title="bbox 3771 3285 5231 3357">
    <p class='ocr_par' dir='ltr' id='par_1_63' title="bbox 3771 3285 5231 3357">
     <span class='ocr_line' id='line_1_63' title="bbox 3771 3285 5231 3357; baseline 0.002 -19"><span class='ocrx_word' id='word_1_440' title='bbox 3771 3287 3878 3356; x_wconf 91' lang='lat' dir='ltr'><strong>ptis</strong></span> <span class='ocrx_word' id='word_1_441' title='bbox 3902 3287 3988 3341; x_wconf 86' lang='lat' dir='ltr'><strong>his</strong></span> <span class='ocrx_word' id='word_1_442' title='bbox 4018 3287 4106 3356; x_wconf 91' lang='lat' dir='ltr'><strong>qui</strong></span> <span class='ocrx_word' id='word_1_443' title='bbox 4135 3287 4285 3356; x_wconf 85' lang='lat' dir='ltr'><strong>gravi</strong></span> <span class='ocrx_word' id='word_1_444' title='bbox 4317 3287 4560 3340; x_wconf 85' lang='lat' dir='ltr'><strong>molestia</strong></span> <span class='ocrx_word' id='word_1_445' title='bbox 4599 3285 4923 3340; x_wconf 85' lang='lat' dir='ltr'><strong>infirmitatis</strong></span> <span class='ocrx_word' id='word_1_446' title='bbox 4954 3296 5231 3357; x_wconf 71' lang='lat' dir='ltr'><strong>urgeantur.</strong></span> 
     </span>
    </p>
   </div>
   <div class='ocr_carea' id='block_1_64' title="bbox 2164 3375 5340 3455">
    <p class='ocr_par' dir='ltr' id='par_1_64' title="bbox 2164 3375 5340 3455">
     <span class='ocr_line' id='line_1_64' title="bbox 2164 3375 5340 3455; baseline -0.003 -18"><span class='ocrx_word' id='word_1_447' title='bbox 2164 3383 2220 3437; x_wconf 90' lang='lat' dir='ltr'><strong>ln</strong></span> <span class='ocrx_word' id='word_1_448' title='bbox 2253 3382 2488 3436; x_wconf 89' lang='lat' dir='ltr'><strong>Sabbato</strong></span> <span class='ocrx_word' id='word_1_449' title='bbox 2523 3389 2698 3455; x_wconf 78' lang='lat' dir='ltr'><strong>autem</strong></span> <span class='ocrx_word' id='word_1_450' title='bbox 2727 3387 2952 3443; x_wconf 84' lang='lat' dir='ltr'><strong>sancto,</strong></span> <span class='ocrx_word' id='word_1_451' title='bbox 2981 3392 3080 3432; x_wconf 89' lang='lat' dir='ltr'><strong>nec</strong></span> <span class='ocrx_word' id='word_1_452' title='bbox 3123 3393 3228 3431; x_wconf 92' lang='lat' dir='ltr'><strong>non</strong></span> <span class='ocrx_word' id='word_1_453' title='bbox 3271 3387 3326 3430; x_wconf 89' lang='lat' dir='ltr'><strong>ct</strong></span> <span class='ocrx_word' id='word_1_454' title='bbox 3356 3377 3533 3446; x_wconf 68' lang='lat' dir='ltr'><strong>vigilia</strong></span> <span class='ocrx_word' id='word_1_455' title='bbox 3563 3375 3667 3430; x_wconf 76' lang='lat' dir='ltr'><strong>Na-</strong></span> <span class='ocrx_word' id='word_1_456' title='bbox 3695 3376 3739 3436; x_wconf 87' lang='lat' dir='ltr'><strong><em>C</em></strong></span> <span class='ocrx_word' id='word_1_457' title='bbox 3841 3376 4107 3445; x_wconf 78' lang='lat' dir='ltr'><strong>Regulare</strong></span> <span class='ocrx_word' id='word_1_458' title='bbox 4130 3388 4307 3428; x_wconf 86' lang='lat' dir='ltr'><strong>autem</strong></span> <span class='ocrx_word' id='word_1_459' title='bbox 4332 3387 4414 3430; x_wconf 85' lang='lat' dir='ltr'><strong>est</strong></span> <span class='ocrx_word' id='word_1_460' title='bbox 4439 3376 4803 3439; x_wconf 88' lang='lat' dir='ltr'><strong>monasteriis,</strong></span> <span class='ocrx_word' id='word_1_461' title='bbox 4831 3385 4889 3430; x_wconf 90' lang='lat' dir='ltr'><strong>ut</strong></span> <span class='ocrx_word' id='word_1_462' title='bbox 4914 3377 4967 3431; x_wconf 91' lang='lat' dir='ltr'><strong>hi</strong></span> <span class='ocrx_word' id='word_1_463' title='bbox 4998 3377 5088 3446; x_wconf 91' lang='lat' dir='ltr'><strong>qui</strong></span> <span class='ocrx_word' id='word_1_464' title='bbox 5121 3380 5172 3431; x_wconf 93' lang='lat' dir='ltr'><strong>in</strong></span> <span class='ocrx_word' id='word_1_465' title='bbox 5200 3378 5340 3431; x_wconf 84' lang='lat' dir='ltr'><strong>viam</strong></span> 
     </span>
    </p>
   </div>
   <div class='ocr_carea' id='block_1_65' title="bbox 2094 3466 3657 3531">
    <p class='ocr_par' dir='ltr' id='par_1_65' title="bbox 2094 3466 3657 3531">
     <span class='ocr_line' id='line_1_65' title="bbox 2094 3466 3657 3531; baseline -0.004 -6"><span class='ocrx_word' id='word_1_466' title='bbox 2094 3471 2215 3525; x_wconf 86' lang='lat' dir='ltr'><strong>talis</strong></span> <span class='ocrx_word' id='word_1_467' title='bbox 2242 3470 2470 3531; x_wconf 88' lang='lat' dir='ltr'><strong>Domini,</strong></span> <span class='ocrx_word' id='word_1_468' title='bbox 2512 3478 2569 3521; x_wconf 93' lang='lat' dir='ltr'><strong>ut</strong></span> <span class='ocrx_word' id='word_1_469' title='bbox 2606 3467 2756 3522; x_wconf 87' lang='lat' dir='ltr'><strong>labor</strong></span> <span class='ocrx_word' id='word_1_470' title='bbox 2776 3467 3124 3522; x_wconf 85' lang='lat' dir='ltr'><strong>ecclesiastici</strong></span> <span class='ocrx_word' id='word_1_471' title='bbox 3175 3466 3443 3520; x_wconf 79' lang='lat' dir='ltr'><strong>relevetur</strong></span> <span class='ocrx_word' id='word_1_472' title='bbox 3470 3466 3657 3530; x_wconf 75' lang='lat' dir='ltr'><strong>ollii-ii,</strong></span> 
     </span>
    </p>
   </div>
   <div class='ocr_carea' id='block_1_66' title="bbox 2093 3555 3662 3630">
    <p class='ocr_par' dir='ltr' id='par_1_66' title="bbox 2093 3555 3662 3630">
     <span class='ocr_line' id='line_1_66' title="bbox 2093 3555 3662 3630; baseline -0.002 -17"><span class='ocrx_word' id='word_1_473' title='bbox 2093 3571 2260 3617; x_wconf 90' lang='lat' dir='ltr'><strong>totum</strong></span> <span class='ocrx_word' id='word_1_474' title='bbox 2288 3575 2502 3630; x_wconf 88' lang='lat' dir='ltr'><strong>panem,</strong></span> <span class='ocrx_word' id='word_1_475' title='bbox 2533 3558 2621 3627; x_wconf 78' lang='lat' dir='ltr'><strong>qui</strong></span> <span class='ocrx_word' id='word_1_476' title='bbox 2643 3556 2929 3622; x_wconf 89' lang='lat' dir='ltr'><strong>voluerint,</strong></span> <span class='ocrx_word' id='word_1_477' title='bbox 2962 3559 3250 3611; x_wconf 89' lang='lat' dir='ltr'><strong>comedunt</strong></span> <span class='ocrx_word' id='word_1_478' title='bbox 3277 3575 3289 3609; x_wconf 89' lang='lat'>:</span> <span class='ocrx_word' id='word_1_479' title='bbox 3340 3555 3504 3609; x_wconf 89' lang='lat' dir='ltr'><strong>alium</strong></span> <span class='ocrx_word' id='word_1_480' title='bbox 3535 3571 3662 3610; x_wconf 82' lang='lat' dir='ltr'><strong>vero</strong></span> 
     </span>
    </p>
   </div>
   <div class='ocr_carea' id='block_1_67' title="bbox 2091 3645 3662 3716">
    <p class='ocr_par' dir='ltr' id='par_1_67' title="bbox 2091 3645 3662 3716">
     <span class='ocr_line' id='line_1_67' title="bbox 2091 3645 3662 3716; baseline -0.008 -9"><span class='ocrx_word' id='word_1_481' title='bbox 2091 3652 2270 3707; x_wconf 84' lang='lat' dir='ltr'><strong>cibum</strong></span> <span class='ocrx_word' id='word_1_482' title='bbox 2302 3650 2415 3702; x_wconf 89' lang='lat' dir='ltr'><strong>sive</strong></span> <span class='ocrx_word' id='word_1_483' title='bbox 2462 3647 2608 3711; x_wconf 85' lang='lat' dir='ltr'><strong>laici,</strong></span> <span class='ocrx_word' id='word_1_484' title='bbox 2653 3647 2766 3700; x_wconf 87' lang='lat' dir='ltr'><strong>sive</strong></span> <span class='ocrx_word' id='word_1_485' title='bbox 2813 3645 3063 3699; x_wconf 92' lang='lat' dir='ltr'><strong>monachi</strong></span> <span class='ocrx_word' id='word_1_486' title='bbox 3091 3645 3306 3716; x_wconf 85' lang='lat' dir='ltr'><strong>penitus</strong></span> <span class='ocrx_word' id='word_1_487' title='bbox 3337 3659 3442 3698; x_wconf 93' lang='lat' dir='ltr'><strong>non</strong></span> <span class='ocrx_word' id='word_1_488' title='bbox 3469 3645 3662 3697; x_wconf 83' lang='lat' dir='ltr'><strong>admit-</strong></span> 
     </span>
    </p>
   </div>
   <div class='ocr_carea' id='block_1_68' title="bbox 2093 3735 3659 3805">
    <p class='ocr_par' dir='ltr' id='par_1_68' title="bbox 2093 3735 3659 3805">
     <span class='ocr_line' id='line_1_68' title="bbox 2093 3735 3659 3805; baseline -0.006 -10"><span class='ocrx_word' id='word_1_489' title='bbox 2093 3751 2230 3795; x_wconf 90' lang='lat' dir='ltr'><strong>tunt.</strong></span> <span class='ocrx_word' id='word_1_490' title='bbox 2259 3739 2392 3793; x_wconf 86' lang='lat' dir='ltr'><strong>Tres</strong></span> <span class='ocrx_word' id='word_1_491' title='bbox 2419 3746 2595 3792; x_wconf 86' lang='lat' dir='ltr'><strong>autem</strong></span> <span class='ocrx_word' id='word_1_492' title='bbox 2621 3736 2953 3791; x_wconf 87' lang='lat' dir='ltr'><strong>solummodo</strong></span> <span class='ocrx_word' id='word_1_493' title='bbox 2992 3746 3196 3790; x_wconf 70' lang='lat' dir='ltr'><strong>octavae</strong></span> <span class='ocrx_word' id='word_1_494' title='bbox 3223 3751 3318 3805; x_wconf 73' lang='lat' dir='ltr'><strong>per</strong></span> <span class='ocrx_word' id='word_1_495' title='bbox 3349 3750 3546 3788; x_wconf 89' lang='lat' dir='ltr'><strong>annum</strong></span> <span class='ocrx_word' id='word_1_496' title='bbox 3590 3735 3659 3786; x_wconf 87' lang='lat' dir='ltr'><strong>ita</strong></span> 
     </span>
    </p>
   </div>
   <div class='ocr_carea' id='block_1_69' title="bbox 2091 3825 3658 3898">
    <p class='ocr_par' dir='ltr' id='par_1_69' title="bbox 2091 3825 3658 3898">
     <span class='ocr_line' id='line_1_69' title="bbox 2091 3825 3658 3898; baseline -0.006 -12"><span class='ocrx_word' id='word_1_497' title='bbox 2091 3832 2467 3892; x_wconf 85' lang='lat' dir='ltr'><strong>celebrantur,</strong></span> <span class='ocrx_word' id='word_1_498' title='bbox 2493 3838 2552 3882; x_wconf 89' lang='lat' dir='ltr'><strong>ut</strong></span> <span class='ocrx_word' id='word_1_499' title='bbox 2591 3825 2836 3898; x_wconf 79' lang='lat' dir='ltr'><strong>ieiunare</strong></span> <span class='ocrx_word' id='word_1_500' title='bbox 2878 3825 2966 3880; x_wconf 89' lang='lat' dir='ltr'><strong>hic</strong></span> <span class='ocrx_word' id='word_1_501' title='bbox 2999 3839 3158 3880; x_wconf 89' lang='lat' dir='ltr'><strong>nemo</strong></span> <span class='ocrx_word' id='word_1_502' title='bbox 3187 3833 3410 3895; x_wconf 79' lang='lat' dir='ltr'><strong>cogatur</strong></span> <span class='ocrx_word' id='word_1_503' title='bbox 3437 3864 3450 3889; x_wconf 91' lang='lat'><strong>,</strong></span> <span class='ocrx_word' id='word_1_504' title='bbox 3483 3825 3533 3878; x_wconf 92' lang='lat' dir='ltr'><strong>id</strong></span> <span class='ocrx_word' id='word_1_505' title='bbox 3557 3831 3658 3886; x_wconf 84' lang='lat' dir='ltr'><strong>est,</strong></span> 
     </span>
    </p>
   </div>
   <div class='ocr_carea' id='block_1_70' title="bbox 2095 3916 3656 3981">
    <p class='ocr_par' dir='ltr' id='par_1_70' title="bbox 2095 3916 3656 3981">
     <span class='ocr_line' id='line_1_70' title="bbox 2095 3916 3656 3981; baseline -0.003 -7"><span class='ocrx_word' id='word_1_506' title='bbox 2095 3924 2382 3976; x_wconf 69' lang='lat' dir='ltr'><strong>Dominica:</strong></span> <span class='ocrx_word' id='word_1_507' title='bbox 2424 3918 2890 3981; x_wconf 80' lang='lat' dir='ltr'><strong>Resurrectionis,</strong></span> <span class='ocrx_word' id='word_1_508' title='bbox 2927 3926 2980 3971; x_wconf 92' lang='lat' dir='ltr'><strong>et</strong></span> <span class='ocrx_word' id='word_1_509' title='bbox 3025 3927 3227 3971; x_wconf 65' lang='lat' dir='ltr'><strong>sancta:</strong></span> <span class='ocrx_word' id='word_1_510' title='bbox 3273 3916 3656 3978; x_wconf 85' lang='lat' dir='ltr'><strong>Peutecostcs,</strong></span> 
     </span>
    </p>
   </div>
   <div class='ocr_carea' id='block_1_71' title="bbox 2093 4008 3664 4080">
    <p class='ocr_par' dir='ltr' id='par_1_71' title="bbox 2093 4008 3664 4080">
     <span class='ocr_line' id='line_1_71' title="bbox 2093 4008 3664 4080; baseline -0.005 -13"><span class='ocrx_word' id='word_1_511' title='bbox 2093 4024 2254 4080; x_wconf 87' lang='lat' dir='ltr'><strong>atque</strong></span> <span class='ocrx_word' id='word_1_512' title='bbox 2276 4010 2478 4065; x_wconf 81' lang='lat' dir='ltr'><strong>Natalis</strong></span> <span class='ocrx_word' id='word_1_513' title='bbox 2506 4009 2730 4064; x_wconf 87' lang='lat' dir='ltr'><strong>Domini.</strong></span> <span class='ocrx_word' id='word_1_514' title='bbox 2767 4009 2872 4062; x_wconf 87' lang='lat' dir='ltr'><strong>Sed</strong></span> <span class='ocrx_word' id='word_1_515' title='bbox 2899 4008 3242 4077; x_wconf 84' lang='lat' dir='ltr'><strong>quibusdam,</strong></span> <span class='ocrx_word' id='word_1_516' title='bbox 3275 4008 3401 4075; x_wconf 88' lang='lat' dir='ltr'><strong>quia</strong></span> <span class='ocrx_word' id='word_1_517' title='bbox 3442 4017 3664 4077; x_wconf 85' lang='lat' dir='ltr'><strong>propter</strong></span> 
     </span>
    </p>
   </div>
   <div class='ocr_carea' id='block_1_72' title="bbox 2094 4097 3663 4172">
    <p class='ocr_par' dir='ltr' id='par_1_72' title="bbox 2094 4097 3663 4172">
     <span class='ocr_line' id='line_1_72' title="bbox 2094 4097 3663 4172; baseline -0.005 -15"><span class='ocrx_word' id='word_1_518' title='bbox 2094 4103 2496 4158; x_wconf 80' lang='lat' dir='ltr'><strong>desuetudinem</strong></span> <span class='ocrx_word' id='word_1_519' title='bbox 2525 4100 2585 4172; x_wconf 67' lang='lat' dir='ltr'><strong>if.</strong></span> <span class='ocrx_word' id='word_1_520' title='bbox 2601 4097 3065 4168; x_wconf 68' lang='lat' dir='ltr'><strong>consuetudinem,l</strong></span> <span class='ocrx_word' id='word_1_521' title='bbox 3081 4112 3241 4166; x_wconf 79' lang='lat' dir='ltr'><strong>grave</strong></span> <span class='ocrx_word' id='word_1_522' title='bbox 3255 4107 3335 4150; x_wconf 84' lang='lat' dir='ltr'><strong>est</strong></span> <span class='ocrx_word' id='word_1_523' title='bbox 3359 4099 3518 4151; x_wconf 88' lang='lat' dir='ltr'><strong>totius</strong></span> <span class='ocrx_word' id='word_1_524' title='bbox 3540 4097 3663 4150; x_wconf 75' lang='lat' dir='ltr'><strong>heb-</strong></span> 
     </span>
    </p>
   </div>
   <div class='ocr_carea' id='block_1_73' title="bbox 2095 4189 3661 4258">
    <p class='ocr_par' dir='ltr' id='par_1_73' title="bbox 2095 4189 3661 4258">
     <span class='ocr_line' id='line_1_73' title="bbox 2095 4189 3661 4258; baseline -0.007 -7"><span class='ocrx_word' id='word_1_525' title='bbox 2095 4196 2336 4251; x_wconf 65' lang='lat' dir='ltr'><strong>domadas</strong></span> <span class='ocrx_word' id='word_1_526' title='bbox 2367 4194 2543 4248; x_wconf 78' lang='lat' dir='ltr'><strong>binum</strong></span> <span class='ocrx_word' id='word_1_527' title='bbox 2572 4192 2885 4244; x_wconf 72' lang='lat' dir='ltr'><strong>continuare</strong></span> <span class='ocrx_word' id='word_1_528' title='bbox 2914 4189 3261 4243; x_wconf 87' lang='lat' dir='ltr'><strong>refectionem</strong></span> <span class='ocrx_word' id='word_1_529' title='bbox 3280 4229 3294 4250; x_wconf 92' lang='lat'><strong>,</strong></span> <span class='ocrx_word' id='word_1_530' title='bbox 3328 4191 3661 4258; x_wconf 82' lang='lat' dir='ltr'><strong>quandoqui-</strong></span> 
     </span>
    </p>
   </div>
   <div class='ocr_carea' id='block_1_74' title="bbox 2095 4275 3660 4346">
    <p class='ocr_par' dir='ltr' id='par_1_74' title="bbox 2095 4275 3660 4346">
     <span class='ocr_line' id='line_1_74' title="bbox 2095 4275 3660 4346; baseline -0.005 -10"><span class='ocrx_word' id='word_1_531' title='bbox 2095 4285 2217 4336; x_wconf 85' lang='lat' dir='ltr'><strong>dem</strong></span> <span class='ocrx_word' id='word_1_532' title='bbox 2240 4285 2340 4337; x_wconf 90' lang='lat' dir='ltr'><strong>hoc</strong></span> <span class='ocrx_word' id='word_1_533' title='bbox 2368 4279 2638 4332; x_wconf 89' lang='lat' dir='ltr'><strong>humiliter</strong></span> <span class='ocrx_word' id='word_1_534' title='bbox 2667 4285 2958 4346; x_wconf 82' lang='lat' dir='ltr'><strong>expetunt,</strong></span> <span class='ocrx_word' id='word_1_535' title='bbox 2983 4275 3228 4343; x_wconf 79' lang='lat' dir='ltr'><strong>ieiunare</strong></span> <span class='ocrx_word' id='word_1_536' title='bbox 3273 4277 3660 4345; x_wconf 84' lang='lat' dir='ltr'><strong>aliquantulum</strong></span> 
     </span>
    </p>
   </div>
   <div class='ocr_carea' id='block_1_75' title="bbox 2093 4364 3662 4441">
    <p class='ocr_par' dir='ltr' id='par_1_75' title="bbox 2093 4364 3662 4441">
     <span class='ocr_line' id='line_1_75' title="bbox 2093 4364 3662 4441; baseline -0.003 -20"><span class='ocrx_word' id='word_1_537' title='bbox 2093 4386 2192 4441; x_wconf 81' lang='lat' dir='ltr'><strong>pro</strong></span> <span class='ocrx_word' id='word_1_538' title='bbox 2216 4367 2577 4423; x_wconf 85' lang='lat' dir='ltr'><strong>misericordia</strong></span> <span class='ocrx_word' id='word_1_539' title='bbox 2605 4368 2992 4420; x_wconf 81' lang='lat' dir='ltr'><strong>conceduntur.</strong></span> <span class='ocrx_word' id='word_1_540' title='bbox 3019 4364 3362 4418; x_wconf 83' lang='lat' dir='ltr'><strong>Consuetudo</strong></span> <span class='ocrx_word' id='word_1_541' title='bbox 3385 4374 3464 4416; x_wconf 67' lang='lat' dir='ltr'><strong>cst</strong></span> <span class='ocrx_word' id='word_1_542' title='bbox 3485 4375 3662 4418; x_wconf 81' lang='lat' dir='ltr'><strong>autem</strong></span> 
     </span>
    </p>
   </div>
   <div class='ocr_carea' id='block_1_76' title="bbox 2098 4455 3664 4523">
    <p class='ocr_par' dir='ltr' id='par_1_76' title="bbox 2098 4455 3664 4523">
     <span class='ocr_line' id='line_1_76' title="bbox 2098 4455 3664 4523; baseline -0.004 -9"><span class='ocrx_word' id='word_1_543' title='bbox 2098 4460 2348 4514; x_wconf 85' lang='lat' dir='ltr'><strong>fratribus</strong></span> <span class='ocrx_word' id='word_1_544' title='bbox 2379 4459 2430 4512; x_wconf 90' lang='lat' dir='ltr'><strong>in</strong></span> <span class='ocrx_word' id='word_1_545' title='bbox 2461 4457 2642 4511; x_wconf 88' lang='lat' dir='ltr'><strong>diebus</strong></span> <span class='ocrx_word' id='word_1_546' title='bbox 2667 4456 2957 4509; x_wconf 87' lang='lat' dir='ltr'><strong>Dominicis</strong></span> <span class='ocrx_word' id='word_1_547' title='bbox 2993 4455 3139 4507; x_wconf 85' lang='lat' dir='ltr'><strong>outni</strong></span> <span class='ocrx_word' id='word_1_548' title='bbox 3167 4464 3427 4523; x_wconf 88' lang='lat' dir='ltr'><strong>tempore,</strong></span> <span class='ocrx_word' id='word_1_549' title='bbox 3469 4466 3664 4523; x_wconf 69' lang='lat' dir='ltr'><strong>prartcr</strong></span> 
     </span>
    </p>
   </div>
   <div class='ocr_carea' id='block_1_77' title="bbox 2097 4545 3664 4618">
    <p class='ocr_par' dir='ltr' id='par_1_77' title="bbox 2097 4545 3664 4618">
     <span class='ocr_line' id='line_1_77' title="bbox 2097 4545 3664 4618; baseline -0.003 -13"><span class='ocrx_word' id='word_1_550' title='bbox 2097 4549 2533 4618; x_wconf 78' lang='lat' dir='ltr'><strong>quadragesimas</strong></span> <span class='ocrx_word' id='word_1_551' title='bbox 2561 4546 2716 4607; x_wconf 87' lang='lat' dir='ltr'><strong>duas,</strong></span> <span class='ocrx_word' id='word_1_552' title='bbox 2756 4548 2859 4598; x_wconf 94' lang='lat' dir='ltr'><strong>duo</strong></span> <span class='ocrx_word' id='word_1_553' title='bbox 2882 4545 3080 4599; x_wconf 82' lang='lat' dir='ltr'><strong>habere</strong></span> <span class='ocrx_word' id='word_1_554' title='bbox 3119 4545 3423 4614; x_wconf 86' lang='lat' dir='ltr'><strong>pulmenta;</strong></span> <span class='ocrx_word' id='word_1_555' title='bbox 3461 4546 3510 4598; x_wconf 93' lang='lat' dir='ltr'><strong>in</strong></span> <span class='ocrx_word' id='word_1_556' title='bbox 3545 4547 3664 4600; x_wconf 87' lang='lat' dir='ltr'><strong>aliis</strong></span> 
     </span>
    </p>
   </div>
   <div class='ocr_carea' id='block_1_78' title="bbox 2096 4633 3660 4704">
    <p class='ocr_par' dir='ltr' id='par_1_78' title="bbox 2096 4633 3660 4704">
     <span class='ocr_line' id='line_1_78' title="bbox 2096 4633 3660 4704; baseline -0.001 -14"><span class='ocrx_word' id='word_1_557' title='bbox 2096 4653 2229 4692; x_wconf 85' lang='lat' dir='ltr'><strong>vero</strong></span> <span class='ocrx_word' id='word_1_558' title='bbox 2263 4638 2448 4690; x_wconf 86' lang='lat' dir='ltr'><strong>diebus</strong></span> <span class='ocrx_word' id='word_1_559' title='bbox 2476 4651 2634 4688; x_wconf 89' lang='lat' dir='ltr'><strong>unum</strong></span> <span class='ocrx_word' id='word_1_560' title='bbox 2663 4635 3014 4688; x_wconf 85' lang='lat' dir='ltr'><strong>solummodo.</strong></span> <span class='ocrx_word' id='word_1_561' title='bbox 3039 4634 3191 4699; x_wconf 29' lang='lat' dir='ltr'><strong>Etldc</strong></span> <span class='ocrx_word' id='word_1_562' title='bbox 3213 4633 3428 4704; x_wconf 86' lang='lat' dir='ltr'><strong>jejuniis</strong></span> <span class='ocrx_word' id='word_1_563' title='bbox 3449 4635 3660 4703; x_wconf 87' lang='lat' dir='ltr'><strong>quidem</strong></span> 
     </span>
    </p>
   </div>
   <div class='ocr_carea' id='block_1_79' title="bbox 2099 4727 2506 4785">
    <p class='ocr_par' dir='ltr' id='par_1_79' title="bbox 2099 4727 2506 4785">
     <span class='ocr_line' id='line_1_79' title="bbox 2099 4727 2506 4785; baseline -0.012 0"><span class='ocrx_word' id='word_1_564' title='bbox 2099 4732 2196 4785; x_wconf 89' lang='lat' dir='ltr'><strong>ista</strong></span> <span class='ocrx_word' id='word_1_565' title='bbox 2222 4727 2506 4784; x_wconf 75' lang='lat' dir='ltr'><strong>sulficiant.</strong></span> 
     </span>
    </p>
   </div>
   <div class='ocr_carea' id='block_1_80' title="bbox 2163 4816 3657 4886">
    <p class='ocr_par' dir='ltr' id='par_1_80' title="bbox 2163 4816 3657 4886">
     <span class='ocr_line' id='line_1_80' title="bbox 2163 4816 3657 4886; baseline -0.003 -11"><span class='ocrx_word' id='word_1_566' title='bbox 2163 4822 2221 4875; x_wconf 85' lang='lat' dir='ltr'><strong>In</strong></span> <span class='ocrx_word' id='word_1_567' title='bbox 2252 4820 2459 4876; x_wconf 69' lang='lat' dir='ltr'><strong>cmleris</strong></span> <span class='ocrx_word' id='word_1_568' title='bbox 2492 4831 2666 4872; x_wconf 81' lang='lat' dir='ltr'><strong>autent</strong></span> <span class='ocrx_word' id='word_1_569' title='bbox 2709 4816 2999 4886; x_wconf 78' lang='lat' dir='ltr'><strong>spiriltlalis</strong></span> <span class='ocrx_word' id='word_1_570' title='bbox 3026 4817 3266 4870; x_wconf 77' lang='lat' dir='ltr'><strong>exercitii</strong></span> <span class='ocrx_word' id='word_1_571' title='bbox 3299 4816 3508 4881; x_wconf 83' lang='lat' dir='ltr'><strong>studiis,</strong></span> <span class='ocrx_word' id='word_1_572' title='bbox 3539 4833 3657 4886; x_wconf 69' lang='lat' dir='ltr'><strong>qua:</strong></span> 
     </span>
    </p>
   </div>
   <div class='ocr_carea' id='block_1_81' title="bbox 2095 4912 3654 4982">
    <p class='ocr_par' dir='ltr' id='par_1_81' title="bbox 2095 4912 3654 4982">
     <span class='ocr_line' id='line_1_81' title="bbox 2095 4912 3654 4982; baseline -0.003 -13"><span class='ocrx_word' id='word_1_573' title='bbox 2095 4917 2167 4969; x_wconf 78' lang='lat' dir='ltr'><strong>sit</strong></span> <span class='ocrx_word' id='word_1_574' title='bbox 2189 4915 2424 4969; x_wconf 85' lang='lat' dir='ltr'><strong>continui</strong></span> <span class='ocrx_word' id='word_1_575' title='bbox 2456 4913 2677 4965; x_wconf 80' lang='lat' dir='ltr'><strong>fervoris</strong></span> <span class='ocrx_word' id='word_1_576' title='bbox 2711 4912 2979 4973; x_wconf 72' lang='lat' dir='ltr'><strong>instantia,</strong></span> <span class='ocrx_word' id='word_1_577' title='bbox 3011 4927 3129 4979; x_wconf 76' lang='lat' dir='ltr'><strong>qua:</strong></span> <span class='ocrx_word' id='word_1_578' title='bbox 3150 4913 3474 4976; x_wconf 84' lang='lat' dir='ltr'><strong>sollicitudo,</strong></span> <span class='ocrx_word' id='word_1_579' title='bbox 3496 4929 3654 4982; x_wconf 90' lang='lat' dir='ltr'><strong>quam</strong></span> 
     </span>
    </p>
   </div>
   <div class='ocr_carea' id='block_1_82' title="bbox 2097 5003 3656 5076">
    <p class='ocr_par' dir='ltr' id='par_1_82' title="bbox 2097 5003 3656 5076">
     <span class='ocr_line' id='line_1_82' title="bbox 2097 5003 3656 5076; baseline -0.001 -17"><span class='ocrx_word' id='word_1_580' title='bbox 2097 5009 2221 5076; x_wconf 72' lang='lat' dir='ltr'><strong>vigil</strong></span> <span class='ocrx_word' id='word_1_581' title='bbox 2251 5016 2306 5060; x_wconf 85' lang='lat' dir='ltr'><strong>et</strong></span> <span class='ocrx_word' id='word_1_582' title='bbox 2330 5020 2552 5072; x_wconf 61' lang='lat' dir='ltr'><strong>operosa</strong></span> <span class='ocrx_word' id='word_1_583' title='bbox 2593 5003 2928 5072; x_wconf 74' lang='lat' dir='ltr'><strong>frequentia,</strong></span> <span class='ocrx_word' id='word_1_584' title='bbox 2979 5005 3139 5055; x_wconf 91' lang='lat' dir='ltr'><strong>timeo</strong></span> <span class='ocrx_word' id='word_1_585' title='bbox 3167 5003 3345 5057; x_wconf 83' lang='lat' dir='ltr'><strong>dicere</strong></span> <span class='ocrx_word' id='word_1_586' title='bbox 3373 5020 3386 5053; x_wconf 89' lang='lat'>:</span> <span class='ocrx_word' id='word_1_587' title='bbox 3428 5020 3494 5058; x_wconf 93' lang='lat' dir='ltr'><strong>ne</strong></span> <span class='ocrx_word' id='word_1_588' title='bbox 3529 5006 3656 5058; x_wconf 88' lang='lat' dir='ltr'><strong>mihi</strong></span> 
     </span>
    </p>
   </div>
   <div class='ocr_carea' id='block_1_83' title="bbox 2097 5093 3660 5164">
    <p class='ocr_par' dir='ltr' id='par_1_83' title="bbox 2097 5093 3660 5164">
     <span class='ocr_line' id='line_1_83' title="bbox 2097 5093 3660 5164; baseline -0.003 -11"><span class='ocrx_word' id='word_1_589' title='bbox 2097 5097 2378 5158; x_wconf 83' lang='lat' dir='ltr'><strong>similibus,</strong></span> <span class='ocrx_word' id='word_1_590' title='bbox 2413 5094 2692 5148; x_wconf 73' lang='lat' dir='ltr'><strong>desidiosis</strong></span> <span class='ocrx_word' id='word_1_591' title='bbox 2736 5093 3001 5157; x_wconf 85' lang='lat' dir='ltr'><strong>videlicet,</strong></span> <span class='ocrx_word' id='word_1_592' title='bbox 3049 5102 3104 5145; x_wconf 85' lang='lat' dir='ltr'><strong>et</strong></span> <span class='ocrx_word' id='word_1_593' title='bbox 3147 5095 3538 5164; x_wconf 77' lang='lat' dir='ltr'><strong>negligentibus</strong></span> <span class='ocrx_word' id='word_1_594' title='bbox 3584 5097 3660 5148; x_wconf 82' lang='lat' dir='ltr'><strong>vi-</strong></span> 
     </span>
    </p>
   </div>
   <div class='ocr_carea' id='block_1_84' title="bbox 2098 5183 3660 5251">
    <p class='ocr_par' dir='ltr' id='par_1_84' title="bbox 2098 5183 3660 5251">
     <span class='ocr_line' id='line_1_84' title="bbox 2098 5183 3660 5251; baseline -0.006 -10"><span class='ocrx_word' id='word_1_595' title='bbox 2098 5188 2227 5240; x_wconf 85' lang='lat' dir='ltr'><strong>dear</strong></span> <span class='ocrx_word' id='word_1_596' title='bbox 2255 5198 2515 5236; x_wconf 84' lang='lat' dir='ltr'><strong>onerosus</strong></span> <span class='ocrx_word' id='word_1_597' title='bbox 2544 5183 2795 5244; x_wconf 75' lang='lat' dir='ltr'><strong>existere,</strong></span> <span class='ocrx_word' id='word_1_598' title='bbox 2829 5193 2989 5250; x_wconf 73' lang='lat' dir='ltr'><strong>atque</strong></span> <span class='ocrx_word' id='word_1_599' title='bbox 3030 5197 3214 5235; x_wconf 86' lang='lat' dir='ltr'><strong>eorum</strong></span> <span class='ocrx_word' id='word_1_600' title='bbox 3254 5183 3305 5235; x_wconf 92' lang='lat' dir='ltr'><strong>in</strong></span> <span class='ocrx_word' id='word_1_601' title='bbox 3347 5198 3429 5235; x_wconf 87' lang='lat' dir='ltr'><strong>me</strong></span> <span class='ocrx_word' id='word_1_602' title='bbox 3459 5184 3660 5251; x_wconf 75' lang='lat' dir='ltr'><strong>aliqua.</strong></span> 
     </span>
    </p>
   </div>
   <div class='ocr_carea' id='block_1_85' title="bbox 2101 5270 3658 5332">
    <p class='ocr_par' dir='ltr' id='par_1_85' title="bbox 2101 5270 3658 5332">
     <span class='ocr_line' id='line_1_85' title="bbox 2101 5270 3658 5332; baseline -0.003 -3"><span class='ocrx_word' id='word_1_603' title='bbox 2101 5287 2257 5329; x_wconf 78' lang='lat' dir='ltr'><strong>tenus</strong></span> <span class='ocrx_word' id='word_1_604' title='bbox 2289 5272 2540 5325; x_wconf 72' lang='lat' dir='ltr'><strong>invidiam</strong></span> <span class='ocrx_word' id='word_1_605' title='bbox 2577 5270 2846 5325; x_wconf 88' lang='lat' dir='ltr'><strong>concitare</strong></span> <span class='ocrx_word' id='word_1_606' title='bbox 2885 5289 2896 5322; x_wconf 92' lang='lat'><strong>:</strong></span> <span class='ocrx_word' id='word_1_607' title='bbox 2950 5271 3049 5323; x_wconf 86' lang='lat' dir='ltr'><strong>hoc</strong></span> <span class='ocrx_word' id='word_1_608' title='bbox 3093 5280 3269 5325; x_wconf 88' lang='lat' dir='ltr'><strong>tamen</strong></span> <span class='ocrx_word' id='word_1_609' title='bbox 3306 5272 3436 5324; x_wconf 88' lang='lat' dir='ltr'><strong>mihi</strong></span> <span class='ocrx_word' id='word_1_610' title='bbox 3480 5272 3658 5332; x_wconf 72' lang='lat' dir='ltr'><strong>liccat,</strong></span> 
     </span>
    </p>
   </div>
   <div class='ocr_carea' id='block_1_86' title="bbox 2100 5361 3660 5434">
    <p class='ocr_par' dir='ltr' id='par_1_86' title="bbox 2100 5361 3660 5434">
     <span class='ocr_line' id='line_1_86' title="bbox 2100 5361 3660 5434; baseline -0.001 -18"><span class='ocrx_word' id='word_1_611' title='bbox 2100 5368 2223 5434; x_wconf 82' lang='lat' dir='ltr'><strong>quia</strong></span> <span class='ocrx_word' id='word_1_612' title='bbox 2261 5375 2402 5418; x_wconf 79' lang='lat' dir='ltr'><strong>tanta</strong></span> <span class='ocrx_word' id='word_1_613' title='bbox 2438 5372 2521 5415; x_wconf 84' lang='lat' dir='ltr'><strong>est</strong></span> <span class='ocrx_word' id='word_1_614' title='bbox 2560 5362 2829 5426; x_wconf 81' lang='lat' dir='ltr'><strong>diligentia</strong></span> <span class='ocrx_word' id='word_1_615' title='bbox 2885 5362 2933 5414; x_wconf 91' lang='lat' dir='ltr'><strong>iu</strong></span> <span class='ocrx_word' id='word_1_616' title='bbox 2975 5361 3292 5417; x_wconf 74' lang='lat' dir='ltr'><strong>ﬂexionibus</strong></span> <span class='ocrx_word' id='word_1_617' title='bbox 3323 5379 3580 5432; x_wconf 82' lang='lat' dir='ltr'><strong>genuum,</strong></span> <span class='ocrx_word' id='word_1_618' title='bbox 3612 5367 3660 5415; x_wconf 79' lang='lat' dir='ltr'><strong>in</strong></span> 
     </span>
    </p>
   </div>
   <div class='ocr_carea' id='block_1_87' title="bbox 2099 5453 3665 5524">
    <p class='ocr_par' dir='ltr' id='par_1_87' title="bbox 2099 5453 3665 5524">
     <span class='ocr_line' id='line_1_87' title="bbox 2099 5453 3665 5524; baseline 0.003 -20"><span class='ocrx_word' id='word_1_619' title='bbox 2099 5455 2394 5524; x_wconf 74' lang='lat' dir='ltr'><strong>disciplinis</strong></span> <span class='ocrx_word' id='word_1_620' title='bbox 2423 5467 2731 5520; x_wconf 61' lang='lat' dir='ltr'><strong>sizoiiarum,</strong></span> <span class='ocrx_word' id='word_1_621' title='bbox 2764 5459 2819 5503; x_wconf 85' lang='lat' dir='ltr'><strong>et</strong></span> <span class='ocrx_word' id='word_1_622' title='bbox 2871 5453 2918 5504; x_wconf 91' lang='lat' dir='ltr'><strong>in</strong></span> <span class='ocrx_word' id='word_1_623' title='bbox 2973 5456 3176 5505; x_wconf 57' lang='lat' dir='ltr'><strong>caeteris</strong></span> <span class='ocrx_word' id='word_1_624' title='bbox 3226 5454 3554 5520; x_wconf 34' lang='lat' dir='ltr'><strong>huiusmodi,</strong></span> <span class='ocrx_word' id='word_1_625' title='bbox 3610 5467 3665 5509; x_wconf 91' lang='lat' dir='ltr'><strong>ut</strong></span> 
     </span>
    </p>
   </div>
   <div class='ocr_carea' id='block_1_88' title="bbox 2100 5541 3660 5615">
    <p class='ocr_par' dir='ltr' id='par_1_88' title="bbox 2100 5541 3660 5615">
     <span class='ocr_line' id='line_1_88' title="bbox 2100 5541 3660 5615; baseline 0.004 -24"><span class='ocrx_word' id='word_1_626' title='bbox 2100 5566 2216 5598; x_wconf 66' lang='lat' dir='ltr'><strong>mm</strong></span> <span class='ocrx_word' id='word_1_627' title='bbox 2250 5545 2472 5615; x_wconf 76' lang='lat' dir='ltr'><strong>quilibet</strong></span> <span class='ocrx_word' id='word_1_628' title='bbox 2516 5544 2782 5610; x_wconf 63' lang='lat' dir='ltr'><strong>pi‘miitens</strong></span> <span class='ocrx_word' id='word_1_629' title='bbox 2815 5541 3026 5594; x_wconf 66' lang='lat' dir='ltr'><strong>incerte</strong></span> <span class='ocrx_word' id='word_1_630' title='bbox 3058 5547 3248 5597; x_wconf 81' lang='lat' dir='ltr'><strong>mentis</strong></span> <span class='ocrx_word' id='word_1_631' title='bbox 3281 5555 3450 5610; x_wconf 83' lang='lat' dir='ltr'><strong>metu,</strong></span> <span class='ocrx_word' id='word_1_632' title='bbox 3485 5545 3660 5612; x_wconf 66' lang='lat' dir='ltr'><strong>injun-</strong></span> 
     </span>
    </p>
   </div>
   <div class='ocr_carea' id='block_1_89' title="bbox 2104 5635 3660 5706">
    <p class='ocr_par' dir='ltr' id='par_1_89' title="bbox 2104 5635 3660 5706">
     <span class='ocr_line' id='line_1_89' title="bbox 2104 5635 3660 5706; baseline 0.001 -18"><span class='ocrx_word' id='word_1_633' title='bbox 2104 5650 2240 5690; x_wconf 67' lang='lat' dir='ltr'><strong>i-tam</strong></span> <span class='ocrx_word' id='word_1_634' title='bbox 2265 5636 2628 5705; x_wconf 63' lang='lat' dir='ltr'><strong>[viruitcnliam</strong></span> <span class='ocrx_word' id='word_1_635' title='bbox 2663 5649 2755 5701; x_wconf 74' lang='lat' dir='ltr'><strong>per</strong></span> <span class='ocrx_word' id='word_1_636' title='bbox 2800 5635 2909 5685; x_wconf 76' lang='lat' dir='ltr'><strong>hzcc</strong></span> <span class='ocrx_word' id='word_1_637' title='bbox 2941 5635 3171 5687; x_wconf 76' lang='lat' dir='ltr'><strong>remedia</strong></span> <span class='ocrx_word' id='word_1_638' title='bbox 3220 5637 3437 5705; x_wconf 85' lang='lat' dir='ltr'><strong>implere</strong></span> <span class='ocrx_word' id='word_1_639' title='bbox 3467 5637 3660 5706; x_wconf 72' lang='lat' dir='ltr'><strong>przeci-</strong></span> 
     </span>
    </p>
   </div>
   <div class='ocr_carea' id='block_1_90' title="bbox 2103 5722 3658 5796">
    <p class='ocr_par' dir='ltr' id='par_1_90' title="bbox 2103 5722 3658 5796">
     <span class='ocr_line' id='line_1_90' title="bbox 2103 5722 3658 5796; baseline -0.002 -17"><span class='ocrx_word' id='word_1_640' title='bbox 2103 5729 2261 5796; x_wconf 85' lang='lat' dir='ltr'><strong>pitur,</strong></span> <span class='ocrx_word' id='word_1_641' title='bbox 2306 5725 2450 5779; x_wconf 82' lang='lat' dir='ltr'><strong>brevi</strong></span> <span class='ocrx_word' id='word_1_642' title='bbox 2482 5735 2716 5793; x_wconf 86' lang='lat' dir='ltr'><strong>tempore</strong></span> <span class='ocrx_word' id='word_1_643' title='bbox 2745 5722 2896 5791; x_wconf 70' lang='lat' dir='ltr'><strong>longa</strong></span> <span class='ocrx_word' id='word_1_644' title='bbox 2935 5724 3243 5791; x_wconf 68' lang='lat' dir='ltr'><strong>ptenitcntia</strong></span> <span class='ocrx_word' id='word_1_645' title='bbox 3293 5736 3658 5790; x_wconf 87' lang='lat' dir='ltr'><strong>consumatur,</strong></span> 
     </span>
    </p>
   </div>
   <div class='ocr_carea' id='block_1_91' title="bbox 2105 5814 3658 5883">
    <p class='ocr_par' dir='ltr' id='par_1_91' title="bbox 2105 5814 3658 5883">
     <span class='ocr_line' id='line_1_91' title="bbox 2105 5814 3658 5883; baseline 0 -12"><span class='ocrx_word' id='word_1_646' title='bbox 2105 5818 2242 5871; x_wconf 71' lang='lat' dir='ltr'><strong>salva</strong></span> <span class='ocrx_word' id='word_1_647' title='bbox 2280 5827 2454 5868; x_wconf 83' lang='lat' dir='ltr'><strong>tamen</strong></span> <span class='ocrx_word' id='word_1_648' title='bbox 2498 5814 2913 5874; x_wconf 84' lang='lat' dir='ltr'><strong>consuetudine,</strong></span> <span class='ocrx_word' id='word_1_649' title='bbox 2964 5823 3020 5864; x_wconf 89' lang='grc' dir='ltr'><strong>ιιι</strong></span> <span class='ocrx_word' id='word_1_650' title='bbox 3067 5816 3112 5867; x_wconf 87' lang='lat' dir='ltr'><strong>si</strong></span> <span class='ocrx_word' id='word_1_651' title='bbox 3169 5819 3504 5883; x_wconf 83' lang='lat' dir='ltr'><strong>postmodum</strong></span> <span class='ocrx_word' id='word_1_652' title='bbox 3551 5819 3658 5872; x_wconf 78' lang='lat' dir='ltr'><strong>vita</strong></span> 
     </span>
    </p>
   </div>
   <div class='ocr_carea' id='block_1_92' title="bbox 2106 5906 3660 5978">
    <p class='ocr_par' dir='ltr' id='par_1_92' title="bbox 2106 5906 3660 5978">
     <span class='ocr_line' id='line_1_92' title="bbox 2106 5906 3660 5978; baseline -0.003 -12"><span class='ocrx_word' id='word_1_653' title='bbox 2106 5913 2332 5967; x_wconf 79' lang='lat' dir='ltr'><strong>nominis</strong></span> <span class='ocrx_word' id='word_1_654' title='bbox 2373 5911 2424 5963; x_wconf 89' lang='lat' dir='ltr'><strong>in</strong></span> <span class='ocrx_word' id='word_1_655' title='bbox 2456 5912 2665 5977; x_wconf 76' lang='lat' dir='ltr'><strong>longum</strong></span> <span class='ocrx_word' id='word_1_656' title='bbox 2699 5909 2924 5974; x_wconf 80' lang='lat' dir='ltr'><strong>ducitur,</strong></span> <span class='ocrx_word' id='word_1_657' title='bbox 2965 5906 3223 5978; x_wconf 70' lang='lat' dir='ltr'><strong>ieiunium</strong></span> <span class='ocrx_word' id='word_1_658' title='bbox 3258 5923 3357 5961; x_wconf 88' lang='lat' dir='ltr'><strong>non</strong></span> <span class='ocrx_word' id='word_1_659' title='bbox 3392 5909 3660 5977; x_wconf 87' lang='lat' dir='ltr'><strong>relinqua-</strong></span> 
     </span>
    </p>
   </div>
   <div class='ocr_carea' id='block_1_93' title="bbox 3762 3462 5343 3533">
    <p class='ocr_par' dir='ltr' id='par_1_93' title="bbox 3762 3462 5343 3533">
     <span class='ocr_line' id='line_1_93' title="bbox 3762 3462 5343 3533; baseline 0 -16"><span class='ocrx_word' id='word_1_660' title='bbox 3762 3462 4086 3533; x_wconf 84' lang='lat' dir='ltr'><strong>diriguntur,</strong></span> <span class='ocrx_word' id='word_1_661' title='bbox 4135 3463 4265 3517; x_wconf 85' lang='lat' dir='ltr'><strong>foris</strong></span> <span class='ocrx_word' id='word_1_662' title='bbox 4312 3479 4416 3516; x_wconf 89' lang='lat' dir='ltr'><strong>non</strong></span> <span class='ocrx_word' id='word_1_663' title='bbox 4465 3463 4783 3529; x_wconf 78' lang='lat' dir='ltr'><strong>comedunt,</strong></span> <span class='ocrx_word' id='word_1_664' title='bbox 4813 3463 4855 3517; x_wconf 73' lang='lat' dir='ltr'><strong>si</strong></span> <span class='ocrx_word' id='word_1_665' title='bbox 4889 3477 4953 3517; x_wconf 85' lang='lat' dir='ltr'><strong>eo</strong></span> <span class='ocrx_word' id='word_1_666' title='bbox 4998 3463 5083 3517; x_wconf 86' lang='lat' dir='ltr'><strong>die</strong></span> <span class='ocrx_word' id='word_1_667' title='bbox 5122 3475 5343 3532; x_wconf 73' lang='lat' dir='ltr'><strong>sperant</strong></span> 
     </span>
    </p>
   </div>
   <div class='ocr_carea' id='block_1_94' title="bbox 3763 3555 5339 3626">
    <p class='ocr_par' dir='ltr' id='par_1_94' title="bbox 3763 3555 5339 3626">
     <span class='ocr_line' id='line_1_94' title="bbox 3763 3555 5339 3626; baseline 0 -18"><span class='ocrx_word' id='word_1_668' title='bbox 3763 3557 3954 3609; x_wconf 83' lang='lat' dir='ltr'><strong>reverti</strong></span> <span class='ocrx_word' id='word_1_669' title='bbox 3997 3573 4007 3584; x_wconf 85' lang='grc'><strong>·</strong></span> <span class='ocrx_word' id='word_1_670' title='bbox 4040 3558 4124 3609; x_wconf 88' lang='lat' dir='ltr'><strong>cui</strong></span> <span class='ocrx_word' id='word_1_671' title='bbox 4157 3555 4401 3609; x_wconf 86' lang='lat' dir='ltr'><strong>videlicet</strong></span> <span class='ocrx_word' id='word_1_672' title='bbox 4451 3555 4808 3610; x_wconf 68' lang='lat' dir='ltr'><strong>observantiae</strong></span> <span class='ocrx_word' id='word_1_673' title='bbox 4844 3555 4970 3609; x_wconf 91' lang='lat' dir='ltr'><strong>illud</strong></span> <span class='ocrx_word' id='word_1_674' title='bbox 4999 3555 5158 3608; x_wconf 87' lang='lat' dir='ltr'><strong>etiam</strong></span> <span class='ocrx_word' id='word_1_675' title='bbox 5200 3558 5339 3626; x_wconf 88' lang='lat' dir='ltr'><strong>apud</strong></span> 
     </span>
    </p>
   </div>
   <div class='ocr_carea' id='block_1_95' title="bbox 3762 3643 5340 3715">
    <p class='ocr_par' dir='ltr' id='par_1_95' title="bbox 3762 3643 5340 3715">
     <span class='ocr_line' id='line_1_95' title="bbox 3762 3643 5340 3715; baseline 0 -16"><span class='ocrx_word' id='word_1_676' title='bbox 3762 3662 3861 3699; x_wconf 92' lang='lat' dir='ltr'><strong>nos</strong></span> <span class='ocrx_word' id='word_1_677' title='bbox 3897 3646 4114 3700; x_wconf 89' lang='lat' dir='ltr'><strong>additur</strong></span> <span class='ocrx_word' id='word_1_678' title='bbox 4146 3665 4157 3699; x_wconf 91' lang='lat'><strong>:</strong></span> <span class='ocrx_word' id='word_1_679' title='bbox 4193 3656 4248 3698; x_wconf 90' lang='lat' dir='ltr'><strong>ut</strong></span> <span class='ocrx_word' id='word_1_680' title='bbox 4279 3647 4392 3701; x_wconf 90' lang='lat' dir='ltr'><strong>sive</strong></span> <span class='ocrx_word' id='word_1_681' title='bbox 4442 3645 4589 3715; x_wconf 90' lang='lat' dir='ltr'><strong>ipso,</strong></span> <span class='ocrx_word' id='word_1_682' title='bbox 4624 3646 4737 3699; x_wconf 87' lang='lat' dir='ltr'><strong>sive</strong></span> <span class='ocrx_word' id='word_1_683' title='bbox 4771 3645 4876 3699; x_wconf 90' lang='lat' dir='ltr'><strong>alio</strong></span> <span class='ocrx_word' id='word_1_684' title='bbox 4906 3645 4992 3700; x_wconf 91' lang='lat' dir='ltr'><strong>die</strong></span> <span class='ocrx_word' id='word_1_685' title='bbox 5033 3643 5196 3699; x_wconf 90' lang='lat' dir='ltr'><strong>fuerit</strong></span> <span class='ocrx_word' id='word_1_686' title='bbox 5221 3646 5340 3714; x_wconf 88' lang='lat' dir='ltr'><strong>quis</strong></span> 
     </span>
    </p>
   </div>
   <div class='ocr_carea' id='block_1_96' title="bbox 3760 3735 5266 3808">
    <p class='ocr_par' dir='ltr' id='par_1_96' title="bbox 3760 3735 5266 3808">
     <span class='ocr_line' id='line_1_96' title="bbox 3760 3735 5266 3808; baseline -0.001 -17"><span class='ocrx_word' id='word_1_687' title='bbox 3760 3751 4008 3808; x_wconf 83' lang='lat' dir='ltr'><strong>egressus</strong></span> <span class='ocrx_word' id='word_1_688' title='bbox 4030 3779 4043 3801; x_wconf 95' lang='lat'><strong>,</strong></span> <span class='ocrx_word' id='word_1_689' title='bbox 4067 3735 4282 3804; x_wconf 81' lang='lat' dir='ltr'><strong>jejunus</strong></span> <span class='ocrx_word' id='word_1_690' title='bbox 4309 3751 4522 3805; x_wconf 89' lang='lat' dir='ltr'><strong>semper</strong></span> <span class='ocrx_word' id='word_1_691' title='bbox 4559 3737 4623 3789; x_wconf 86' lang='lat' dir='ltr'><strong>ad</strong></span> <span class='ocrx_word' id='word_1_692' title='bbox 4674 3752 4913 3790; x_wconf 86' lang='lat' dir='ltr'><strong>eremum</strong></span> <span class='ocrx_word' id='word_1_693' title='bbox 4948 3747 5266 3792; x_wconf 85' lang='lat' dir='ltr'><strong>revertatur.</strong></span> 
     </span>
    </p>
   </div>
   <div class='ocr_carea' id='block_1_97' title="bbox 3832 3826 5337 3883">
    <p class='ocr_par' dir='ltr' id='par_1_97' title="bbox 3832 3826 5337 3883">
     <span class='ocr_line' id='line_1_97' title="bbox 3832 3826 5337 3883; baseline -0.001 -2"><span class='ocrx_word' id='word_1_694' title='bbox 3832 3829 3907 3881; x_wconf 88' lang='lat' dir='ltr'><strong>De</strong></span> <span class='ocrx_word' id='word_1_695' title='bbox 3939 3830 4148 3881; x_wconf 81' lang='lat' dir='ltr'><strong>caeteris</strong></span> <span class='ocrx_word' id='word_1_696' title='bbox 4181 3842 4308 3881; x_wconf 88' lang='lat' dir='ltr'><strong>vero</strong></span> <span class='ocrx_word' id='word_1_697' title='bbox 4340 3827 4652 3882; x_wconf 68' lang='lat' dir='ltr'><strong>monasticae</strong></span> <span class='ocrx_word' id='word_1_698' title='bbox 4697 3826 5052 3883; x_wconf 89' lang='lat' dir='ltr'><strong>institutionis</strong></span> <span class='ocrx_word' id='word_1_699' title='bbox 5077 3827 5337 3883; x_wconf 60' lang='lat' dir='ltr'><strong>observa-</strong></span> 
     </span>
    </p>
   </div>
   <div class='ocr_carea' id='block_1_98' title="bbox 3765 3917 5338 3988">
    <p class='ocr_par' dir='ltr' id='par_1_98' title="bbox 3765 3917 5338 3988">
     <span class='ocr_line' id='line_1_98' title="bbox 3765 3917 5338 3988; baseline 0.001 -18"><span class='ocrx_word' id='word_1_700' title='bbox 3765 3917 3998 3972; x_wconf 90' lang='lat' dir='ltr'><strong>tionibus</strong></span> <span class='ocrx_word' id='word_1_701' title='bbox 4043 3917 4302 3985; x_wconf 88' lang='lat' dir='ltr'><strong>quidquid</strong></span> <span class='ocrx_word' id='word_1_702' title='bbox 4333 3917 4383 3969; x_wconf 90' lang='lat' dir='ltr'><strong>in</strong></span> <span class='ocrx_word' id='word_1_703' title='bbox 4414 3917 4645 3988; x_wconf 84' lang='lat' dir='ltr'><strong>rrgulari</strong></span> <span class='ocrx_word' id='word_1_704' title='bbox 4668 3958 4682 3981; x_wconf 91' lang='lat'><strong>,</strong></span> <span class='ocrx_word' id='word_1_705' title='bbox 4713 3926 4769 3972; x_wconf 93' lang='lat' dir='ltr'><strong>et</strong></span> <span class='ocrx_word' id='word_1_706' title='bbox 4795 3919 5040 3973; x_wconf 89' lang='lat' dir='ltr'><strong>districto</strong></span> <span class='ocrx_word' id='word_1_707' title='bbox 5069 3931 5338 3974; x_wconf 58' lang='lat' dir='ltr'><strong>monaste.</strong></span> 
     </span>
    </p>
   </div>
   <div class='ocr_carea' id='block_1_99' title="bbox 3765 4009 5303 4073">
    <p class='ocr_par' dir='ltr' id='par_1_99' title="bbox 3765 4009 5303 4073">
     <span class='ocr_line' id='line_1_99' title="bbox 3765 4009 5303 4073; baseline 0.003 -11"><span class='ocrx_word' id='word_1_708' title='bbox 3765 4011 3844 4062; x_wconf 91' lang='lat' dir='ltr'><strong>rio</strong></span> <span class='ocrx_word' id='word_1_709' title='bbox 3873 4019 4104 4070; x_wconf 86' lang='lat' dir='ltr'><strong>tenetur,</strong></span> <span class='ocrx_word' id='word_1_710' title='bbox 4126 4010 4262 4062; x_wconf 82' lang='lat' dir='ltr'><strong>idem</strong></span> <span class='ocrx_word' id='word_1_711' title='bbox 4289 4009 4449 4063; x_wconf 88' lang='lat' dir='ltr'><strong>etiam</strong></span> <span class='ocrx_word' id='word_1_712' title='bbox 4479 4011 4567 4064; x_wconf 94' lang='lat' dir='ltr'><strong>hic</strong></span> <span class='ocrx_word' id='word_1_713' title='bbox 4594 4021 4772 4073; x_wconf 83' lang='lat' dir='ltr'><strong>caute,</strong></span> <span class='ocrx_word' id='word_1_714' title='bbox 4800 4024 4854 4065; x_wconf 92' lang='lat' dir='ltr'><strong>et</strong></span> <span class='ocrx_word' id='word_1_715' title='bbox 4879 4012 5105 4066; x_wconf 85' lang='lat' dir='ltr'><strong>solerter</strong></span> <span class='ocrx_word' id='word_1_716' title='bbox 5133 4013 5303 4067; x_wconf 86' lang='lat' dir='ltr'><strong>nihilo</strong></span> 
     </span>
    </p>
   </div>
   <div class='ocr_carea' id='block_1_100' title="bbox 3763 4098 5339 4170">
    <p class='ocr_par' dir='ltr' id='par_1_100' title="bbox 3763 4098 5339 4170">
     <span class='ocr_line' id='line_1_100' title="bbox 3763 4098 5339 4170; baseline 0.002 -17"><span class='ocrx_word' id='word_1_717' title='bbox 3763 4101 3939 4153; x_wconf 85' lang='lat' dir='ltr'><strong>minus</strong></span> <span class='ocrx_word' id='word_1_718' title='bbox 3976 4098 4276 4152; x_wconf 87' lang='lat' dir='ltr'><strong>custoditur</strong></span> <span class='ocrx_word' id='word_1_719' title='bbox 4316 4118 4326 4150; x_wconf 90' lang='lat'>:</span> <span class='ocrx_word' id='word_1_720' title='bbox 4373 4099 4619 4154; x_wconf 89' lang='lat' dir='ltr'><strong>videlicet</strong></span> <span class='ocrx_word' id='word_1_721' title='bbox 4671 4100 4736 4153; x_wconf 89' lang='lat' dir='ltr'><strong>de</strong></span> <span class='ocrx_word' id='word_1_722' title='bbox 4778 4101 5173 4170; x_wconf 84' lang='lat' dir='ltr'><strong>promptissima</strong></span> <span class='ocrx_word' id='word_1_723' title='bbox 5213 4105 5339 4156; x_wconf 82' lang='lat' dir='ltr'><strong>obe-</strong></span> 
     </span>
    </p>
   </div>
   <div class='ocr_carea' id='block_1_101' title="bbox 3763 4192 5338 4262">
    <p class='ocr_par' dir='ltr' id='par_1_101' title="bbox 3763 4192 5338 4262">
     <span class='ocr_line' id='line_1_101' title="bbox 3763 4192 5338 4262; baseline 0.003 -17"><span class='ocrx_word' id='word_1_724' title='bbox 3763 4192 4002 4253; x_wconf 86' lang='lat' dir='ltr'><strong>dientia,</strong></span> <span class='ocrx_word' id='word_1_725' title='bbox 4054 4201 4111 4243; x_wconf 90' lang='lat' dir='ltr'><strong>ut</strong></span> <span class='ocrx_word' id='word_1_726' title='bbox 4159 4193 4518 4260; x_wconf 84' lang='lat' dir='ltr'><strong>quodcunque</strong></span> <span class='ocrx_word' id='word_1_727' title='bbox 4561 4192 4890 4262; x_wconf 65' lang='lat' dir='ltr'><strong>praecipitur,</strong></span> <span class='ocrx_word' id='word_1_728' title='bbox 4949 4193 5338 4250; x_wconf 87' lang='lat' dir='ltr'><strong>ferventissime</strong></span> 
     </span>
    </p>
   </div>
   <div class='ocr_carea' id='block_1_102' title="bbox 3764 4280 5334 4351">
    <p class='ocr_par' dir='ltr' id='par_1_102' title="bbox 3764 4280 5334 4351">
     <span class='ocr_line' id='line_1_102' title="bbox 3764 4280 5334 4351; baseline 0.002 -16"><span class='ocrx_word' id='word_1_729' title='bbox 3764 4291 4091 4350; x_wconf 75' lang='lat' dir='ltr'><strong>peragatur:</strong></span> <span class='ocrx_word' id='word_1_730' title='bbox 4126 4280 4190 4332; x_wconf 89' lang='lat' dir='ltr'><strong>de</strong></span> <span class='ocrx_word' id='word_1_731' title='bbox 4236 4295 4342 4333; x_wconf 91' lang='lat' dir='ltr'><strong>non</strong></span> <span class='ocrx_word' id='word_1_732' title='bbox 4375 4280 4552 4333; x_wconf 90' lang='lat' dir='ltr'><strong>dando</strong></span> <span class='ocrx_word' id='word_1_733' title='bbox 4576 4321 4591 4345; x_wconf 96' lang='lat'><strong>,</strong></span> <span class='ocrx_word' id='word_1_734' title='bbox 4623 4281 4703 4334; x_wconf 86' lang='lat' dir='ltr'><strong>vel</strong></span> <span class='ocrx_word' id='word_1_735' title='bbox 4737 4281 5049 4351; x_wconf 86' lang='lat' dir='ltr'><strong>accipiendo</strong></span> <span class='ocrx_word' id='word_1_736' title='bbox 5079 4282 5334 4350; x_wconf 78' lang='lat' dir='ltr'><strong>sinejus~</strong></span> 
     </span>
    </p>
   </div>
   <div class='ocr_carea' id='block_1_103' title="bbox 3767 4369 5337 4438">
    <p class='ocr_par' dir='ltr' id='par_1_103' title="bbox 3767 4369 5337 4438">
     <span class='ocr_line' id='line_1_103' title="bbox 3767 4369 5337 4438; baseline 0.004 -15"><span class='ocrx_word' id='word_1_737' title='bbox 3767 4370 4133 4438; x_wconf 41' lang='lat' dir='ltr'><strong>sione.prioris</strong></span> <span class='ocrx_word' id='word_1_738' title='bbox 4163 4387 4174 4421; x_wconf 93' lang='lat'><strong>:</strong></span> <span class='ocrx_word' id='word_1_739' title='bbox 4203 4369 4266 4424; x_wconf 90' lang='lat' dir='ltr'><strong>de</strong></span> <span class='ocrx_word' id='word_1_740' title='bbox 4292 4369 4507 4438; x_wconf 87' lang='lat' dir='ltr'><strong>proprio</strong></span> <span class='ocrx_word' id='word_1_741' title='bbox 4538 4385 4644 4424; x_wconf 92' lang='lat' dir='ltr'><strong>non</strong></span> <span class='ocrx_word' id='word_1_742' title='bbox 4670 4371 4916 4425; x_wconf 89' lang='lat' dir='ltr'><strong>habendo</strong></span> <span class='ocrx_word' id='word_1_743' title='bbox 4943 4390 4956 4424; x_wconf 87' lang='lat'><strong>:</strong></span> <span class='ocrx_word' id='word_1_744' title='bbox 4985 4383 5042 4424; x_wconf 91' lang='lat' dir='ltr'><strong>ut</strong></span> <span class='ocrx_word' id='word_1_745' title='bbox 5064 4372 5187 4426; x_wconf 89' lang='lat' dir='ltr'><strong>dum</strong></span> <span class='ocrx_word' id='word_1_746' title='bbox 5213 4385 5337 4429; x_wconf 85' lang='lat' dir='ltr'><strong>sunt</strong></span> 
     </span>
    </p>
   </div>
   <div class='ocr_carea' id='block_1_104' title="bbox 3768 4459 5336 4528">
    <p class='ocr_par' dir='ltr' id='par_1_104' title="bbox 3768 4459 5336 4528">
     <span class='ocr_line' id='line_1_104' title="bbox 3768 4459 5336 4528; baseline 0.002 -12"><span class='ocrx_word' id='word_1_747' title='bbox 3768 4463 3820 4516; x_wconf 92' lang='lat' dir='ltr'><strong>in</strong></span> <span class='ocrx_word' id='word_1_748' title='bbox 3849 4462 4103 4523; x_wconf 84' lang='lat' dir='ltr'><strong>claustro,</strong></span> <span class='ocrx_word' id='word_1_749' title='bbox 4130 4461 4268 4528; x_wconf 91' lang='lat' dir='ltr'><strong>quod</strong></span> <span class='ocrx_word' id='word_1_750' title='bbox 4293 4470 4376 4512; x_wconf 92' lang='lat' dir='ltr'><strong>est</strong></span> <span class='ocrx_word' id='word_1_751' title='bbox 4397 4459 4552 4527; x_wconf 79' lang='lat' dir='ltr'><strong>juxta</strong></span> <span class='ocrx_word' id='word_1_752' title='bbox 4579 4461 4888 4525; x_wconf 84' lang='lat' dir='ltr'><strong>ecclesiam,</strong></span> <span class='ocrx_word' id='word_1_753' title='bbox 4913 4461 5025 4515; x_wconf 88' lang='lat' dir='ltr'><strong>sive</strong></span> <span class='ocrx_word' id='word_1_754' title='bbox 5053 4463 5101 4514; x_wconf 90' lang='lat' dir='ltr'><strong>in</strong></span> <span class='ocrx_word' id='word_1_755' title='bbox 5131 4461 5336 4518; x_wconf 83' lang='lat' dir='ltr'><strong>festivis</strong></span> 
     </span>
    </p>
   </div>
   <div class='ocr_carea' id='block_1_105' title="bbox 3766 4549 5331 4618">
    <p class='ocr_par' dir='ltr' id='par_1_105' title="bbox 3766 4549 5331 4618">
     <span class='ocr_line' id='line_1_105' title="bbox 3766 4549 5331 4618; baseline 0 -12"><span class='ocrx_word' id='word_1_756' title='bbox 3766 4553 3976 4614; x_wconf 84' lang='lat' dir='ltr'><strong>diebus,</strong></span> <span class='ocrx_word' id='word_1_757' title='bbox 4001 4551 4112 4604; x_wconf 88' lang='lat' dir='ltr'><strong>sive</strong></span> <span class='ocrx_word' id='word_1_758' title='bbox 4137 4549 4891 4618; x_wconf 87' lang='lat' dir='ltr'><strong>omnibusincompetcntibus</strong></span> <span class='ocrx_word' id='word_1_759' title='bbox 4906 4551 5331 4606; x_wconf 83' lang='lat' dir='ltr'><strong>horissilentium</strong></span> 
     </span>
    </p>
   </div>
   <div class='ocr_carea' id='block_1_106' title="bbox 3769 4637 5333 4710">
    <p class='ocr_par' dir='ltr' id='par_1_106' title="bbox 3769 4637 5333 4710">
     <span class='ocr_line' id='line_1_106' title="bbox 3769 4637 5333 4710; baseline -0.002 -13"><span class='ocrx_word' id='word_1_760' title='bbox 3769 4651 3985 4699; x_wconf 83' lang='lat' dir='ltr'><strong>teneant</strong></span> <span class='ocrx_word' id='word_1_761' title='bbox 4017 4662 4027 4695; x_wconf 93' lang='lat'>:</span> <span class='ocrx_word' id='word_1_762' title='bbox 4063 4652 4119 4694; x_wconf 88' lang='lat' dir='ltr'><strong>ut</strong></span> <span class='ocrx_word' id='word_1_763' title='bbox 4153 4643 4204 4693; x_wconf 91' lang='lat' dir='ltr'><strong>in</strong></span> <span class='ocrx_word' id='word_1_764' title='bbox 4234 4641 4503 4710; x_wconf 89' lang='lat' dir='ltr'><strong>capitulo,</strong></span> <span class='ocrx_word' id='word_1_765' title='bbox 4549 4637 4604 4696; x_wconf 85' lang='lat' dir='ltr'><strong>in</strong></span> <span class='ocrx_word' id='word_1_766' title='bbox 4654 4643 4926 4708; x_wconf 89' lang='lat' dir='ltr'><strong>oratorio,</strong></span> <span class='ocrx_word' id='word_1_767' title='bbox 4969 4643 5022 4696; x_wconf 91' lang='lat' dir='ltr'><strong>in</strong></span> <span class='ocrx_word' id='word_1_768' title='bbox 5051 4643 5333 4697; x_wconf 86' lang='lat' dir='ltr'><strong>refectorio</strong></span> 
     </span>
    </p>
   </div>
   <div class='ocr_carea' id='block_1_107' title="bbox 3689 4731 5330 4804">
    <p class='ocr_par' dir='ltr' id='par_1_107' title="bbox 3689 4731 5330 4804">
     <span class='ocr_line' id='line_1_107' title="bbox 3689 4731 5330 4804; baseline -0.001 -17"><span class='ocrx_word' id='word_1_769' title='bbox 3689 4743 3736 4802; x_wconf 78' lang='grc' dir='ltr'>ι)</span> <span class='ocrx_word' id='word_1_770' title='bbox 3764 4735 4062 4804; x_wconf 68' lang='lat' dir='ltr'><strong>regularem</strong></span> <span class='ocrx_word' id='word_1_771' title='bbox 4093 4731 4533 4785; x_wconf 74' lang='lat' dir='ltr'><strong>consuetudinem</strong></span> <span class='ocrx_word' id='word_1_772' title='bbox 4563 4747 4668 4786; x_wconf 88' lang='lat' dir='ltr'><strong>non</strong></span> <span class='ocrx_word' id='word_1_773' title='bbox 4711 4741 5032 4800; x_wconf 87' lang='lat' dir='ltr'><strong>postponant</strong></span> <span class='ocrx_word' id='word_1_774' title='bbox 5060 4751 5070 4784; x_wconf 91' lang='lat'><strong>:</strong></span> <span class='ocrx_word' id='word_1_775' title='bbox 5121 4742 5179 4785; x_wconf 92' lang='lat' dir='ltr'><strong>ut</strong></span> <span class='ocrx_word' id='word_1_776' title='bbox 5213 4748 5330 4786; x_wconf 87' lang='lat' dir='ltr'><strong>cum</strong></span> 
     </span>
    </p>
   </div>
   <div class='ocr_carea' id='block_1_108' title="bbox 3763 4824 5332 4894">
    <p class='ocr_par' dir='ltr' id='par_1_108' title="bbox 3763 4824 5332 4894">
     <span class='ocr_line' id='line_1_108' title="bbox 3763 4824 5332 4894; baseline -0.003 -13"><span class='ocrx_word' id='word_1_777' title='bbox 3763 4826 4063 4894; x_wconf 80' lang='lat' dir='ltr'><strong>hOspitiiuis</strong></span> <span class='ocrx_word' id='word_1_778' title='bbox 4109 4839 4212 4874; x_wconf 87' lang='lat' dir='ltr'><strong>non</strong></span> <span class='ocrx_word' id='word_1_779' title='bbox 4249 4824 4554 4891; x_wconf 90' lang='lat' dir='ltr'><strong>loquantur,</strong></span> <span class='ocrx_word' id='word_1_780' title='bbox 4591 4834 4754 4890; x_wconf 84' lang='lat' dir='ltr'><strong>atque</strong></span> <span class='ocrx_word' id='word_1_781' title='bbox 4795 4825 4917 4877; x_wconf 90' lang='lat' dir='ltr'><strong>ideo</strong></span> <span class='ocrx_word' id='word_1_782' title='bbox 4954 4840 4982 4877; x_wconf 88' lang='lat' dir='ltr'><strong>a</strong></span> <span class='ocrx_word' id='word_1_783' title='bbox 5016 4824 5222 4877; x_wconf 89' lang='lat' dir='ltr'><strong>cellulis</strong></span> <span class='ocrx_word' id='word_1_784' title='bbox 5247 4841 5332 4877; x_wconf 82' lang='lat' dir='ltr'><strong>us-</strong></span> 
     </span>
    </p>
   </div>
   <div class='ocr_carea' id='block_1_109' title="bbox 3763 4912 5328 4982">
    <p class='ocr_par' dir='ltr' id='par_1_109' title="bbox 3763 4912 5328 4982">
     <span class='ocr_line' id='line_1_109' title="bbox 3763 4912 5328 4982; baseline 0.002 -19"><span class='ocrx_word' id='word_1_785' title='bbox 3763 4930 3864 4982; x_wconf 82' lang='lat' dir='ltr'><strong>que</strong></span> <span class='ocrx_word' id='word_1_786' title='bbox 3897 4913 3958 4964; x_wconf 84' lang='lat' dir='ltr'><strong>ad</strong></span> <span class='ocrx_word' id='word_1_787' title='bbox 3993 4912 4275 4966; x_wconf 74' lang='lat' dir='ltr'><strong>ecclesiam</strong></span> <span class='ocrx_word' id='word_1_788' title='bbox 4323 4915 4436 4966; x_wconf 83' lang='lat' dir='ltr'><strong>sive</strong></span> <span class='ocrx_word' id='word_1_789' title='bbox 4469 4916 4746 4967; x_wconf 86' lang='lat' dir='ltr'><strong>venientes</strong></span> <span class='ocrx_word' id='word_1_790' title='bbox 4769 4953 4785 4978; x_wconf 88' lang='lat'><strong>,</strong></span> <span class='ocrx_word' id='word_1_791' title='bbox 4815 4916 4927 4967; x_wconf 84' lang='lat' dir='ltr'><strong>sive</strong></span> <span class='ocrx_word' id='word_1_792' title='bbox 4957 4915 5270 4976; x_wconf 86' lang='lat' dir='ltr'><strong>redeuntes,</strong></span> <span class='ocrx_word' id='word_1_793' title='bbox 5302 4933 5328 4966; x_wconf 86' lang='lat' dir='ltr'><strong>a</strong></span> 
     </span>
    </p>
   </div>
   <div class='ocr_carea' id='block_1_110' title="bbox 3761 5007 5331 5077">
    <p class='ocr_par' dir='ltr' id='par_1_110' title="bbox 3761 5007 5331 5077">
     <span class='ocr_line' id='line_1_110' title="bbox 3761 5007 5331 5077; baseline -0.001 -14"><span class='ocrx_word' id='word_1_794' title='bbox 3761 5023 3986 5063; x_wconf 71' lang='lat' dir='ltr'><strong>censura</strong></span> <span class='ocrx_word' id='word_1_795' title='bbox 4021 5007 4213 5060; x_wconf 87' lang='lat' dir='ltr'><strong>silentii</strong></span> <span class='ocrx_word' id='word_1_796' title='bbox 4251 5023 4354 5062; x_wconf 92' lang='lat' dir='ltr'><strong>non</strong></span> <span class='ocrx_word' id='word_1_797' title='bbox 4388 5011 4672 5071; x_wconf 86' lang='lat' dir='ltr'><strong>recedant;</strong></span> <span class='ocrx_word' id='word_1_798' title='bbox 4701 5017 4757 5063; x_wconf 89' lang='lat' dir='ltr'><strong>et</strong></span> <span class='ocrx_word' id='word_1_799' title='bbox 4786 5009 4949 5062; x_wconf 90' lang='lat' dir='ltr'><strong>multa</strong></span> <span class='ocrx_word' id='word_1_800' title='bbox 4987 5007 5146 5075; x_wconf 88' lang='lat' dir='ltr'><strong>hujus</strong></span> <span class='ocrx_word' id='word_1_801' title='bbox 5170 5023 5331 5077; x_wconf 68' lang='grc' dir='ltr'><strong>ευμο-</strong></span> 
     </span>
    </p>
   </div>
   <div class='ocr_carea' id='block_1_111' title="bbox 3766 5097 5331 5166">
    <p class='ocr_par' dir='ltr' id='par_1_111' title="bbox 3766 5097 5331 5166">
     <span class='ocr_line' id='line_1_111' title="bbox 3766 5097 5331 5166; baseline -0.002 -14"><span class='ocrx_word' id='word_1_802' title='bbox 3766 5099 3840 5152; x_wconf 80' lang='lat' dir='ltr'><strong>ris</strong></span> <span class='ocrx_word' id='word_1_803' title='bbox 3861 5138 3873 5158; x_wconf 89' lang='lat'><strong>,</strong></span> <span class='ocrx_word' id='word_1_804' title='bbox 3921 5114 4035 5163; x_wconf 66' lang='lat' dir='ltr'><strong>qua!</strong></span> <span class='ocrx_word' id='word_1_805' title='bbox 4063 5098 4318 5152; x_wconf 88' lang='lat' dir='ltr'><strong>nimirum</strong></span> <span class='ocrx_word' id='word_1_806' title='bbox 4351 5114 4449 5150; x_wconf 88' lang='lat' dir='ltr'><strong>nos</strong></span> <span class='ocrx_word' id='word_1_807' title='bbox 4491 5097 4690 5152; x_wconf 86' lang='lat' dir='ltr'><strong>idcirco</strong></span> <span class='ocrx_word' id='word_1_808' title='bbox 4719 5111 5033 5152; x_wconf 85' lang='lat' dir='ltr'><strong>enumerare</strong></span> <span class='ocrx_word' id='word_1_809' title='bbox 5058 5099 5331 5166; x_wconf 79' lang='lat' dir='ltr'><strong>postponi-</strong></span> 
     </span>
    </p>
   </div>
   <div class='ocr_carea' id='block_1_112' title="bbox 3766 5183 5332 5254">
    <p class='ocr_par' dir='ltr' id='par_1_112' title="bbox 3766 5183 5332 5254">
     <span class='ocr_line' id='line_1_112' title="bbox 3766 5183 5332 5254; baseline 0 -14"><span class='ocrx_word' id='word_1_810' title='bbox 3766 5202 3904 5246; x_wconf 66' lang='lat' dir='ltr'><strong>mus,</strong></span> <span class='ocrx_word' id='word_1_811' title='bbox 3935 5187 4058 5251; x_wconf 84' lang='lat' dir='ltr'><strong>quia</strong></span> <span class='ocrx_word' id='word_1_812' title='bbox 4088 5184 4330 5238; x_wconf 81' lang='lat' dir='ltr'><strong>laciniosi</strong></span> <span class='ocrx_word' id='word_1_813' title='bbox 4362 5184 4484 5254; x_wconf 85' lang='lat' dir='ltr'><strong>styli</strong></span> <span class='ocrx_word' id='word_1_814' title='bbox 4515 5184 4790 5238; x_wconf 70' lang='lat' dir='ltr'><strong>fastidium</strong></span> <span class='ocrx_word' id='word_1_815' title='bbox 4813 5185 5126 5239; x_wconf 87' lang='lat' dir='ltr'><strong>devitamus.</strong></span> <span class='ocrx_word' id='word_1_816' title='bbox 5158 5183 5332 5240; x_wconf 71' lang='lat' dir='ltr'><strong>Taieo</strong></span> 
     </span>
    </p>
   </div>
   <div class='ocr_carea' id='block_1_113' title="bbox 3767 5275 5331 5344">
    <p class='ocr_par' dir='ltr' id='par_1_113' title="bbox 3767 5275 5331 5344">
     <span class='ocr_line' id='line_1_113' title="bbox 3767 5275 5331 5344; baseline -0.001 -15"><span class='ocrx_word' id='word_1_817' title='bbox 3767 5278 3831 5330; x_wconf 88' lang='lat' dir='ltr'><strong>de</strong></span> <span class='ocrx_word' id='word_1_818' title='bbox 3881 5276 4078 5328; x_wconf 78' lang='lat' dir='ltr'><strong>viiiiatc</strong></span> <span class='ocrx_word' id='word_1_819' title='bbox 4125 5285 4454 5344; x_wconf 86' lang='lat' dir='ltr'><strong>spontanea,</strong></span> <span class='ocrx_word' id='word_1_820' title='bbox 4503 5284 4554 5327; x_wconf 87' lang='lat' dir='ltr'><strong>et</strong></span> <span class='ocrx_word' id='word_1_821' title='bbox 4615 5275 4906 5344; x_wconf 87' lang='lat' dir='ltr'><strong>asperitate</strong></span> <span class='ocrx_word' id='word_1_822' title='bbox 4957 5276 5218 5338; x_wconf 85' lang='lat' dir='ltr'><strong>vestium,</strong></span> <span class='ocrx_word' id='word_1_823' title='bbox 5270 5277 5331 5328; x_wconf 87' lang='lat' dir='ltr'><strong>de</strong></span> 
     </span>
    </p>
   </div>
   <div class='ocr_carea' id='block_1_114' title="bbox 3768 5364 5331 5427">
    <p class='ocr_par' dir='ltr' id='par_1_114' title="bbox 3768 5364 5331 5427">
     <span class='ocr_line' id='line_1_114' title="bbox 3768 5364 5331 5427; baseline 0 -11"><span class='ocrx_word' id='word_1_824' title='bbox 3768 5366 3990 5427; x_wconf 84' lang='lat' dir='ltr'><strong>duritia,</strong></span> <span class='ocrx_word' id='word_1_825' title='bbox 4020 5366 4084 5419; x_wconf 85' lang='lat' dir='ltr'><strong>de</strong></span> <span class='ocrx_word' id='word_1_826' title='bbox 4115 5367 4430 5420; x_wconf 76' lang='lat' dir='ltr'><strong>austeritate</strong></span> <span class='ocrx_word' id='word_1_827' title='bbox 4458 5364 4735 5420; x_wconf 55' lang='lat' dir='ltr'><strong>cui-ilium.</strong></span> <span class='ocrx_word' id='word_1_828' title='bbox 4769 5375 4822 5418; x_wconf 88' lang='lat' dir='ltr'><strong>et</strong></span> <span class='ocrx_word' id='word_1_829' title='bbox 4852 5367 4915 5418; x_wconf 87' lang='lat' dir='ltr'><strong>de</strong></span> <span class='ocrx_word' id='word_1_830' title='bbox 4937 5366 5179 5418; x_wconf 87' lang='lat' dir='ltr'><strong>districta</strong></span> <span class='ocrx_word' id='word_1_831' title='bbox 5207 5380 5331 5419; x_wconf 77' lang='lat' dir='ltr'><strong>ceu-</strong></span> 
     </span>
    </p>
   </div>
   <div class='ocr_carea' id='block_1_115' title="bbox 3765 5456 5126 5526">
    <p class='ocr_par' dir='ltr' id='par_1_115' title="bbox 3765 5456 5126 5526">
     <span class='ocr_line' id='line_1_115' title="bbox 3765 5456 5126 5526; baseline -0.004 -14"><span class='ocrx_word' id='word_1_832' title='bbox 3765 5473 3887 5512; x_wconf 69' lang='grc' dir='ltr'>ειη-τι</span> <span class='ocrx_word' id='word_1_833' title='bbox 3918 5459 4115 5511; x_wconf 84' lang='lat' dir='ltr'><strong>silentii</strong></span> <span class='ocrx_word' id='word_1_834' title='bbox 4141 5499 4152 5521; x_wconf 96' lang='lat'><strong>,</strong></span> <span class='ocrx_word' id='word_1_835' title='bbox 4192 5459 4256 5510; x_wconf 88' lang='lat' dir='ltr'><strong>de</strong></span> <span class='ocrx_word' id='word_1_836' title='bbox 4290 5473 4469 5511; x_wconf 85' lang='lat' dir='ltr'><strong>amore</strong></span> <span class='ocrx_word' id='word_1_837' title='bbox 4498 5467 4765 5526; x_wconf 64' lang='lat' dir='ltr'><strong>perpetuse</strong></span> <span class='ocrx_word' id='word_1_838' title='bbox 4794 5456 5126 5510; x_wconf 65' lang='lat' dir='ltr'><strong>iticlusionis.</strong></span> 
     </span>
    </p>
   </div>
   <div class='ocr_carea' id='block_1_116' title="bbox 3841 5545 5329 5610">
    <p class='ocr_par' dir='ltr' id='par_1_116' title="bbox 3841 5545 5329 5610">
     <span class='ocr_line' id='line_1_116' title="bbox 3841 5545 5329 5610; baseline -0.001 -9"><span class='ocrx_word' id='word_1_839' title='bbox 3841 5549 3971 5601; x_wconf 80' lang='lat' dir='ltr'><strong>Illud</strong></span> <span class='ocrx_word' id='word_1_840' title='bbox 3998 5564 4126 5601; x_wconf 63' lang='lat' dir='ltr'><strong>sane.</strong></span> <span class='ocrx_word' id='word_1_841' title='bbox 4159 5559 4346 5602; x_wconf 82' lang='lat' dir='ltr'><strong>cuncta</strong></span> <span class='ocrx_word' id='word_1_842' title='bbox 4375 5549 4588 5602; x_wconf 88' lang='lat' dir='ltr'><strong>videtur</strong></span> <span class='ocrx_word' id='word_1_843' title='bbox 4613 5545 4903 5610; x_wconf 73' lang='lat' dir='ltr'><strong>excellere,</strong></span> <span class='ocrx_word' id='word_1_844' title='bbox 4935 5545 5059 5597; x_wconf 79' lang='lat' dir='ltr'><strong>illud</strong></span> <span class='ocrx_word' id='word_1_845' title='bbox 5084 5547 5329 5600; x_wconf 84' lang='lat' dir='ltr'><strong>omnibus</strong></span> 
     </span>
    </p>
   </div>
   <div class='ocr_carea' id='block_1_117' title="bbox 3770 5638 5328 5708">
    <p class='ocr_par' dir='ltr' id='par_1_117' title="bbox 3770 5638 5328 5708">
     <span class='ocr_line' id='line_1_117' title="bbox 3770 5638 5328 5708; baseline -0.004 -13"><span class='ocrx_word' id='word_1_846' title='bbox 3770 5652 3951 5695; x_wconf 80' lang='lat' dir='ltr'><strong>sancte</strong></span> <span class='ocrx_word' id='word_1_847' title='bbox 3975 5642 4279 5696; x_wconf 57' lang='lat' dir='ltr'><strong>viventbus</strong></span> <span class='ocrx_word' id='word_1_848' title='bbox 4301 5642 4462 5708; x_wconf 76' lang='lat' dir='ltr'><strong>digne</strong></span> <span class='ocrx_word' id='word_1_849' title='bbox 4493 5650 4741 5696; x_wconf 89' lang='lat' dir='ltr'><strong>censetur</strong></span> <span class='ocrx_word' id='word_1_850' title='bbox 4765 5638 5048 5692; x_wconf 84' lang='lat' dir='ltr'><strong>virtutibus</strong></span> <span class='ocrx_word' id='word_1_851' title='bbox 5075 5639 5328 5699; x_wconf 74' lang='lat' dir='ltr'><strong>eminere,</strong></span> 
     </span>
    </p>
   </div>
   <div class='ocr_carea' id='block_1_118' title="bbox 3768 5729 5325 5798">
    <p class='ocr_par' dir='ltr' id='par_1_118' title="bbox 3768 5729 5325 5798">
     <span class='ocr_line' id='line_1_118' title="bbox 3768 5729 5325 5798; baseline -0.002 -16"><span class='ocrx_word' id='word_1_852' title='bbox 3768 5732 3904 5798; x_wconf 57' lang='lat' dir='ltr'><strong>quo&#39;l</strong></span> <span class='ocrx_word' id='word_1_853' title='bbox 3940 5739 4083 5784; x_wconf 79' lang='lat' dir='ltr'><strong>tanta</strong></span> <span class='ocrx_word' id='word_1_854' title='bbox 4121 5743 4202 5785; x_wconf 87' lang='lat' dir='ltr'><strong>est</strong></span> <span class='ocrx_word' id='word_1_855' title='bbox 4234 5733 4369 5785; x_wconf 86' lang='lat' dir='ltr'><strong>inter</strong></span> <span class='ocrx_word' id='word_1_856' title='bbox 4420 5731 4618 5786; x_wconf 84' lang='lat' dir='ltr'><strong>fratres</strong></span> <span class='ocrx_word' id='word_1_857' title='bbox 4665 5729 4933 5790; x_wconf 78' lang='lat' dir='ltr'><strong>Charitas,</strong></span> <span class='ocrx_word' id='word_1_858' title='bbox 4966 5737 5110 5781; x_wconf 85' lang='lat' dir='ltr'><strong>tanta</strong></span> <span class='ocrx_word' id='word_1_859' title='bbox 5152 5729 5325 5780; x_wconf 70' lang='lat' dir='ltr'><strong>unita~</strong></span> 
     </span>
    </p>
   </div>
   <div class='ocr_carea' id='block_1_119' title="bbox 3770 5819 5330 5890">
    <p class='ocr_par' dir='ltr' id='par_1_119' title="bbox 3770 5819 5330 5890">
     <span class='ocr_line' id='line_1_119' title="bbox 3770 5819 5330 5890; baseline -0.002 -18"><span class='ocrx_word' id='word_1_860' title='bbox 3770 5821 4097 5876; x_wconf 87' lang='lat' dir='ltr'><strong>voluntatum</strong></span> <span class='ocrx_word' id='word_1_861' title='bbox 4138 5823 4327 5875; x_wconf 85' lang='lat' dir='ltr'><strong>vicarii</strong></span> <span class='ocrx_word' id='word_1_862' title='bbox 4359 5821 4560 5876; x_wconf 86' lang='lat' dir='ltr'><strong>amoris</strong></span> <span class='ocrx_word' id='word_1_863' title='bbox 4609 5821 4732 5890; x_wconf 81' lang='lat' dir='ltr'><strong>igne</strong></span> <span class='ocrx_word' id='word_1_864' title='bbox 4780 5819 5039 5882; x_wconf 80' lang='lat' dir='ltr'><strong>conﬂata;</strong></span> <span class='ocrx_word' id='word_1_865' title='bbox 5085 5827 5142 5871; x_wconf 91' lang='lat' dir='ltr'><strong>ut</strong></span> <span class='ocrx_word' id='word_1_866' title='bbox 5172 5833 5330 5870; x_wconf 87' lang='lat' dir='ltr'><strong>unus-</strong></span> 
     </span>
    </p>
   </div>
   <div class='ocr_carea' id='block_1_120' title="bbox 3767 5910 5325 5982">
    <p class='ocr_par' dir='ltr' id='par_1_120' title="bbox 3767 5910 5325 5982">
     <span class='ocr_line' id='line_1_120' title="bbox 3767 5910 5325 5982; baseline -0.001 -20"><span class='ocrx_word' id='word_1_867' title='bbox 3767 5916 3992 5982; x_wconf 76' lang='lat' dir='ltr'><strong>quisque</strong></span> <span class='ocrx_word' id='word_1_868' title='bbox 4028 5930 4086 5968; x_wconf 85' lang='lat' dir='ltr'><strong>se</strong></span> <span class='ocrx_word' id='word_1_869' title='bbox 4134 5929 4236 5969; x_wconf 90' lang='lat' dir='ltr'><strong>non</strong></span> <span class='ocrx_word' id='word_1_870' title='bbox 4286 5915 4424 5978; x_wconf 89' lang='lat' dir='ltr'><strong>sibi,</strong></span> <span class='ocrx_word' id='word_1_871' title='bbox 4473 5913 4569 5970; x_wconf 86' lang='lat' dir='ltr'><strong>sed</strong></span> <span class='ocrx_word' id='word_1_872' title='bbox 4615 5911 4862 5967; x_wconf 88' lang='lat' dir='ltr'><strong>omnibus</strong></span> <span class='ocrx_word' id='word_1_873' title='bbox 4891 5919 5070 5966; x_wconf 87' lang='lat' dir='ltr'><strong>natum</strong></span> <span class='ocrx_word' id='word_1_874' title='bbox 5102 5910 5325 5963; x_wconf 83' lang='lat' dir='ltr'><strong>credat:</strong></span> 
     </span>
    </p>
   </div>
  </div>
