5514 6658
3154 160 3161 161 ,
3200 152 3311 165 igu‘,
3373 147 3418 162 -·-
3449 151 3460 156 -
3487 147 3546 172 -'.~‘
3569 147 3574 152 ‘
3593 149 3604 154 η

2792 174 2999 201 ,κρυ
3002 176 3163 209 ρ-νςει
3235 177 3344 192 wa-
3369 163 3460 194 αι.
3525 185 3556 190 ν.
3587 191 3602 196 -
3793 171 3804 178 -

2458 210 2463 211 ν
2618 202 2623 203 ⁷
2672 202 2685 205 ”
2710 198 2741 203 Fr
2774 218 2783 219 κ
2826 200 2855 219 ζτ-
2894 208 2965 217 __.n.
2998 196 3093 215 ὐ-ο
3242 204 3251 205 ί
3419 201 3510 214 4—-
3541 197 3638 210 ““⁴⁹’⁸¹’“““
3675 195 3718 204 ’⁸
3757 209 3766 218 ο

2426 228 2427 231 η
2470 226 2473 227 ν
2720 216 2761 243 7.:
2788 238 2801 243 η,
2818 236 2835 239 __
2884 230 2937 239 -μο
2954 226 3041 237 .--ο
3066 228 3081 235 ν
3104 218 3209 239 etc"?
3242 219 3270 235 '
3297 219 3376 248 γηπ-
3409 219 3486 242 ..⁴·,--
3571 227 3578 232 -
3611 215 3642 222 ἡ
3679 215 3712 236 ἰ
3775 213 3786 224 θ

2366 246 2425 251 Δέκ
2486 244 2489 245 ν
2576 238 2895 265 Ωιτ-..ΠὯἽ
2957 251 2962 258 _
3033 253 3036 256 .
3219 245 3402 264 --.._-
3467 255 3470 258 ,
3609 255 3684 262 ,⁸-
3793 255 3808 258 _

2754 264 2767 265 κ
3271 261 3274 264 ’
3565 261 3768 274 έ--υ-ς---ιι
3791 265 3818 270 μ·-

3102 282 3105 285 λ
3322 274 3331 277 ⁵⁵
3375 277 3402 284 ..'
3467 277 3526 284 --“
3663 275 3666 280 ¹

485 713 577 770 353

485 922 556 968 est
574 952 588 975 ,
615 910 663 964 in
691 920 880 964 omnes
909 909 1133 957 extenso
1159 910 1342 951 amore
1376 891 1738 948 transfundat.

548 1001 650 1058 Hoc
686 995 817 1052 mihi
860 991 1024 1046 etiam
1067 1003 1174 1042 non
1224 984 1568 1039 mediocriter
1614 980 1816 1050 placet,
1848 976 2044 1031 fratres

483 1090 614 1152 mei,
646 1085 769 1156 quia
794 1081 837 1135 si
862 1079 982 1149 quis
1012 1078 1154 1131 inter
1182 1088 1279 1128 vos
1307 1071 1537 1126 debilior
1559 1068 1892 1138 apparueritt
1917 1079 2041 1118 mox

483 1196 653 1237 onuies
679 1174 926 1233 certatim
949 1213 964 1237 ,
991 1171 1120 1241 quid
1163 1168 1419 1239 patiatur,
1470 1163 1743 1232 inquiritis
1762 1203 1778 1228 ,
1806 1171 1863 1216 ut
1894 1177 1953 1216 se
1977 1160 2044 1220 de

483 1271 626 1327 solito
653 1266 828 1334 rigore
879 1260 1156 1314 remittere
1206 1270 1312 1310 non
1368 1261 1630 1315 moretur,
1664 1251 1959 1313 instantes,
1990 1256 2046 1303 et

481 1375 579 1413 non
605 1356 769 1411 solum
803 1348 1109 1405 necessaria
1140 1357 1369 1415 quaeque
1392 1354 1718 1412 suggerere,
1752 1339 1846 1393 sed
1879 1340 2042 1392 etiam

479 1446 822 1515 vosmetipsos
851 1440 916 1494 ad
963 1439 1079 1510 ejus
1126 1434 1428 1492 custodiam
1481 1431 1756 1485 ultroneos
1802 1427 2047 1500 gaudetis

480 1540 679 1596 oﬂerre.

539 1626 665 1682 Illud
685 1625 852 1680 etiam
881 1620 1093 1677 silentio
1120 1615 1384 1688 praeteriri
1415 1613 1638 1686 dignum
1666 1625 1786 1667 esse
1811 1625 1919 1666 non
1949 1609 2048 1664 du-

478 1718 670 1781 cimus,
699 1714 826 1784 quia
854 1727 977 1767 cum
1004 1709 1172 1764 frater
1200 1706 1468 1776 quispiam
1493 1719 1561 1758 ex
1591 1702 1795 1757 nostris
1823 1699 2045 1764 obierit,

474 1807 832 1877 unusquisque
877 1817 975 1872 pro
1016 1817 1082 1856 eo
1127 1807 1336 1866 septem
1390 1796 1506 1852 dies
1551 1793 1791 1863 jejunat,
1840 1801 2047 1861 septem

474 1897 776 1968 disciplinas
807 1910 929 1949 cum
980 1890 1212 1947 millenis
1260 1903 1546 1959 scaporum
1591 1885 1790 1940 ictibus
1822 1882 2047 1952 accipit,

473 1989 835 2059 septingentas
877 1994 1168 2040 inctanmas
1199 1978 1359 2043 facit,
1396 1977 1617 2048 triginta
1648 1975 1872 2044 insuper
1899 1971 2049 2027 Psal-

475 2079 601 2132 teria
643 2093 710 2132 ex
755 2088 906 2130 more
953 2072 1240 2133 decantat,
1269 2066 1540 2122 continuis
1569 2078 1784 2135 quoque
1828 2062 2050 2132 triginta

1338 692 1578 751 OPUSC.
1614 690 1750 748 XIV.
1786 721 1848 731 ——
1880 689 1968 746 DE
1989 683 2243 744 ORNNE
2285 681 2589 747 EREMIT.,
2617 678 2766 735 ETC.

3610 671 3716 728 35$

486 819 613 890 quod
651 815 878 871 alienum
927 817 1040 874 est,
1076 805 1188 876 ipse
1235 803 1551 874 possideat:
1603 810 1658 855 et
1691 798 1833 870 quod
1877 812 2034 854 suum
2067 803 2112 858 Α
2143 794 2226 849 his
2269 794 2360 864 qui
2395 792 2488 846 tibi
2539 789 2754 890 subditi.
2779 786 3014 890 fuerint,
3071 799 3177 841 non
3215 783 3470 890 declines
3505 799 3534 839 a
3579 786 3726 844 bono

2147 887 2360 940 tramite
2381 924 2395 948 ,
2422 897 2516 954 per
2549 896 2710 951 quem
2741 881 2795 936 in
2824 880 2927 934 hoc
2955 878 3074 933 loco
3103 892 3247 932 nunc
3298 877 3586 941 inceditur,
3617 893 3726 933 non

2147 977 2386 1030 aberres.
2421 973 2628 1028 Pudeat
2676 987 2772 1026 vos
2801 972 2870 1026 ab
2907 969 3120 1024 illorum
3164 968 3446 1023 nobilitate
3489 969 3605 1022 fieri
3649 969 3730 1022 vi-

2145 1066 2319 1119 vendo
2346 1066 2643 1134 degeneres
2661 1103 2676 1127 ,
2701 1063 2793 1131 qui
2834 1060 2960 1117 facti
2991 1061 3126 1116 estis
3155 1059 3466 1115 habitaculo
3510 1074 3730 1114 succes-

2146 1170 2316 1229 sores.
2349 1154 2538 1218 Absit,
2566 1164 2626 1208 ut
2672 1152 2839 1207 divini
2871 1151 3116 1221 obsequii
3161 1164 3358 1206 census
3387 1159 3568 1205 vestro
3595 1159 3734 1205 tem-

2145 1261 2276 1316 pore
2301 1246 2549 1300 videatur
2578 1243 2849 1306 imminui,
2877 1243 2970 1314 qui
2995 1243 3107 1298 Deo
3132 1257 3197 1298 ex
3230 1242 3391 1312 hujus
3419 1241 3523 1296 loci
3551 1243 3730 1297 reditu

2147 1336 2355 1392 solebat
2381 1344 2508 1394 ante
2529 1334 2762 1406 persolvi
2790 1353 2803 1388 :
2831 1350 2939 1389 non
2964 1333 3148 1403 impar
3165 1333 3364 1403 quippe
3393 1347 3620 1402 pensum
3643 1333 3737 1387 de-

2148 1429 2244 1484 biti
2279 1431 2519 1484 numeris
2563 1429 2765 1498 exigit,
2816 1428 2909 1498 qui
2956 1428 3351 1497 possessionem
3395 1442 3550 1481 suam
3581 1415 3739 1481 novis

2149 1521 2400 1592 agricolis
2427 1521 2649 1590 antiqua
2678 1519 2941 1575 censitam
2971 1518 3229 1589 pensione
3257 1517 3473 1572 locavit.

2218 1609 2336 1664 Non
2360 1624 2491 1680 ergo
2517 1625 2613 1664 vos
2641 1624 2736 1679 per
2762 1609 3013 1680 spatiosa:
3044 1609 3148 1663 via:
3204 1608 3544 1664 latitudinem
3591 1607 3741 1664 dele-

2149 1709 2258 1756 ctet
2288 1701 2560 1766 incedere,
2591 1701 2683 1770 qui
2721 1699 2984 1768 jubemini
3016 1714 3115 1769 per
3159 1708 3447 1771 angustata
3489 1708 3738 1769 portam,

2150 1803 2270 1858 qua:
2308 1788 2460 1843 ducit
2507 1788 2574 1842 ad
2623 1789 2823 1854 vitam,
2855 1788 3062 1843 intrare
3105 1786 3322 1858 (Matth.
3370 1787 3493 1858 vn).
3537 1787 3741 1843 Stricta

2151 1895 2384 1950 namque
2414 1881 2497 1933 via
2526 1889 2612 1934 est
2648 1895 2768 1950 qute
2795 1880 2944 1934 ducit
2970 1881 3039 1934 ad
3073 1878 3301 1946 coelum;
3344 1878 3519 1948 ampla
3553 1887 3740 1934 autem

2151 1977 2264 2035 est,
2293 1984 2415 2039 quae
2442 1969 2639 2041 mergit
2669 1970 2724 2024 in
2759 1979 3045 2025 tartarum.
3094 1968 3210 2024 Non
3243 1969 3428 2039 itaque
3455 1969 3522 2024 ad
3549 1983 3741 2024 mona—

2153 2059 2430 2116 sterialem
2479 2061 2833 2117 laxitudinem
2869 2062 2938 2116 ab
2985 2060 3270 2116 eremitica
3319 2075 3416 2115 vos
3446 2059 3613 2114 libeat
3658 2059 3740 2115 di-

473 2182 564 2237 pro
603 2181 668 2222 eo
715 2156 909 2219 diebus
956 2162 1245 2215 missarum
1291 2157 1551 2211 solemnia
1583 2153 1890 2224 specialiter
1913 2151 2056 2206 ccle-
2084 2149 2126 2209 Β
2155 2151 2438 2206 strictione
2459 2151 2815 2206 descendere:
2838 2151 3118 2216 et,relicta
3140 2150 3258 2222 lege
3284 2151 3532 2221 spiritus,
3555 2152 3738 2206 carnis

471 2257 707 2310 brantur.
741 2253 870 2308 [huc
903 2252 1068 2322 igitur
1107 2249 1266 2319 hujus
1301 2247 1403 2302 loci
1429 2245 1616 2316 regula
1647 2245 1788 2298 nulla
1812 2243 1921 2297 voti
1951 2258 2046 2296 va-

471 2347 656 2401 rietate
680 2348 1027 2416 postponitur
1051 2361 1064 2396 :
1090 2342 1207 2398 haec
1233 2341 1567 2397 consuetudo
1595 2337 1742 2394 circa
1769 2335 2049 2392 defunctos

468 2435 708 2491 districta
744 2433 912 2505 326
949 2446 1176 2502 prorsus
1209 2438 1266 2486 et
1303 2427 1600 2484 inviolabili
1629 2442 1844 2496 semper
1865 2426 2051 2481 obser-

473 2525 679 2579 vatione
710 2531 944 2576 tenetur.
969 2521 1028 2576 Si
1057 2520 1182 2588 quis
1214 2528 1394 2572 autem
1426 2516 1657 2570 fortasse
1686 2515 1944 2581 novitius,
1967 2512 2049 2568 vel

466 2613 697 2683 quolibet
744 2612 908 2668 modo
957 2619 1129 2666 morte
1156 2599 1498 2679 praeventus,
1549 2606 1842 2677 injunctam
1874 2605 2050 2675 poeni-

469 2704 682 2758 tentiam
721 2716 1105 2760 consummare
1133 2715 1241 2755 non
1269 2699 1464 2769 potuit,
1488 2713 1610 2752 mox
1639 2706 1696 2750 ut
1723 2698 1789 2750 ad
1819 2696 2051 2750 fratrum

466 2794 706 2848 notitiam
761 2807 851 2848 res
887 2790 1151 2863 patefacta
1181 2790 1526 2861 pervenerit,
1563 2805 1685 2842 cum
1718 2805 1914 2857 magno
1945 2787 2051 2842 fer-

467 2897 590 2939 vore
619 2893 728 2938 tota
758 2882 1078 2954 pmnitentia
1111 2881 1267 2952 parili
1296 2881 1439 2934 facta
1471 2880 1614 2934 inter
1639 2893 1733 2934 eos
1761 2878 2050 2945 divisione,

465 2976 756 3045 suscipitur
791 2995 804 3030 :
834 2984 890 3030 et
914 2972 1250 3044 quantalibet
1275 2974 1385 3035 sit,
1426 2971 1578 3026 brevi
1629 2971 1806 3040 spatio
1844 2987 1939 3040 per
1969 2971 2051 3025 di-

465 3079 645 3122 versos
675 3066 1034 3122 alﬂictiouum
1074 3065 1264 3119 modos
1291 3071 1516 3118 ovanter
1551 3063 1818 3132 expletur.
1847 3062 2054 3117 Felices

464 3157 717 3212 nimirum
749 3157 954 3214 divitiae
981 3156 1286 3219 charitatis,
1315 3169 1435 3224 quae
1467 3155 1638 3223 gratis
1669 3169 1727 3208 se
1759 3169 1864 3207 non
1894 3153 2053 3208 modo

464 3245 770 3302 viventibus
817 3247 1105 3315 ingerunt,
1133 3246 1228 3300 sed
1258 3253 1312 3299 et
1344 3255 1586 3298 mortuos
1633 3255 2050 3312 prosequuntur.

461 3333 695 3402 Felices,
725 3337 983 3405 inquam,
1013 3348 1133 3402 qua:
1163 3332 1273 3388 illic
1306 3333 1461 3387 nobis
1482 3347 1548 3387 ex
1578 3331 1751 3386 aliena
1785 3333 1934 3386 bona:
1955 3347 2053 3386 vo-

463 3421 678 3480 luntatis
708 3427 964 3482 ubertate
992 3430 1334 3487 succurrunt,
1361 3421 1452 3475 ubi
1488 3420 1696 3491 proprii
1727 3421 1906 3490 operis
1927 3437 2056 3489 sup-

459 3513 723 3581 plementa
759 3515 1024 3571 deficiunt
1069 3531 1083 3567 :

462 3618 562 3656 non
592 3605 954 3670 habentibus,
978 3603 1239 3673 quidquid
1267 3601 1547 3665 debemus,
1570 3602 1827 3671 exigitur,
1857 3617 1924 3654 ex
1944 3601 2053 3654 fra-

459 3699 622 3750 terna:
651 3695 948 3750 charitatis
970 3693 1295 3750 abundantia
1333 3692 1500 3747 debiti
1535 3695 1707 3748 nostri
1738 3693 1872 3748 libra
1905 3708 2054 3749 com-

459 3780 593 3850 pletu
603 3799 646 3837 r.

523 3869 702 3928 Pauca
737 3875 863 3931 hmo
911 3875 1102 3939 deea,
1153 3889 1275 3944 qua:
1323 3888 1468 3929 nunc
1513 3882 1625 3938 est,
1677 3871 1835 3941 hujus
1883 3875 2054 3930 eremi

455 3964 878 4018 conversatione
920 3963 1186 4017 sulm-iant
1207 4003 1222 4028 ,
1256 3973 1316 4017 ut
1356 3979 1453 4032 per
1481 3963 1596 4018 haec
1621 4002 1636 4028 ,
1667 3978 1788 4030 quae
1818 3964 2056 4020 breviter

455 4060 814 4116 annotantur,
847 4052 1025 4107 valeat
1050 4053 1228 4122 colligi
1261 4054 1390 4122 quid
1421 4067 1484 4105 ex
1515 4053 1598 4106 his
1622 4092 1636 4116 ,
1671 4068 1794 4120 quae
1838 4053 2056 4109 silentio

456 4142 828 4203 praetermissa
879 4151 1036 4208 sunt,
1070 4141 1263 4197 debeat
1294 4142 1577 4196 aestimari.
1611 4142 1716 4196 Sed
1759 4160 1916 4208 ecce,
1946 4145 2056 4198 fra-

456 4234 562 4282 tres
605 4229 965 4294 charissimi,
998 4231 1124 4286 dum
1172 4233 1238 4286 de
1283 4232 1477 4286 vestris
1516 4233 1808 4286 virtutibus
1855 4232 2054 4300 aliquid

457 4317 609 4373 vobis
665 4321 1040 4388 praesentibus
1098 4320 1305 4387 refero,
1374 4323 1536 4375 timeo
1595 4332 1742 4377 certe
1787 4324 1945 4376 simul
2001 4334 2056 4379 et

452 4409 767 4465 erubesco:
810 4412 980 4466 timeo
1022 4411 1227 4468 scilicet
1275 4427 1372 4467 vos
1401 4412 1714 4479 offendere;
1767 4417 2054 4482 erubesco,

457 4510 519 4548 ne
564 4499 762 4554 videar
801 4501 1264 4556 assentationihus
1315 4503 1607 4557 deservire.
1666 4505 1771 4558 Sed
1827 4505 1892 4558 ad
1954 4501 2100 4559 hoe‘

450 4589 838 4658 scribendum,
902 4601 1036 4647 teste
1080 4595 1451 4659 conscientia,
1515 4595 1673 4649 bona:
1732 4611 1816 4649 me
1881 4597 2057 4651 inten-

452 4678 608 4734 tionis
657 4683 917 4736 studium
957 4691 1248 4750 provocat,
1279 4684 1528 4738 fraterna:
1564 4685 1752 4740 salutis
1797 4702 1948 4739 amor
1981 4687 2054 4738 in-

447 4767 601 4838 stigat
649 4789 664 4825 :
718 4780 1001 4841 quatenus
1035 4787 1138 4826 non
1180 4775 1351 4826 solum
1385 4774 1538 4828 vobis
1587 4776 1713 4828 talia
1763 4777 2050 4831 scribendo

446 4861 769 4961 consulere,
805 4863 908 4916 sed
952 4872 1007 4916 et
1052 4866 1280 4931 posteris
1334 4867 1527 4919 vestris
1577 4867 1787 4920 valeam
1837 4868 2048 4939 longius
2081 4859 2126 4918 D
2155 4859 2400 4950 Gregorii
2433 4883 2655 4948 scilicet,
2709 4859 3001 4952 Ambrosii,
3046 4890 3354 4961 Augustini,

444 4948 753 5013 providere.
791 4949 1068 5003 Nimirum
1094 4991 1108 5015 ,
1141 4963 1199 5005 ut
1229 4963 1282 5006 ct
1310 4969 1408 5007 vos
1440 4956 1538 5007 ista
1569 4955 1807 5026 legentes
1835 4959 2051 5012 studea-

449 5039 509 5091 ιιι
534 5043 580 5092 ei
600 5083 614 5105 ,
645 5043 802 5108 quod
834 5043 1007 5096 semel
1040 5033 1312 5113 coepistis,
1347 5047 1486 5100 bono
1515 5053 1666 5117 operi
1700 5065 2051 5118 perseveran-

447 5138 523 5182 ler
550 5131 819 5187 iusirtere
861 5151 877 5185 :
911 5144 967 5186 et
1011 5134 1084 5187 illi
1115 5136 1168 5190 in
1198 5137 1283 5191 his
1312 5139 1560 5203 discant,
1608 5142 1733 5208 quid
1768 5144 1830 5194 de
1862 5153 2048 5197 nostra

443 5223 669 5276 debeant
699 5224 1023 5278 imitatione
1068 5235 1268 5281 tenere.
1319 5227 1452 5293 Quia
1499 5229 1642 5282 enim
1674 5231 1725 5284 in
1759 5233 1860 5286 hoc
1899 5234 2045 5300 loco,

442 5315 539 5370 nisi
567 5318 760 5373 divina
793 5319 1142 5387 providentia
1182 5322 1340 5376 aliter
1366 5325 1632 5387 senserit,
1668 5345 1772 5381 non
1804 5331 1894 5383 diu
1926 5341 2046 5400 post

439 5421 591 5474 spero
617 5427 707 5464 me
730 5411 1057 5465 habiturum
1081 5428 1199 5467 esse
1223 5415 1525 5483 sepulcrum
1558 5432 1571 5469 :
1597 5434 1702 5473 non
1731 5421 1906 5476 minus
1926 5439 2042 5476 sum

438 5495 500 5550 de
528 5496 712 5553 futura
743 5497 926 5569 hujus
957 5499 1056 5555 loci
1104 5503 1364 5572 religione
1409 5506 1699 5570 sollicitus,
1735 5527 1897 5577 quam
1927 5513 2010 5568 his
2032 5553 2044 5577 ,

439 5603 552 5652 qua:
596 5592 701 5644 sub
733 5591 1038 5659 prementia
1072 5604 1375 5657 versantur,
1408 5600 1664 5652 intentus.
1705 5599 1855 5654 [inde
1901 5614 1982 5667 te,
2013 5619 2043 5657 0

438 5677 598 5743 prior,
631 5681 966 5749 quicunque
997 5681 1122 5734 mihi
1154 5685 1484 5750 quotuslibet
1517 5689 1568 5740 in
1603 5689 1760 5758 hujus
1804 5695 1899 5744 hic;
1949 5698 2044 5747 ad-

439 5772 850 5828 ministratione
924 5775 1276 5835 atlt'cesseris,
1346 5792 1440 5843 per
1488 5781 1775 5835 adveniunt
1831 5786 2040 5842 Domini

439 5863 598 5915 nostri
626 5862 761 5918 Jcsu
795 5860 1044 5927 Christi,
1078 5877 1175 5930 per
1216 5876 1479 5922 terrorem
1528 5871 1693 5924 divini
1720 5872 1912 5940 judicii
1940 5919 1952 5941 ,
1991 5891 2040 5931 te

437 5948 879 6021 Iacrymabiliter
911 5947 1166 6014 obsecro,
1196 5970 1294 6022 per
1327 5971 1519 6012 nomen
1568 5970 1619 6014 te
1649 5963 1842 6017 divina:
1874 5970 2039 6032 maje-

436 6041 586 6098 statis
608 6043 902 6108 obtestor,
938 6049 994 6095 ut
1016 6042 1082 6096 ab
1107 6045 1263 6114 hujus
1291 6047 1650 6108 observantia:
1681 6058 1884 6125 rrgula,
1912 6075 2033 6114 cum

2127 2242 2422 2310 illecebris
2459 2251 2518 2298 et
2563 2243 2843 2298 lenociniis
2881 2243 3206 2298 consentire.
3241 2242 3307 2297 Et
3334 2245 3551 2313 quidem
3594 2242 3738 2298 bona

2151 2345 2278 2390 sunt
2301 2335 2421 2402 illa,
2453 2335 2548 2391 sed
2581 2336 2683 2391 ista
2711 2335 2958 2391 meliora.
3005 2336 3070 2390 Et
3118 2335 3247 2406 quid
3277 2344 3360 2390 est
3386 2335 3533 2390 aliud
3565 2352 3596 2390 a
3627 2351 3744 2391 me-

2151 2425 2376 2483 lioribus
2422 2428 2489 2482 ad
2534 2427 2674 2483 bona
2706 2427 3074 2492 descendere,
3122 2427 3224 2482 nisi
3273 2427 3342 2482 ab
3391 2426 3621 2482 exccdsis
3671 2429 3740 2481 ad

2152 2519 2376 2574 humilia
2399 2520 2692 2585 declinare,
2719 2535 2747 2574 a
2771 2527 2921 2574 recto
2954 2535 3114 2575 cursu
3143 2529 3267 2590 post
3296 2528 3505 2591 tergum
3533 2520 3734 2584 redire,

2153 2611 2222 2666 ab
2271 2611 2464 2667 ardore
2507 2611 2730 2681 spiritus
2765 2610 2819 2665 in
2857 2620 3098 2680 teporem
3151 2611 3370 2665 noxium
3419 2608 3739 2674 defervere.

2154 2711 2316 2770 atque
2343 2703 2422 2756 sic
2446 2702 2702 2771 paulatim
2731 2701 3053 2756 sublimibus
3077 2701 3131 2755 in
3156 2700 3518 2772 prmcipitium
3550 2703 3743 2756 ruere?

2221 2791 2382 2862 327
2413 2791 2537 2845 llaec
2583 2791 2746 2860 igitur
2789 2805 2981 2861 pauca,
3019 2807 3140 2862 quae
3193 2793 3411 2862 scripsi,
3459 2807 3742 2847 successor

2154 2882 2249 2945 mi,
2290 2880 2508 2935 sedulus
2561 2879 2765 2950 inspice
2797 2898 2811 2934 :
2843 2889 3006 2950 atque
3056 2881 3123 2936 ad
3159 2881 3578 2950 imprimeudum
3629 2880 3745 2936 for-

2155 2986 2298 3025 mam
2334 2981 2439 3024 tua:
2467 2981 2787 3040 tuorumque
2819 2975 3240 3039 conversationi,
3286 2975 3438 3046 quasi
3469 2975 3742 3044 quoddam

2155 3064 2490 3134 signaculum
2521 3073 2662 3119 tene.
2687 3064 2974 3135 Nunquam
3007 3067 3147 3136 apud
3175 3077 3225 3122 te
3253 3069 3368 3123 haec
3417 3068 3746 3139 depravetur

2154 3146 2332 3223 imago
2364 3170 2377 3206 :
2413 3169 2686 3223 nunquam
2716 3163 2805 3211 tuo
2845 3164 3087 3227 tempore
3127 3158 3240 3214 haec
3267 3159 3530 3216 salutaris
3570 3161 3744 3218 forma

2153 3261 2252 3316 per
2275 3246 2536 3300 incuriam
2563 3248 2870 3316 deteratur;
2898 3267 2986 3316 ne,
3008 3253 3152 3322 quod
3179 3253 3340 3319 absit,
3363 3256 3749 3324 paracharaxi-

2155 3353 2274 3392 mus
2298 3353 2396 3406 pro
2421 3355 2643 3394 nummo
2681 3352 2895 3396 moneta
2952 3344 3314 3415 degenerante
3348 3352 3628 3417 procedat.
3679 3351 3748 3406 Et

2155 3440 2306 3485 certe
2332 3447 2438 3486 non
2467 3432 2706 3511 ignoras,
2744 3435 2868 3504 quia
2891 3436 3152 3495 falsarios
3196 3442 3481 3510 trapezita,
3513 3444 3604 3512 qui
3637 3461 3750 3500 mo-

1131 3521 1187 3570 et
1225 3528 1348 3603 cum
1393 3512 1503 3582 jam
1551 3511 1800 3603 districto
1839 3527 1868 3566 a
1897 3510 2052 3603 nobis
2080 3515 2125 3578 C
2159 3529 2334 3573 uetant
2359 3521 2589 3577 violasse
2626 3527 2988 3590 convincitur,
3012 3528 3330 3601 plerumque
3363 3510 3608 3603 judiciali
3639 3535 3750 3590 cal-

2159 3611 2281 3664 culo
2316 3627 2506 3665 manus
2537 3613 2865 3670 abscissione
2894 3619 3174 3675 multatur.

2231 3702 2298 3756 Ut
2332 3713 2510 3758 autem
2537 3705 2604 3759 ad
2642 3706 2757 3761 htec
2788 3708 3125 3765 observanda
3181 3711 3359 3768 nulius
3407 3717 3746 3772 excusationi

2157 3803 2337 3864 pateat
2365 3793 2537 3859 locus,
2571 3794 2726 3862 juxta
2771 3797 2842 3861 id,
2874 3801 3020 3868 quod
3057 3802 3351 3874 exiguitate
3397 3803 3499 3859 loci
3530 3807 3750 3862 humilis

2157 3883 2518 3953 competebat,
2552 3887 2854 3943 studuimus
2886 3898 3113 3945 eotenus
3157 3893 3530 3962 possessiones
3557 3898 3748 3967 acqui-

2158 3992 2316 4034 rere:
2352 3986 2409 4030 ut
2435 3978 2749 4046 przcdictum
2797 3979 3024 4037 fratrum
3066 3999 3350 4040 numerum
3406 3988 3603 4056 possis,
3641 3993 3750 4046 nisi

2157 4069 2444 4124 exercendi
2477 4086 2609 4124 cura
2647 4071 2899 4136 defuerit,
2938 4084 3269 4132 sustentare.
3295 4077 3584 4135 Librorum
3616 4097 3751 4151 quo-

2158 4174 2264 4229 que
2287 4174 2570 4214 numerum
2601 4177 2706 4216 non
2736 4163 3016 4219 minimum
3046 4167 3455 4236 dereliquimus,
3491 4181 3548 4224 ut
3572 4173 3752 4228 fratri-

2155 4251 2257 4305 bus
2307 4253 2530 4313 nostris,
2569 4252 2658 4321 qui
2700 4267 2798 4320 pro
2846 4253 3000 4309 nobis
3049 4272 3207 4312 orare
3240 4258 3550 4328 dignentur,
3583 4264 3755 4316 medi-

2157 4337 2303 4392 tandi
2355 4339 2564 4406 copiam
2627 4340 3012 4408 praeberemus.
3064 4342 3456 4404 Bibliothecam
3518 4367 3751 4421 namque

2155 4429 2396 4482 omnium
2423 4429 2632 4484 Veteris
2657 4439 2710 4484 et
2733 4430 2861 4486 Novi
2890 4433 3222 4492 Testamenti
3250 4439 3602 4510 voluminum,
3627 4447 3748 4503 licet

2156 4517 2382 4582 cursim,
2417 4534 2479 4572 ac
2508 4534 2605 4587 per
2627 4520 2728 4574 hoc
2750 4537 2854 4576 non
2879 4534 3072 4580 exacte
3098 4527 3250 4583 vobis
3279 4533 3569 4589 emendare
3592 4552 3750 4592 cura-

2156 4609 2350 4662 vimus.
2387 4610 2462 4663 lix
2490 4614 2828 4680 passionibus
2853 4631 3067 4685 quoque
3087 4619 3370 4678 beatorum
3399 4638 3697 4697 martyrum
3730 4650 3744 4695 ;

2154 4713 2218 4754 ex
2272 4701 2507 4755 liomiliis
2553 4714 2860 4758 sanctorum
2911 4707 3165 4777 Patrum;
3217 4727 3284 4767 ex
3318 4723 3744 4787 commentariis,

2158 4790 2472 4860 allegoricos
2497 4809 2664 4847 saera:
2695 4795 2989 4866 Scriptura:
3018 4803 3315 4858 sententias
3335 4812 3744 4875 exponentium,

3406 4896 3744 4970 Hieronymi,

2155 4971 2424 5040 Prosperi,
2461 4973 2636 5038 Bedze,
2669 4975 2920 5048 Remigii,
2945 4982 3106 5036 etiam
3135 4993 3188 5038 ct
3215 4985 3494 5051 Amalarii,
3528 4990 3748 5060 insuper

2153 5073 2207 5116 et
2244 5063 2536 5127 Hannonis,
2583 5076 2744 5135 atque
2796 5068 3092 5136 Paschasii,
3131 5075 3307 5129 divina
3340 5081 3512 5148 gratia
3545 5086 3746 5139 nostris

2152 5153 2519 5211 allubescente
2572 5157 2865 5223 laboribus,
2900 5161 3079 5230 plures
3143 5164 3310 5221 libros
3360 5169 3596 5237 habetis,
3624 5176 3746 5242 qui-

2150 5245 2250 5298 bus
2277 5262 2470 5301 vacare
2495 5248 2746 5316 potestis;
2779 5260 2836 5304 ut
2858 5263 3057 5306 sanctae
3096 5256 3290 5310 animae
3316 5271 3508 5314 vestrae
3533 5279 3635 5316 non
3660 5280 3744 5318 so-

2155 5333 2263 5387 lum
2289 5337 2534 5392 oratione
2569 5348 2836 5405 crescant,
2869 5342 2962 5394 sed
3001 5352 3056 5397 ct
3085 5344 3316 5403 lectione
3363 5351 3737 5420 pingues'anl.

2153 5423 2233 5478 Ex
2264 5428 2458 5494 quilms
2495 5429 2748 5482 nimirum
2781 5433 3062 5489 codicibus
3108 5440 3394 5495 nonnullos
3424 5460 3522 5510 pro
3553 5460 3734 5500 nostra

2153 5514 2511 5581 pessibiiitate
2537 5519 2908 5584 correximus;
2942 5533 2998 5576 ut
3020 5525 3073 5579 in
3111 5541 3278 5584 sacrae
3305 5533 3599 5603 disciplina:
3628 5550 3730 5592 stu‘

2153 5602 2257 5656 diis
2287 5603 2648 5674 intelligentia:
2676 5609 2826 5662 vobis
2853 5612 3056 5667 aditum
3097 5602 3479 5685 ponderemus.

2225 5692 2932 5770 Claustrumquoquejuxta
2975 5705 3260 5762 ecclesiam
3291 5715 3531 5766 construi
3573 5716 3740 5788 328

2148 5785 2250 5841 bac
2283 5788 2578 5843 intentione
2608 5796 2947 5862 censuimus;
2981 5809 3037 5852 ut
3065 5799 3108 5853 si
3140 5816 3298 5870 quem
3330 5805 3507 5858 adhuc
3553 5785 3736 5863 inolita

2147 5879 2542 5935 monasterialts
2596 5885 2804 5939 ordinis
2858 5893 3191 5946 consuetudo
3241 5893 3492 5957 delectaz.
3539 5898 3734 5950 habent

2145 5970 2231 6022 ubi
2267 5971 2318 6024 in
2346 5973 2629 6042 przecipuis
2680 5976 3058 6036 festivitatibus
3106 5983 3421 6041 solemnitcr
3470 6003 3536 6040 ex
3583 6005 3734 6044 more

2144 6064 2401 6131 procedat
2428 6081 2441 6117 :
2466 6068 2551 6123 cui
2582 6077 2636 6124 ct
2664 6074 2997 6140 processioni
3035 6089 3250 6134 crucem
3284 6088 3598 6151 argenteam
3643 6097 3736 6138 sa-
