5514 6642
2142 556 2301 614 535.

300 0 4657 231 Μ

2600 556 2658 611 S.
2683 555 2883 612 PETRI
2912 555 3195 613 DAMlANl
3227 555 3377 613 OPP.
3410 554 3643 611 TOMUS
3679 554 3810 611 SEU
3851 556 4029 614 PARS
4065 557 4150 614 lll.
4183 587 4249 601 —-
4272 558 4636 617 OPUSCULA
4669 558 4899 615 VARIA.

5266 562 5367 617 336

2110 664 2201 729 Itis
2230 672 2477 727 idoneam
2498 669 2920 738 procuravimus.
2973 667 3218 734 Ejusdem
3268 682 3481 737 quoque
3527 666 3702 721 inten-
3731 672 3775 730 Α
3805 668 4083 723 familiaris
4109 669 4285 738 inopia
4329 683 4435 725 non
4476 678 4744 737 gravaret.
4800 668 4951 724 Unde
4976 684 5121 740 rogo,
5176 671 5367 727 fratres

2131 761 2296 816 tionis
2339 758 2516 813 studio
2549 798 2563 820 ,
2614 756 2965 811 imbecillitati
3014 754 3283 826 fragilium
3334 754 3695 819 consulentes,

2131 850 2289 905 etiam
2314 845 2682 907 tintinnabula,
2710 856 2871 915 atque
2894 846 3159 910 bechinia,
3177 847 3492 914 diversaque
3505 844 3697 899 divina:

2134 940 2323 993 domus
2344 934 2590 991 utensilia
2616 935 3063 1002 comparavimus.
3093 934 3301 990 Calices
3330 948 3539 1003 quoque
3565 934 3697 988 duos

2130 1042 2410 1102 argenteos
2438 1030 2796 1100 pulcherrime
2847 1031 3133 1085 deauratos
3164 1030 3262 1083 hac
3293 1028 3443 1084 vobis
3489 1028 3697 1086 ratione

2132 1122 2495 1193 providimus;
2545 1130 2603 1173 ut
2659 1137 2781 1175 cum
2836 1136 2987 1176 sacra
3037 1121 3297 1177 Dominici
3345 1121 3591 1191 corporis
3641 1132 3698 1176 et

2128 1211 2402 1280 sanguinis
2426 1210 2679 1280 mysteria
2700 1209 2862 1265 vultis
2888 1210 3152 1278 accipere,
3180 1218 3458 1272 stannum,
3484 1209 3565 1262 vel
3611 1210 3692 1263 vi-

2127 1304 2228 1357 lius
2248 1304 2606 1373 quodcunque
2636 1304 2903 1359 metallum
2931 1303 3124 1358 vestris
3153 1303 3309 1358 labiis
3356 1318 3693 1372 nequaquam

2126 1410 2346 1449 necesse
2382 1394 2453 1449 sit
2475 1392 2747 1449 adhibere.
2776 1394 3076 1462 Conspicua
3109 1394 3459 1449 nihilominus
3512 1409 3692 1449 sacro.

2125 1490 2313 1536 sancto
2348 1482 2501 1537 altari
2534 1482 2786 1552 tegmina,
2824 1490 2877 1535 et
2924 1482 3257 1538 celebrandis
3286 1483 3574 1537 missarum
3607 1498 3696 1537 so-

2123 1570 2335 1627 lemuiis
2362 1571 2593 1640 pretiosa
2629 1570 2951 1625 contulimus
2975 1581 3311 1627 ornamenta.

2192 1659 2317 1714 [lare
2342 1660 2541 1724 omnia,
2574 1659 2792 1724 fratres,
2843 1677 2942 1716 nos
2978 1678 3083 1716 non
3119 1644 3247 1717 sine
3275 1662 3459 1717 labore
3501 1662 3693 1733 quaesi-

2121 1748 2319 1813 vimus,
2350 1758 2407 1803 ut
2431 1750 2583 1804 vobis
2613 1750 2813 1805 laboris
2840 1735 3106 1821 impendia
3140 1751 3484 1807 tolleremus:
3515 1761 3689 1806 tanto-

2119 1851 2225 1908 que
2254 1836 2475 1893 liberius
2504 1852 2565 1893 se
2593 1849 2773 1895 vester
2818 1841 3032 1894 animus
3079 1841 3144 1895 ad
3196 1840 3306 1894 alta
3360 1839 3689 1905 sustolleret,

2122 1905 2323 1995 quanto
2349 1929 2526 1982 minus
2556 1926 2700 1983 hunc
2722 1928 2788 1982 ad
2814 1928 3141 2000 providenda
3195 1929 3295 1983 sibi
3356 1927 3567 1982 infirma
3614 1928 3693 1983 rei

2122 2128 2359 2146 _

3803 759 4122 820 charissimi.
4151 759 4456 827 quicunque
4482 759 4610 813 mihi
4644 760 4775 813 estis
4802 760 4854 813 in
4897 758 5051 827 hujus
5073 759 5173 813 loci
5227 761 5364 813 sarri

3803 846 4106 901 habitacula
4133 848 4467 910 successuri,
4521 848 4695 918 utqui
4729 849 4881 905 vobis
4928 859 5049 902 ante
5100 849 5362 913 consului,

3803 952 3959 1005 quam
3989 934 4146 1004 hujus
4197 938 4317 990 vitae
4362 936 4629 991 haberetis
4678 938 5016 1007 ingressum;
5079 951 5171 991 vos
5203 936 5362 991 etiam

3805 1041 3889 1080 me
3934 1026 4019 1094 pia
4073 1026 4438 1081 vicissitudine
4485 1026 4681 1081 vestris
4729 1027 4991 1097 adjuvetis
5035 1025 5365 1080 orationibus

3790 1114 3899 1183 jam
3928 1116 4239 1170 defunctum
4268 1133 4281 1179 ;
4308 1126 4363 1170 et
4386 1117 4473 1185 qui
4500 1116 4649 1171 vobis
4679 1116 4862 1185 paravi
4894 1116 5067 1170 locum
5118 1114 5362 1183 religiose

3797 1206 4040 1269 vivendi,
4074 1221 4171 1261 vos
4202 1207 4331 1260 mihi
4381 1206 4589 1275 capiam
4640 1207 4932 1277 acquiratis
4984 1204 5358 1275 indulgentiam

3798 1296 4155 1365 promerendi.
4190 1296 4350 1360 Ecce,
4407 1297 4603 1351 fratres
4645 1298 4774 1364 mei,
4822 1296 4894 1351 fui
4941 1297 5081 1367 quod
5118 1295 5363 1349 estiszet

3796 1397 4046 1436 emensus
4092 1399 4209 1437 sum
4238 1424 4251 1445 ,
4316 1384 4455 1452 quod
4499 1385 4759 1439 transitis.
4803 1383 5006 1439 Przcsto
5043 1384 5191 1439 vobis
5238 1389 5361 1437 sunt

3794 1487 3914 1541 quae
3941 1472 4182 1535 deserui;
4213 1474 4567 1542 prepinqnum
4593 1482 4677 1528 est
4705 1488 4812 1543 quo
4856 1474 5092 1544 perveni.
5130 1474 5220 1531 Sic
5258 1473 5357 1543 igi-

3796 1573 3883 1616 tur
3907 1564 4281 1632 compendium
4330 1574 4521 1618 vestra:
4561 1564 4903 1619 mortalitatis
4953 1564 5247 1628 excurrite;
5301 1571 5359 1615 ut

3793 1656 3990 1726 elapsis
4010 1657 4183 1720 vanis,
4206 1671 4325 1725 qua
4353 1656 4720 1727 temporaliter
4747 1664 5058 1719 transeunt,
5100 1655 5165 1709 ad
5220 1652 5356 1707 bona

3792 1746 4141 1815 perveniatis,
4173 1761 4293 1816 qua:
4315 1746 4399 1799 his
4424 1754 4683 1816 perpetuo
4710 1760 4963 1801 mansura
4980 1742 5286 1798 succedunt.

4131 1857 4211 1912 Sit
4239 1873 4423 1911 nomen
4451 1857 4662 1912 Domini
4689 1856 5031 1911 benedictum.

2678 2120 5342 2153 _—————————_—————————IU—————-———_

2333 2291 2688 2365 329-330
2766 2306 3606 2424 OPUSGULUM
3693 2308 4350 2457 DECIMUM
4443 2306 5137 2441 QUINTUM.

2357 2524 2460 2584 DE
2502 2525 2671 2586 SUJE
2715 2523 3409 2585 CONGREGATIONIS
3452 2524 3917 2587 INSTITUTIS.
3966 2525 4073 2585 AD
4119 2525 4607 2585 STEPHANUM
4652 2524 5128 2588 MONACHUM.

2118 2861 2599 2915 Asconsruu.—
2626 2858 2899 2926 Stephano
2943 2862 3157 2928 cutdam
3204 2865 3297 2925 qut
3329 2872 3393 2911 ex
3440 2867 3684 2913 ccenob‘to
3722 2867 3791 2913 ad
3836 2874 4080 2913 eremum
4116 2863 4495 2928 emigraverat,
4522 2861 4815 2913 eremiticze
4842 2860 4984 2924 vine,
5016 2868 5069 2914 et
5118 2874 5350 2913 conver-

2187 2930 2417 2986 sationis
2444 2936 2712 2999 praecepta
2740 2927 3066 2999 desideranti
3093 2926 3361 2999 depromit
3393 2943 3405 2976 :
3432 2940 3544 2999 nec
3579 2942 3683 2999 non
3724 2930 4089 2991 eremitarum,
4112 2926 4307 2997 quibus
4350 2931 4463 2999 ipse
4503 2939 4765 2999 praeerat,
4792 2931 5017 2999 regulas.
5054 2940 5107 2983 et
5145 2930 5350 2982 vivendi

2186 2994 2709 3065 instituta‘expon'it;
2753 2994 3105 3049 saluberrima
3138 2996 3352 3050 interim
3401 2996 3607 3049 monita
3658 2998 3986 3061 immiscens,
4017 3010 4076 3051 ut
4116 2994 4302 3052 rudem
4334 2994 4533 3062 adhuc,
4568 3008 4622 3053 et
4660 2994 4962 3065 hujusniodi
5001 3003 5094 3053 via:
5132 2999 5353 3052 rationis

2182 3071 2517 3139 inexpertum
2553 3067 2618 3139 ad
2650 3065 2873 3139 insidias
2910 3066 3297 3139 cacodazmonis
3330 3068 3665 3139 superandas
3699 3083 3713 3139 ς
3743 3068 3875 3119 dura
3896 3108 3910 3130 ,
3943 3078 3997 3121 et
4044 3082 4234 3137 aspera
4272 3083 4497 3138 quteque
4537 3068 4896 3139 perferenda:
4929 3078 4985 3123 et
5018 3070 5243 3138 denique
5282 3068 5349 3121 ad

2180 3132 2369 3192 omnes
2397 3136 2622 3207 perfecti
2644 3136 2881 3189 eremita:
2898 3149 3151 3189 numeros
3174 3132 3475 3203 implendos
3505 3136 3773 3205 gradatim
3806 3140 4087 3206 perducat.

2176 3288 2514 3347 Charissimo
2538 3287 2690 3341 fratri
2725 3286 3032 3353 Srerutno,
3061 3300 3245 3343 amore
3276 3302 3523 3358 superne
3551 3290 3682 3345 cha-
3710 3296 3759 3357 c
3789 3292 4037 3361 gentibus
4081 3292 4470 3349 infructuosum
4523 3309 4641 3350 esse
4670 3310 4774 3351 non
4821 3293 5107 3359 credimus,
5135 3310 5253 3350 cum
5284 3296 5350 3350 ad

2111 3377 2762 3440 ritatisincluso,Ps-raus
2792 3377 3010 3432 ultimus
3040 3378 3217 3433 crucis
3240 3376 3445 3435 Christi
3471 3394 3681 3446 servus,

2113 3472 2341 3527 salutem
2365 3469 2417 3522 in
2442 3467 2694 3537 idipsum.

2181 3560 2431 3616 Honesta:
2458 3558 2733 3629 petitionis
2762 3558 3262 3623 tute,dilectissime
3293 3561 3386 3629 fili,
3413 3572 3537 3619 vota
3563 3579 3685 3620 sus-

2107 3651 2367 3723 cepimus,
2402 3650 2596 3719 quibus
2634 3657 2683 3703 te
2710 3664 2808 3719 per
2840 3658 3037 3705 nostra;
3076 3650 3459 3707 admonitionis
3506 3652 3684 3723 apices

2107 3743 2399 3799 eremitica:
2443 3742 2567 3796 vitae
2608 3741 2791 3812 regula
2820 3741 3061 3811 postulas
3091 3740 3388 3798 informari.
3420 3744 3683 3801 Monaste-

2108 3836 2296 3892 riaiem
2326 3834 2517 3905 quippe
2544 3832 2877 3888 latitudinem
2904 3832 3133 3901 fugiens,
3168 3848 3289 3889 mox
3336 3835 3540 3890 fervido
3579 3837 3683 3905 spi-

2108 3926 2217 3981 ritu
2246 3924 2446 3980 cellulre
2476 3932 2528 3977 te
2554 3923 2917 3978 carceralibos
2955 3924 3220 3992 angustiis
3252 3924 3533 3979 inrlnsisti.
3564 3925 3678 3981 Non

2108 4015 2495 4072 contemnenda
2522 4014 2677 4084 plane
2708 4014 2913 4084 petitio,
2930 4030 3030 4069 nec
3056 4015 3309 4078 otiosum,
3330 4016 3413 4071 vel
3442 4018 3681 4087 ineptum

2106 4110 2425 4178 negotium:
2458 4107 2549 4161 sed
2603 4107 2646 4161 si
2699 4117 2983 4160 exsecutor
3040 4105 3372 4159 inveniretur
3424 4106 3679 4170 idoneus,

2108 4199 2272 4253 etiam
2296 4198 2523 4266 posteris
2554 4213 2659 4250 non
2693 4197 3034 4249 mediocriter
3064 4194 3423 4263 profuturum.
3452 4196 3560 4251 Nos
3586 4214 3682 4251 au-

2110 4298 2241 4351 tem,
2268 4288 2356 4357 qui
2388 4288 2441 4341 in
2476 4286 2634 4355 hujus
2660 4284 3013 4354 professionis
3048 4285 3129 4337 via
3159 4285 3427 4340 neminem
3453 4287 3680 4341 vivendo

2108 4378 2382 4447 prximus,
2422 4386 2645 4431 cancros
2687 4375 2951 4443 loquendo
2994 4374 3203 4443 prmire,
3256 4373 3396 4429 velut
3454 4376 3677 4441 indices,

2104 4470 2225 4524 sive
2257 4466 2467 4535 iudices
2510 4464 2740 4530 itineris,
2795 4466 3138 4519 temerarium
3182 4464 3503 4535 judicamus.
3537 4466 3682 4520 Prae-

2109 4565 2380 4627 poslerum
2410 4555 2737 4626 quippecst,
2768 4554 2812 4607 si
2852 4553 3028 4622 lingua
3084 4562 3338 4621 tanquam
3383 4556 3676 4625 magisterii

2109 4660 2271 4713 super
2314 4644 2446 4698 alios
2500 4642 2721 4711 arripiat
2768 4642 3013 4704 ferulam,
3058 4642 3210 4710 cujus
3241 4643 3414 4697 adhuc
3444 4646 3549 4697 vita
3587 4643 3682 4697 lla-
3712 4648 3758 4707 D
3787 4642 4209 4695 sollicitudinum
4242 4642 4447 4710 pungit,
4475 4656 4647 4710 neque
4674 4640 4785 4694 luto
4816 4641 5145 4710 negotiorum
5177 4653 5346 4693 δωρει-
5444 4642 5451 4713 ς

2109 4737 2262 4805 gellis
2288 4735 2521 4791 obnoxia
2565 4732 2782 4786 exhibet
2832 4732 3159 4786 clientelam.
3197 4730 3300 4784 Sed
3339 4733 3427 4799 qui
3474 4732 3681 4787 calcato

2109 4825 2341 4894 propria:
2378 4821 2666 4875 voluntatis
2701 4821 2926 4874 arbitrio
2964 4820 3183 4875 obedire
3214 4819 3323 4875 Deo
3364 4837 3458 4890 per
3501 4824 3681 4877 omnia

2110 4913 2416 4978 decrevisti,
2441 4912 2659 4981 dignum
2684 4910 2925 4980 profecto
2946 4918 3029 4963 est
3057 4911 3159 4963 tuis
3178 4925 3390 4979 quoque
3412 4912 3683 4979 petitioni-

2109 5002 2211 5057 bus
2240 5018 2267 5055 a
2296 5000 2533 5056 fraterna
2566 5000 2831 5054 charitate
2861 5014 2965 5052 non
2998 4997 3232 5068 segniter
3261 4999 3500 5054 obedire.

2180 5092 2516 5161 Quapropter
2540 5091 2593 5145 in
2630 5098 2855 5159 angusto
2882 5090 3058 5157 positi,
3089 5089 3214 5143 dum
3258 5099 3310 5144 et
3338 5090 3445 5144 tuis
3474 5090 3679 5146 deside-

2111 5182 2210 5236 riis
2239 5180 2551 5237 satisfacere
2578 5180 2845 5249 cupimus,
2870 5188 2923 5234 et
2954 5189 3130 5234 tamen
3161 5179 3393 5249 pr0prire
3417 5194 3680 5235 mensura:

2112 5280 2285 5327 metas
2312 5272 2570 5325 excedere
2601 5284 2703 5323 non
2732 5270 3021 5334 audemus,
3055 5277 3227 5323 tutum
3254 5269 3409 5325 nobis
3439 5269 3678 5323 arbitra-

2113 5379 2254 5428 mur,
2284 5370 2337 5415 et
2385 5361 2649 5429 integrum
2684 5358 2842 5427 hujus
2893 5360 3107 5429 quidem
3154 5359 3506 5415 institutionis
3540 5374 3680 5429 prae.

2113 5461 2267 5521 cepta
2296 5466 2400 5506 non
2435 5452 2626 5513 edere;
2678 5448 2907 5504 sulliciat
2952 5458 3153 5515 autem,
3204 5451 3347 5520 quod
3394 5450 3448 5505 iu
3496 5458 3679 5504 nostra

2112 5544 2230 5600 fieri
2262 5540 2671 5615 congregatione
2712 5544 3097 5612 conspicimus,
3131 5551 3186 5599 et
3222 5547 3425 5613 experti
3470 5559 3679 5608 sumus,

2115 5634 2428 5705 simpliciter
2458 5634 2744 5701 explicare.
2771 5630 2879 5686 Nec
2912 5644 3020 5686 tam
3044 5633 3167 5702 quid
3204 5633 3271 5687 ab
3295 5632 3537 5687 cremitis
3562 5632 3680 5685 ﬁeri

2116 5725 2336 5789 debeat,
2389 5726 2621 5795 generali
2664 5727 2977 5783 definitione
3025 5728 3461 5797 praescribimus,
3518 5742 3681 5797 quam

2116 5814 2257 5883 quod
2287 5815 2336 5868 in
2370 5815 2467 5869 hac
2504 5830 2687 5870 eremo
2717 5818 2828 5879 fiat,
2860 5834 2981 5873 cum
3014 5818 3078 5873 de
3122 5818 3256 5883 loco,
3312 5828 3421 5872 tum
3453 5833 3681 5889 persona

2117 5903 2415 5975 specialiter
2450 5906 2776 5961 intimamus.
2806 5906 2955 5972 Quod
3007 5917 3180 5963 tamen
3224 5923 3286 5962 ex
3320 5909 3584 5963 charitatc
3609 5907 3681 5960 lc-

3782 3380 4130 3450 perfectionis
4165 3383 4373 3437 culmen
4399 3393 4668 3453 praecepta
4702 3384 4918 3455 quidem
4953 3393 5224 3451 moveant,
5254 3385 5350 3441 sed

3783 3472 4025 3540 exempla
4056 3473 4396 3542 compellant.

4296 3560 4524 3615 CAPUT
4564 3560 4858 3617 PRIMUM.

4153 3648 4231 3727 ρε
4264 3647 4517 3703 saliaria
4552 3652 4671 3704 vita:
4710 3649 4974 3705 laudibus.

3859 3737 3991 3793 Vere
4010 3779 4023 3800 ,
4054 3736 4243 3802 frater,
4267 3749 4329 3793 ut
4353 3740 4570 3805 dicitur,
4600 3740 4770 3810 ipsius
4811 3740 4889 3795 rei
4918 3747 5097 3793 notam
5144 3738 5307 3794 fixisti
5329 3781 5346 3804 ,

3785 3846 3906 3886 cum
3947 3832 4013 3884 ad
4049 3831 4212 3885 Deum
4246 3831 4421 3885 redire
4458 3846 4563 3885 non
4627 3846 4723 3901 per
4760 3830 5217 3901 qualemcunque,
5255 3831 5349 3886 sed

3782 3934 3882 3988 per
3909 3934 4126 3974 auream
4155 3920 4296 3973 viam
4322 3919 4663 3974 laudabiliter
4687 3919 4916 3989 elegisti.
4945 3919 5052 3974 Nec
5075 3920 5141 3973 ad
5169 3920 5271 3975 hoc
5297 3929 5350 3974 te

3786 4007 4071 4077 prudentia
4100 4008 4455 4063 humanitatis
4484 4008 4731 4078 impulit,
4770 4006 4865 4063 sed
4926 4008 5135 4063 divinus
5162 4010 5347 4078 procul

3784 4099 3948 4155 dubio
3979 4099 4211 4168 Spiritus
4241 4100 4504 4154 incitavit.
4544 4099 4669 4154 Haec
4697 4108 4778 4154 est
4806 4100 4948 4154 enim
4980 4101 5092 4164 via,
5120 4115 5239 4169 qua
5269 4099 5352 4153 iu-

3785 4198 3865 4244 ter
3889 4189 4119 4259 reliquas
4147 4190 4211 4244 ad
4235 4206 4448 4243 summa
4476 4191 4756 4245 tendentes
4774 4193 5037 4254 eminens,
5059 4199 5113 4244 et
5139 4190 5347 4245 excelsa

3782 4289 3884 4335 est.
3916 4280 4133 4333 Interim
4170 4295 4267 4349 per
4297 4296 4353 4334 se
4384 4289 4688 4335 currentem
4715 4282 4826 4350 jam
4865 4282 5013 4351 ponit
5046 4282 5097 4335 in
5132 4282 5302 4350 patria
5330 4299 5344 4334 :

3784 4376 3838 4421 et
3863 4382 3984 4422 eum
4004 4409 4018 4431 ,
4048 4369 4136 4437 qui
4164 4370 4337 4423 adhuc
4367 4379 4613 4424 versatur
4642 4370 4693 4423 in
4721 4369 4933 4433 labore,
4957 4370 5067 4445 jam
5092 4370 5347 4440 quodam-

3786 4459 3944 4512 modo
3978 4467 4222 4523 recreat,
4253 4467 4307 4514 et
4344 4458 4657 4513 consolatur
4696 4460 4748 4513 in
4786 4460 4991 4528 requie.
5032 4457 5155 4513 Haec
5190 4460 5347 4513 nimi-

3786 4565 3903 4603 rum
3934 4550 4016 4603 via
4051 4565 4145 4618 per
4175 4564 4234 4603 se
4263 4550 4681 4603 commeantium
4722 4563 4940 4618 gressus
4978 4564 5147 4616 neque
5180 4549 5348 4617 spinis

3786 4733 3978 4787 larium
4022 4733 4260 4802 impedit.
4304 4731 4472 4786 Porro
4533 4734 4647 4787 haec
4682 4733 4770 4786 via
4812 4732 5043 4802 spatiosa
5093 4730 5252 4784 simul
5290 4740 5343 4782 et

3785 4833 4012 4895 angusta
4056 4842 4067 4876 :

3784 4917 3913 4969 mite
3940 4914 4143 4969 ccelesti
4170 4915 4433 4969 desiderio
4460 4914 4723 4984 graditur,
4753 4922 4807 4968 et
4828 4921 5045 4982 propter
5070 4912 5344 4981 angustias

3786 5007 3943 5059 noxie
3975 5022 4079 5060 non
4114 5005 4402 5073 impingat,
4434 5016 4487 5058 et
4514 5015 4734 5074 propter
4762 5002 5094 5056 latitudinem
5126 5015 5154 5053 a
5184 5003 5342 5056 recti-

3786 5096 3987 5151 tudinis
4025 5097 4161 5149 linea
4215 5112 4323 5149 non
4361 5096 4611 5149 divcrtat.
4657 5092 4792 5151 Nam
4830 5092 4927 5147 etsi
4968 5090 5343 5159 incipientibus

3783 5187 4101 5256 plerumque
4128 5186 4339 5247 stricta,
4366 5178 4452 5239 vel
4481 5182 4708 5238 difficilis
4735 5182 4999 5244 videatur,
5026 5176 5129 5235 non
5163 5189 5340 5233 tamen

3782 5290 3937 5339 mox,
3968 5276 4070 5330 nisi
4101 5277 4241 5344 quod
4274 5276 4447 5339 absit,
4472 5276 4605 5329 fides
4631 5276 4769 5329 desit
4788 5314 4801 5337 ,
4828 5270 5148 5328 inconstanti
5177 5270 5342 5339 pusil-

3784 5365 4077 5419 lanimilalc
4110 5365 4411 5419 deseritur:
4452 5365 4676 5418 assuetis
4719 5372 4897 5417 autem
4926 5370 4975 5414 et
5028 5358 5337 5429 pet-feetioui

3777 5454 3886 5524 jam
3914 5454 4419 5525 propinquantibus,
4449 5455 4530 5508 vel
4561 5452 4883 5508 merentibus
4906 5452 5075 5506 facilis
5099 5452 5335 5520 quidam,

3782 5556 3835 5599 et
3885 5545 4280 5614 quodammodo
4330 5544 4435 5598 lata
4490 5546 4572 5597 via
4626 5543 4836 5595 videtur
4883 5540 5155 5594 eretuitica
5208 5540 5333 5591 vita.

3782 5636 4060 5705 Nunquam
4107 5646 4282 5689 tamen
4316 5652 4342 5688 a
4376 5636 4636 5703 portanda
4679 5644 4797 5702 post
4830 5631 5009 5686 Jesum
5046 5644 5205 5684 cruce
5243 5631 5333 5682 de-

3786 5728 3999 5791 ﬁciunt,
4034 5728 4161 5781 dum
4198 5735 4251 5781 ct
4291 5727 4539 5795 prOprias
4579 5725 4885 5778 voluntates
4922 5722 5247 5790 reprimunt,
5285 5729 5335 5772 et

3782 5819 4034 5873 adversus
4088 5818 4464 5885 cogitationem
4516 5831 4732 5869 suarum
4788 5822 5112 5869 tcutamcnta
5156 5812 5333 5865 cnnlli-
5424 5826 5429 5885 ς

3783 5917 3929 5979 gunt.
3973 5909 4210 5966 Duxisti.
4255 5908 4441 5972 frater,
4476 5921 4737 5969 uxorem,
4779 5919 4938 5973 quam
4979 5916 5083 5955 non
5123 5901 5331 5970 quidem

4112 4824 4202 4877 sed
4242 4824 4342 4877 hoc
4384 4825 4567 4887 modo,
4612 4833 4671 4876 ut
4707 4822 4949 4892 quisquis
4983 4836 5075 4890 per
5103 4835 5222 4875 eam
5257 4835 5345 4874 co-
5430 4860 5438 4871 .
