  <div class='ocr_page' id='page_1' title='image "/cluster/home/n/w/nwhite01/storage/ocr_20150623/144-145/uc1.31175001639262/708.png"; bbox 0 0 4276 6356; ppageno 0'>
   <div class='ocr_carea' id='block_1_1' title="bbox 370 403 475 459">
    <p class='ocr_par' dir='ltr' id='par_1_1' title="bbox 370 403 475 459">
     <span class='ocr_line' id='line_1_1' title="bbox 370 403 475 459; baseline -0.029 0"><span class='ocrx_word' id='word_1_1' title='bbox 370 403 475 459; x_wconf 75' lang='grc'><strong>557</strong></span> 
     </span>
    </p>
   </div>
   <div class='ocr_carea' id='block_1_2' title="bbox 372 538 404 579">
    <p class='ocr_par' dir='ltr' id='par_1_2' title="bbox 372 538 404 579">
     <span class='ocr_line' id='line_1_2' title="bbox 372 538 404 579; baseline 0 0"><span class='ocrx_word' id='word_1_2' title='bbox 372 538 404 579; x_wconf 70' lang='grc' dir='ltr'><strong><em>ε</em></strong></span> 
     </span>
    </p>
   </div>
   <div class='ocr_carea' id='block_1_3' title="bbox 376 585 1953 683">
    <p class='ocr_par' dir='ltr' id='par_1_3' title="bbox 376 585 1953 683">
     <span class='ocr_line' id='line_1_3' title="bbox 376 585 1953 683; baseline -0.017 -18"><span class='ocrx_word' id='word_1_3' title='bbox 376 611 584 683; x_wconf 78' lang='lat' dir='ltr'><strong>privet,</strong></span> <span class='ocrx_word' id='word_1_4' title='bbox 614 605 699 660; x_wconf 89' lang='lat' dir='ltr'><strong>vel</strong></span> <span class='ocrx_word' id='word_1_5' title='bbox 733 619 762 656; x_wconf 91' lang='lat' dir='ltr'><strong>a</strong></span> <span class='ocrx_word' id='word_1_6' title='bbox 793 607 1078 656; x_wconf 70' lang='lat' dir='ltr'><strong>venustate</strong></span> <span class='ocrx_word' id='word_1_7' title='bbox 1106 595 1293 653; x_wconf 62' lang='lat' dir='ltr'><strong>vultus.</strong></span> <span class='ocrx_word' id='word_1_8' title='bbox 1313 591 1577 665; x_wconf 76' lang='lat' dir='ltr'><strong>lippitudo</strong></span> <span class='ocrx_word' id='word_1_9' title='bbox 1601 589 1758 683; x_wconf 54' lang='lat'><strong>331-</strong></span> <span class='ocrx_word' id='word_1_10' title='bbox 1781 585 1953 683; x_wconf 73' lang='lat' dir='ltr'><strong>dede-</strong></span> 
     </span>
    </p>
   </div>
   <div class='ocr_carea' id='block_1_4' title="bbox 364 674 1953 763">
    <p class='ocr_par' dir='ltr' id='par_1_4' title="bbox 364 674 1953 763">
     <span class='ocr_line' id='line_1_4' title="bbox 364 674 1953 763; baseline -0.019 -6"><span class='ocrx_word' id='word_1_11' title='bbox 364 674 567 763; x_wconf 59' lang='lat' dir='ltr'><strong>coret;</strong></span> <span class='ocrx_word' id='word_1_12' title='bbox 606 695 699 751; x_wconf 89' lang='lat' dir='ltr'><strong>sed</strong></span> <span class='ocrx_word' id='word_1_13' title='bbox 737 691 886 746; x_wconf 82' lang='lat' dir='ltr'><strong>illam</strong></span> <span class='ocrx_word' id='word_1_14' title='bbox 925 687 1204 758; x_wconf 91' lang='lat' dir='ltr'><strong>profecto,</strong></span> <span class='ocrx_word' id='word_1_15' title='bbox 1238 699 1359 755; x_wconf 76' lang='lat' dir='ltr'><strong>qua:</strong></span> <span class='ocrx_word' id='word_1_16' title='bbox 1388 683 1462 737; x_wconf 88' lang='lat' dir='ltr'><strong>sit</strong></span> <span class='ocrx_word' id='word_1_17' title='bbox 1485 689 1540 736; x_wconf 94' lang='lat' dir='ltr'><strong>et</strong></span> <span class='ocrx_word' id='word_1_18' title='bbox 1575 693 1706 734; x_wconf 83' lang='lat' dir='ltr'><strong>cum</strong></span> <span class='ocrx_word' id='word_1_19' title='bbox 1733 675 1832 731; x_wconf 80' lang='lat' dir='ltr'><strong>Lia</strong></span> <span class='ocrx_word' id='word_1_20' title='bbox 1869 674 1953 728; x_wconf 87' lang='lat' dir='ltr'><strong>fe-</strong></span> 
     </span>
    </p>
   </div>
   <div class='ocr_carea' id='block_1_5' title="bbox 371 770 1955 848">
    <p class='ocr_par' dir='ltr' id='par_1_5' title="bbox 371 770 1955 848">
     <span class='ocr_line' id='line_1_5' title="bbox 371 770 1955 848; baseline -0.017 -1"><span class='ocrx_word' id='word_1_21' title='bbox 371 791 550 848; x_wconf 87' lang='lat' dir='ltr'><strong>cunda</strong></span> <span class='ocrx_word' id='word_1_22' title='bbox 636 792 691 840; x_wconf 89' lang='lat' dir='ltr'><strong>et</strong></span> <span class='ocrx_word' id='word_1_23' title='bbox 732 797 856 837; x_wconf 90' lang='lat' dir='ltr'><strong>eum</strong></span> <span class='ocrx_word' id='word_1_24' title='bbox 903 776 1138 833; x_wconf 81' lang='lat' dir='ltr'><strong>Rachele</strong></span> <span class='ocrx_word' id='word_1_25' title='bbox 1184 775 1438 829; x_wconf 87' lang='lat' dir='ltr'><strong>formosa.</strong></span> <span class='ocrx_word' id='word_1_26' title='bbox 1485 770 1752 824; x_wconf 83' lang='lat' dir='ltr'><strong>Nimirum</strong></span> <span class='ocrx_word' id='word_1_27' title='bbox 1799 775 1859 820; x_wconf 92' lang='lat' dir='ltr'><strong>ut</strong></span> <span class='ocrx_word' id='word_1_28' title='bbox 1898 774 1955 820; x_wconf 90' lang='lat' dir='ltr'><strong>et</strong></span> 
     </span>
    </p>
   </div>
   <div class='ocr_carea' id='block_1_6' title="bbox 371 858 1957 938">
    <p class='ocr_par' dir='ltr' id='par_1_6' title="bbox 371 858 1957 938">
     <span class='ocr_line' id='line_1_6' title="bbox 371 858 1957 938; baseline -0.018 -2"><span class='ocrx_word' id='word_1_29' title='bbox 371 882 475 938; x_wconf 90' lang='lat' dir='ltr'><strong>tibi</strong></span> <span class='ocrx_word' id='word_1_30' title='bbox 515 879 779 933; x_wconf 89' lang='lat' dir='ltr'><strong>clarescat</strong></span> <span class='ocrx_word' id='word_1_31' title='bbox 815 871 1038 926; x_wconf 77' lang='lat' dir='ltr'><strong>obtutus</strong></span> <span class='ocrx_word' id='word_1_32' title='bbox 1075 869 1142 921; x_wconf 91' lang='lat' dir='ltr'><strong>ad</strong></span> <span class='ocrx_word' id='word_1_33' title='bbox 1177 863 1467 919; x_wconf 87' lang='lat' dir='ltr'><strong>videndum</strong></span> <span class='ocrx_word' id='word_1_34' title='bbox 1503 858 1861 931; x_wconf 90' lang='lat' dir='ltr'><strong>principium,</strong></span> <span class='ocrx_word' id='word_1_35' title='bbox 1901 864 1957 910; x_wconf 91' lang='lat' dir='ltr'><strong>et</strong></span> 
     </span>
    </p>
   </div>
   <div class='ocr_carea' id='block_1_7' title="bbox 369 949 1880 1043">
    <p class='ocr_par' dir='ltr' id='par_1_7' title="bbox 369 949 1880 1043">
     <span class='ocr_line' id='line_1_7' title="bbox 369 949 1880 1043; baseline -0.018 -16"><span class='ocrx_word' id='word_1_36' title='bbox 369 969 595 1043; x_wconf 83' lang='lat' dir='ltr'><strong>plurimi</strong></span> <span class='ocrx_word' id='word_1_37' title='bbox 626 963 835 1021; x_wconf 85' lang='lat' dir='ltr'><strong>nobiles</strong></span> <span class='ocrx_word' id='word_1_38' title='bbox 866 960 944 1015; x_wconf 94' lang='lat' dir='ltr'><strong>tui</strong></span> <span class='ocrx_word' id='word_1_39' title='bbox 977 957 1209 1013; x_wconf 81' lang='lat' dir='ltr'><strong>fervoris</strong></span> <span class='ocrx_word' id='word_1_40' title='bbox 1237 956 1519 1009; x_wconf 78' lang='lat' dir='ltr'><strong>imitemur</strong></span> <span class='ocrx_word' id='word_1_41' title='bbox 1547 949 1880 1020; x_wconf 83' lang='lat' dir='ltr'><strong>exemplum.</strong></span> 
     </span>
    </p>
   </div>
   <div class='ocr_carea' id='block_1_8' title="bbox 444 1037 1954 1125">
    <p class='ocr_par' dir='ltr' id='par_1_8' title="bbox 444 1037 1954 1125">
     <span class='ocr_line' id='line_1_8' title="bbox 444 1037 1954 1125; baseline -0.016 -10"><span class='ocrx_word' id='word_1_42' title='bbox 444 1061 573 1115; x_wconf 62' lang='lat' dir='ltr'><strong>Haec</strong></span> <span class='ocrx_word' id='word_1_43' title='bbox 611 1053 854 1125; x_wconf 89' lang='lat' dir='ltr'><strong>profecto</strong></span> <span class='ocrx_word' id='word_1_44' title='bbox 893 1059 978 1105; x_wconf 91' lang='lat' dir='ltr'><strong>est</strong></span> <span class='ocrx_word' id='word_1_45' title='bbox 1011 1047 1226 1112; x_wconf 86' lang='lat' dir='ltr'><strong>mulier,</strong></span> <span class='ocrx_word' id='word_1_46' title='bbox 1265 1046 1330 1100; x_wconf 89' lang='lat' dir='ltr'><strong>de</strong></span> <span class='ocrx_word' id='word_1_47' title='bbox 1353 1059 1458 1113; x_wconf 90' lang='lat' dir='ltr'><strong>qua</strong></span> <span class='ocrx_word' id='word_1_48' title='bbox 1488 1042 1686 1097; x_wconf 90' lang='lat' dir='ltr'><strong>dicitur</strong></span> <span class='ocrx_word' id='word_1_49' title='bbox 1719 1057 1731 1093; x_wconf 92' lang='lat'>:</span> <span class='ocrx_word' id='word_1_50' title='bbox 1768 1037 1954 1124; x_wconf 37' lang='lat' dir='ltr'><strong>«.Quia</strong></span> 
     </span>
    </p>
   </div>
   <div class='ocr_carea' id='block_1_9' title="bbox 371 1130 1952 1211">
    <p class='ocr_par' dir='ltr' id='par_1_9' title="bbox 371 1130 1952 1211">
     <span class='ocr_line' id='line_1_9' title="bbox 371 1130 1952 1211; baseline -0.016 -4"><span class='ocrx_word' id='word_1_51' title='bbox 371 1147 676 1211; x_wconf 88' lang='lat' dir='ltr'><strong>fortitudo,</strong></span> <span class='ocrx_word' id='word_1_52' title='bbox 715 1153 771 1200; x_wconf 91' lang='lat' dir='ltr'><strong>et</strong></span> <span class='ocrx_word' id='word_1_53' title='bbox 823 1145 988 1198; x_wconf 85' lang='lat' dir='ltr'><strong>decor</strong></span> <span class='ocrx_word' id='word_1_54' title='bbox 1042 1147 1126 1195; x_wconf 90' lang='lat' dir='ltr'><strong>est</strong></span> <span class='ocrx_word' id='word_1_55' title='bbox 1173 1139 1544 1192; x_wconf 91' lang='lat' dir='ltr'><strong>indumentum</strong></span> <span class='ocrx_word' id='word_1_56' title='bbox 1584 1131 1702 1200; x_wconf 85' lang='lat' dir='ltr'><strong>ejus</strong></span> <span class='ocrx_word' id='word_1_57' title='bbox 1750 1132 1768 1199; x_wconf 86' lang='lat'>(</span> <span class='ocrx_word' id='word_1_58' title='bbox 1800 1130 1952 1183; x_wconf 83' lang='lat' dir='ltr'><strong>Prov.</strong></span> 
     </span>
    </p>
   </div>
   <div class='ocr_carea' id='block_1_10' title="bbox 370 1222 1954 1306">
    <p class='ocr_par' dir='ltr' id='par_1_10' title="bbox 370 1222 1954 1306">
     <span class='ocr_line' id='line_1_10' title="bbox 370 1222 1954 1306; baseline -0.015 -9"><span class='ocrx_word' id='word_1_59' title='bbox 370 1257 505 1298; x_wconf 73' lang='lat' dir='ltr'><strong>xxxx</strong></span> <span class='ocrx_word' id='word_1_60' title='bbox 535 1240 576 1306; x_wconf 91' lang='lat'><strong>).</strong></span> <span class='ocrx_word' id='word_1_61' title='bbox 616 1259 634 1291; x_wconf 73' lang='grc' dir='ltr'><strong><em>ι</em></strong></span> <span class='ocrx_word' id='word_1_62' title='bbox 669 1226 942 1292; x_wconf 72' lang='lat' dir='ltr'><strong>Solitariae</strong></span> <span class='ocrx_word' id='word_1_63' title='bbox 989 1245 1183 1300; x_wconf 86' lang='lat' dir='ltr'><strong>nempe</strong></span> <span class='ocrx_word' id='word_1_64' title='bbox 1233 1224 1668 1284; x_wconf 75' lang='lat' dir='ltr'><strong>conversationis</strong></span> <span class='ocrx_word' id='word_1_65' title='bbox 1718 1222 1954 1277; x_wconf 81' lang='lat' dir='ltr'><strong>ofﬁcium</strong></span> 
     </span>
    </p>
   </div>
   <div class='ocr_carea' id='block_1_11' title="bbox 371 1311 1956 1393">
    <p class='ocr_par' dir='ltr' id='par_1_11' title="bbox 371 1311 1956 1393">
     <span class='ocr_line' id='line_1_11' title="bbox 371 1311 1956 1393; baseline -0.015 -7"><span class='ocrx_word' id='word_1_66' title='bbox 371 1340 492 1393; x_wconf 90' lang='lat' dir='ltr'><strong>est,</strong></span> <span class='ocrx_word' id='word_1_67' title='bbox 523 1326 686 1382; x_wconf 82' lang='lat' dir='ltr'><strong>utsic</strong></span> <span class='ocrx_word' id='word_1_68' title='bbox 716 1323 942 1379; x_wconf 87' lang='lat' dir='ltr'><strong>desudet</strong></span> <span class='ocrx_word' id='word_1_69' title='bbox 967 1320 1090 1389; x_wconf 87' lang='lat' dir='ltr'><strong>quis</strong></span> <span class='ocrx_word' id='word_1_70' title='bbox 1113 1318 1167 1372; x_wconf 89' lang='lat' dir='ltr'><strong>in</strong></span> <span class='ocrx_word' id='word_1_71' title='bbox 1197 1316 1377 1386; x_wconf 83' lang='lat' dir='ltr'><strong>magni</strong></span> <span class='ocrx_word' id='word_1_72' title='bbox 1407 1314 1588 1383; x_wconf 85' lang='lat' dir='ltr'><strong>operis</strong></span> <span class='ocrx_word' id='word_1_73' title='bbox 1616 1311 1956 1371; x_wconf 85' lang='lat' dir='ltr'><strong>fortitudine.</strong></span> 
     </span>
    </p>
   </div>
   <div class='ocr_carea' id='block_1_12' title="bbox 373 1399 1956 1491">
    <p class='ocr_par' dir='ltr' id='par_1_12' title="bbox 373 1399 1956 1491">
     <span class='ocr_line' id='line_1_12' title="bbox 373 1399 1956 1491; baseline -0.015 -15"><span class='ocrx_word' id='word_1_74' title='bbox 373 1429 646 1491; x_wconf 75' lang='lat' dir='ltr'><strong>quatenus</strong></span> <span class='ocrx_word' id='word_1_75' title='bbox 681 1428 894 1483; x_wconf 90' lang='lat' dir='ltr'><strong>semper</strong></span> <span class='ocrx_word' id='word_1_76' title='bbox 917 1410 1197 1466; x_wconf 81' lang='lat' dir='ltr'><strong>sollicitus</strong></span> <span class='ocrx_word' id='word_1_77' title='bbox 1224 1408 1294 1463; x_wconf 90' lang='lat' dir='ltr'><strong>sit</strong></span> <span class='ocrx_word' id='word_1_78' title='bbox 1336 1407 1390 1460; x_wconf 92' lang='lat' dir='ltr'><strong>in</strong></span> <span class='ocrx_word' id='word_1_79' title='bbox 1430 1401 1733 1459; x_wconf 80' lang='lat' dir='ltr'><strong>exhibenda</strong></span> <span class='ocrx_word' id='word_1_80' title='bbox 1774 1399 1956 1456; x_wconf 85' lang='lat' dir='ltr'><strong>decori</strong></span> 
     </span>
    </p>
   </div>
   <div class='ocr_carea' id='block_1_13' title="bbox 372 1497 1958 1578">
    <p class='ocr_par' dir='ltr' id='par_1_13' title="bbox 372 1497 1958 1578">
     <span class='ocr_line' id='line_1_13' title="bbox 372 1497 1958 1578; baseline -0.013 -12"><span class='ocrx_word' id='word_1_81' title='bbox 372 1511 546 1567; x_wconf 91' lang='lat' dir='ltr'><strong>animi</strong></span> <span class='ocrx_word' id='word_1_82' title='bbox 584 1508 839 1578; x_wconf 84' lang='lat' dir='ltr'><strong>puritate.</strong></span> <span class='ocrx_word' id='word_1_83' title='bbox 876 1503 1004 1559; x_wconf 64' lang='grc' dir='ltr'><strong>Ηωο</strong></span> <span class='ocrx_word' id='word_1_84' title='bbox 1052 1511 1164 1566; x_wconf 92' lang='lat' dir='ltr'><strong>est,</strong></span> <span class='ocrx_word' id='word_1_85' title='bbox 1210 1500 1460 1569; x_wconf 91' lang='lat' dir='ltr'><strong>inquam,</strong></span> <span class='ocrx_word' id='word_1_86' title='bbox 1509 1497 1576 1551; x_wconf 90' lang='lat' dir='ltr'><strong>de</strong></span> <span class='ocrx_word' id='word_1_87' title='bbox 1619 1510 1722 1562; x_wconf 90' lang='lat' dir='ltr'><strong>qua</strong></span> <span class='ocrx_word' id='word_1_88' title='bbox 1769 1507 1958 1547; x_wconf 89' lang='lat' dir='ltr'><strong>rursus</strong></span> 
     </span>
    </p>
   </div>
   <div class='ocr_carea' id='block_1_14' title="bbox 376 1585 1960 1664">
    <p class='ocr_par' dir='ltr' id='par_1_14' title="bbox 376 1585 1960 1664">
     <span class='ocr_line' id='line_1_14' title="bbox 376 1585 1960 1664; baseline -0.013 -7"><span class='ocrx_word' id='word_1_89' title='bbox 376 1602 624 1657; x_wconf 88' lang='lat' dir='ltr'><strong>dicitur:</strong></span> <span class='ocrx_word' id='word_1_90' title='bbox 674 1597 813 1664; x_wconf 86' lang='lat' dir='ltr'><strong>Quia</strong></span> <span class='ocrx_word' id='word_1_91' title='bbox 847 1613 866 1645; x_wconf 73' lang='grc' dir='ltr'>ι</span> <span class='ocrx_word' id='word_1_92' title='bbox 896 1608 1120 1647; x_wconf 86' lang='lat' dir='ltr'><strong>manum</strong></span> <span class='ocrx_word' id='word_1_93' title='bbox 1165 1605 1319 1645; x_wconf 90' lang='lat' dir='ltr'><strong>suam</strong></span> <span class='ocrx_word' id='word_1_94' title='bbox 1372 1588 1520 1643; x_wconf 88' lang='lat' dir='ltr'><strong>misit</strong></span> <span class='ocrx_word' id='word_1_95' title='bbox 1565 1588 1631 1640; x_wconf 93' lang='lat' dir='ltr'><strong>ad</strong></span> <span class='ocrx_word' id='word_1_96' title='bbox 1668 1585 1862 1645; x_wconf 90' lang='lat' dir='ltr'><strong>fortia,</strong></span> <span class='ocrx_word' id='word_1_97' title='bbox 1906 1591 1960 1638; x_wconf 92' lang='lat' dir='ltr'><strong>et</strong></span> 
     </span>
    </p>
   </div>
   <div class='ocr_carea' id='block_1_15' title="bbox 371 1667 1959 1761">
    <p class='ocr_par' dir='ltr' id='par_1_15' title="bbox 371 1667 1959 1761">
     <span class='ocr_line' id='line_1_15' title="bbox 371 1667 1959 1761; baseline -0.011 -18"><span class='ocrx_word' id='word_1_98' title='bbox 371 1690 528 1761; x_wconf 78' lang='lat' dir='ltr'><strong>digiti</strong></span> <span class='ocrx_word' id='word_1_99' title='bbox 578 1686 696 1756; x_wconf 83' lang='lat' dir='ltr'><strong>ejus</strong></span> <span class='ocrx_word' id='word_1_100' title='bbox 742 1682 1217 1754; x_wconf 89' lang='lat' dir='ltr'><strong>apprehenderunt</strong></span> <span class='ocrx_word' id='word_1_101' title='bbox 1261 1680 1440 1734; x_wconf 91' lang='lat' dir='ltr'><strong>fusum</strong></span> <span class='ocrx_word' id='word_1_102' title='bbox 1483 1667 1664 1744; x_wconf 71' lang='lat' dir='ltr'><strong>(Ibid.</strong></span> <span class='ocrx_word' id='word_1_103' title='bbox 1692 1676 1731 1744; x_wconf 91' lang='lat'><strong>).</strong></span> <span class='ocrx_word' id='word_1_104' title='bbox 1767 1694 1783 1724; x_wconf 75' lang='grc' dir='ltr'>ι</span> <span class='ocrx_word' id='word_1_105' title='bbox 1825 1673 1959 1740; x_wconf 87' lang='lat' dir='ltr'><strong>Quia</strong></span> 
     </span>
    </p>
   </div>
   <div class='ocr_carea' id='block_1_16' title="bbox 372 1766 1964 1846">
    <p class='ocr_par' dir='ltr' id='par_1_16' title="bbox 372 1766 1964 1846">
     <span class='ocr_line' id='line_1_16' title="bbox 372 1766 1964 1846; baseline -0.011 -12"><span class='ocrx_word' id='word_1_106' title='bbox 372 1780 633 1834; x_wconf 83' lang='lat' dir='ltr'><strong>videlicet</strong></span> <span class='ocrx_word' id='word_1_107' title='bbox 678 1775 840 1846; x_wconf 84' lang='lat' dir='ltr'><strong>hujus</strong></span> <span class='ocrx_word' id='word_1_108' title='bbox 881 1774 1007 1828; x_wconf 76' lang='lat' dir='ltr'><strong>vita:</strong></span> <span class='ocrx_word' id='word_1_109' title='bbox 1051 1773 1278 1827; x_wconf 88' lang='lat' dir='ltr'><strong>idoneus</strong></span> <span class='ocrx_word' id='word_1_110' title='bbox 1319 1779 1606 1825; x_wconf 83' lang='lat' dir='ltr'><strong>exsecutor</strong></span> <span class='ocrx_word' id='word_1_111' title='bbox 1654 1766 1735 1820; x_wconf 90' lang='lat' dir='ltr'><strong>sic</strong></span> <span class='ocrx_word' id='word_1_112' title='bbox 1771 1779 1830 1820; x_wconf 89' lang='lat' dir='ltr'><strong>se</strong></span> <span class='ocrx_word' id='word_1_113' title='bbox 1866 1778 1964 1833; x_wconf 89' lang='lat' dir='ltr'><strong>per</strong></span> 
     </span>
    </p>
   </div>
   <div class='ocr_carea' id='block_1_17' title="bbox 1261 370 2795 444">
    <p class='ocr_par' dir='ltr' id='par_1_17' title="bbox 1261 370 2795 444">
     <span class='ocr_line' id='line_1_17' title="bbox 1261 370 2795 444; baseline -0.012 0"><span class='ocrx_word' id='word_1_114' title='bbox 1261 386 1502 444; x_wconf 84' lang='lat' dir='ltr'><strong>OPUSC.</strong></span> <span class='ocrx_word' id='word_1_115' title='bbox 1528 383 1643 439; x_wconf 82' lang='lat' dir='ltr'><strong>XV.</strong></span> <span class='ocrx_word' id='word_1_116' title='bbox 1671 413 1740 424; x_wconf 90' lang='lat'><strong><em>—</em></strong></span> <span class='ocrx_word' id='word_1_117' title='bbox 1764 381 1853 436; x_wconf 86' lang='lat' dir='ltr'><strong>DE</strong></span> <span class='ocrx_word' id='word_1_118' title='bbox 1886 374 2276 434; x_wconf 78' lang='lat' dir='ltr'><strong>INSTITIJTIS</strong></span> <span class='ocrx_word' id='word_1_119' title='bbox 2313 373 2472 432; x_wconf 81' lang='lat' dir='ltr'><strong>0RD.</strong></span> <span class='ocrx_word' id='word_1_120' title='bbox 2513 370 2795 429; x_wconf 75' lang='lat' dir='ltr'><strong>EREMIT.</strong></span> 
     </span>
    </p>
   </div>
   <div class='ocr_carea' id='block_1_18' title="bbox 407 456 3647 575">
    <p class='ocr_par' dir='ltr' id='par_1_18' title="bbox 407 456 3647 575">
     <span class='ocr_line' id='line_1_18' title="bbox 407 456 3647 575; baseline -0.012 -1"><span class='ocrx_word' id='word_1_121' title='bbox 407 456 500 575; x_wconf 75' lang='lat' dir='ltr'><strong>um</strong></span> <span class='ocrx_word' id='word_1_122' title='bbox 530 456 790 572; x_wconf 62' lang='lat' dir='ltr'><strong>nitoribus</strong></span> <span class='ocrx_word' id='word_1_123' title='bbox 818 509 984 566; x_wconf 69' lang='lat' dir='ltr'><strong>Iacob</strong></span> <span class='ocrx_word' id='word_1_124' title='bbox 1011 506 1096 560; x_wconf 87' lang='lat' dir='ltr'><strong>vel</strong></span> <span class='ocrx_word' id='word_1_125' title='bbox 1122 520 1151 560; x_wconf 92' lang='lat' dir='ltr'><strong>a</strong></span> <span class='ocrx_word' id='word_1_126' title='bbox 1180 504 1450 575; x_wconf 81' lang='lat' dir='ltr'><strong>gignenda</strong></span> <span class='ocrx_word' id='word_1_127' title='bbox 1479 498 1663 555; x_wconf 87' lang='lat' dir='ltr'><strong>sobole</strong></span> <span class='ocrx_word' id='word_1_128' title='bbox 1691 494 1951 551; x_wconf 87' lang='lat' dir='ltr'><strong>sterilitas</strong></span> <span class='ocrx_word' id='word_1_129' title='bbox 1981 497 2028 555; x_wconf 84' lang='grc' dir='ltr'>Α</span> <span class='ocrx_word' id='word_1_130' title='bbox 2055 491 2385 559; x_wconf 82' lang='lat' dir='ltr'><strong>Redemptor</strong></span> <span class='ocrx_word' id='word_1_131' title='bbox 2412 496 2615 553; x_wconf 84' lang='lat' dir='ltr'><strong>noster,</strong></span> <span class='ocrx_word' id='word_1_132' title='bbox 2648 486 2993 541; x_wconf 85' lang='lat' dir='ltr'><strong>illucescente</strong></span> <span class='ocrx_word' id='word_1_133' title='bbox 3030 481 3426 575; x_wconf 52' lang='lat' dir='ltr'><strong>jam_\&#39;itlelicet</strong></span> <span class='ocrx_word' id='word_1_134' title='bbox 3464 481 3647 536; x_wconf 72' lang='lat' dir='ltr'><strong>Evauo</strong></span> 
     </span>
    </p>
   </div>
   <div class='ocr_carea' id='block_1_19' title="bbox 3535 366 3639 422">
    <p class='ocr_par' dir='ltr' id='par_1_19' title="bbox 3535 366 3639 422">
     <span class='ocr_line' id='line_1_19' title="bbox 3535 366 3639 422; baseline 0.01 -1"><span class='ocrx_word' id='word_1_135' title='bbox 3535 366 3639 422; x_wconf 74' lang='lat'><strong>338</strong></span> 
     </span>
    </p>
   </div>
   <div class='ocr_carea' id='block_1_20' title="bbox 2057 570 3639 654">
    <p class='ocr_par' dir='ltr' id='par_1_20' title="bbox 2057 570 3639 654">
     <span class='ocr_line' id='line_1_20' title="bbox 2057 570 3639 654; baseline -0.007 -17"><span class='ocrx_word' id='word_1_136' title='bbox 2057 582 2181 654; x_wconf 78' lang='lat' dir='ltr'><strong>gelii</strong></span> <span class='ocrx_word' id='word_1_137' title='bbox 2213 581 2389 652; x_wconf 89' lang='lat' dir='ltr'><strong>gratia</strong></span> <span class='ocrx_word' id='word_1_138' title='bbox 2411 619 2428 647; x_wconf 95' lang='lat'><strong>,</strong></span> <span class='ocrx_word' id='word_1_139' title='bbox 2456 591 2699 635; x_wconf 91' lang='lat' dir='ltr'><strong>eremum</strong></span> <span class='ocrx_word' id='word_1_140' title='bbox 2729 574 3090 633; x_wconf 80' lang='lat' dir='ltr'><strong>consecravit.</strong></span> <span class='ocrx_word' id='word_1_141' title='bbox 3124 570 3284 628; x_wconf 89' lang='lat' dir='ltr'><strong>Teste</strong></span> <span class='ocrx_word' id='word_1_142' title='bbox 3317 573 3521 639; x_wconf 81' lang='lat' dir='ltr'><strong>Marco,</strong></span> <span class='ocrx_word' id='word_1_143' title='bbox 3549 575 3639 642; x_wconf 89' lang='lat' dir='ltr'><strong>qui</strong></span> 
     </span>
    </p>
   </div>
   <div class='ocr_carea' id='block_1_21' title="bbox 2053 664 3646 743">
    <p class='ocr_par' dir='ltr' id='par_1_21' title="bbox 2053 664 3646 743">
     <span class='ocr_line' id='line_1_21' title="bbox 2053 664 3646 743; baseline -0.007 -15"><span class='ocrx_word' id='word_1_144' title='bbox 2053 682 2177 743; x_wconf 91' lang='lat' dir='ltr'><strong>post</strong></span> <span class='ocrx_word' id='word_1_145' title='bbox 2200 671 2599 726; x_wconf 88' lang='lat' dir='ltr'><strong>enarrationem</strong></span> <span class='ocrx_word' id='word_1_146' title='bbox 2633 669 2920 738; x_wconf 89' lang='lat' dir='ltr'><strong>baptismi,</strong></span> <span class='ocrx_word' id='word_1_147' title='bbox 2947 674 3145 736; x_wconf 82' lang='lat' dir='ltr'><strong>praesto</strong></span> <span class='ocrx_word' id='word_1_148' title='bbox 3171 665 3493 719; x_wconf 90' lang='lat' dir='ltr'><strong>subintulit:</strong></span> <span class='ocrx_word' id='word_1_149' title='bbox 3525 684 3544 716; x_wconf 76' lang='grc' dir='ltr'>σ</span> <span class='ocrx_word' id='word_1_150' title='bbox 3577 664 3646 718; x_wconf 85' lang='lat' dir='ltr'><strong>Et</strong></span> 
     </span>
    </p>
   </div>
   <div class='ocr_carea' id='block_1_22' title="bbox 2056 757 3646 834">
    <p class='ocr_par' dir='ltr' id='par_1_22' title="bbox 2056 757 3646 834">
     <span class='ocr_line' id='line_1_22' title="bbox 2056 757 3646 834; baseline -0.004 -16"><span class='ocrx_word' id='word_1_151' title='bbox 2056 764 2240 818; x_wconf 86' lang='lat' dir='ltr'><strong>statim</strong></span> <span class='ocrx_word' id='word_1_152' title='bbox 2279 763 2516 834; x_wconf 85' lang='lat' dir='ltr'><strong>Spiritus</strong></span> <span class='ocrx_word' id='word_1_153' title='bbox 2551 761 2756 830; x_wconf 83' lang='lat' dir='ltr'><strong>expulit</strong></span> <span class='ocrx_word' id='word_1_154' title='bbox 2792 774 2914 814; x_wconf 89' lang='lat' dir='ltr'><strong>eum</strong></span> <span class='ocrx_word' id='word_1_155' title='bbox 2953 760 3005 812; x_wconf 92' lang='lat' dir='ltr'><strong>in</strong></span> <span class='ocrx_word' id='word_1_156' title='bbox 3038 757 3201 828; x_wconf 67' lang='lat'><strong>332</strong></span> <span class='ocrx_word' id='word_1_157' title='bbox 3236 757 3508 811; x_wconf 90' lang='lat' dir='ltr'><strong>desertum</strong></span> <span class='ocrx_word' id='word_1_158' title='bbox 3537 795 3552 820; x_wconf 89' lang='lat'><strong>,</strong></span> <span class='ocrx_word' id='word_1_159' title='bbox 3590 765 3646 811; x_wconf 90' lang='lat' dir='ltr'><strong>et</strong></span> 
     </span>
    </p>
   </div>
   <div class='ocr_carea' id='block_1_23' title="bbox 2055 847 3645 924">
    <p class='ocr_par' dir='ltr' id='par_1_23' title="bbox 2055 847 3645 924">
     <span class='ocr_line' id='line_1_23' title="bbox 2055 847 3645 924; baseline -0.007 -13"><span class='ocrx_word' id='word_1_160' title='bbox 2055 866 2175 912; x_wconf 87' lang='lat' dir='ltr'><strong>erat</strong></span> <span class='ocrx_word' id='word_1_161' title='bbox 2203 857 2256 911; x_wconf 92' lang='lat' dir='ltr'><strong>in</strong></span> <span class='ocrx_word' id='word_1_162' title='bbox 2289 858 2509 911; x_wconf 91' lang='lat' dir='ltr'><strong>deserto</strong></span> <span class='ocrx_word' id='word_1_163' title='bbox 2535 852 2898 924; x_wconf 80' lang='lat' dir='ltr'><strong>quadraginta</strong></span> <span class='ocrx_word' id='word_1_164' title='bbox 2945 849 3136 905; x_wconf 88' lang='lat' dir='ltr'><strong>diebus</strong></span> <span class='ocrx_word' id='word_1_165' title='bbox 3157 891 3170 912; x_wconf 92' lang='lat'><strong>,</strong></span> <span class='ocrx_word' id='word_1_166' title='bbox 3201 856 3256 902; x_wconf 88' lang='lat' dir='ltr'><strong>et</strong></span> <span class='ocrx_word' id='word_1_167' title='bbox 3285 847 3645 917; x_wconf 85' lang='lat' dir='ltr'><strong>quadraginta</strong></span> 
     </span>
    </p>
   </div>
   <div class='ocr_carea' id='block_1_24' title="bbox 2058 937 3648 1009">
    <p class='ocr_par' dir='ltr' id='par_1_24' title="bbox 2058 937 3648 1009">
     <span class='ocr_line' id='line_1_24' title="bbox 2058 937 3648 1009; baseline -0.003 -11"><span class='ocrx_word' id='word_1_168' title='bbox 2058 946 2343 1008; x_wconf 88' lang='lat' dir='ltr'><strong>noctibus,</strong></span> <span class='ocrx_word' id='word_1_169' title='bbox 2375 957 2430 998; x_wconf 89' lang='lat' dir='ltr'><strong>et</strong></span> <span class='ocrx_word' id='word_1_170' title='bbox 2478 942 2792 998; x_wconf 88' lang='lat' dir='ltr'><strong>tentabatur</strong></span> <span class='ocrx_word' id='word_1_171' title='bbox 2820 957 2848 994; x_wconf 89' lang='lat' dir='ltr'><strong>a</strong></span> <span class='ocrx_word' id='word_1_172' title='bbox 2879 941 3085 995; x_wconf 88' lang='lat' dir='ltr'><strong>Satana</strong></span> <span class='ocrx_word' id='word_1_173' title='bbox 3106 981 3119 1004; x_wconf 94' lang='lat'><strong>,</strong></span> <span class='ocrx_word' id='word_1_174' title='bbox 3150 951 3377 1009; x_wconf 89' lang='lat' dir='ltr'><strong>eratque</strong></span> <span class='ocrx_word' id='word_1_175' title='bbox 3405 955 3525 993; x_wconf 90' lang='lat' dir='ltr'><strong>cum</strong></span> <span class='ocrx_word' id='word_1_176' title='bbox 3557 937 3648 993; x_wconf 71' lang='grc' dir='ltr'><strong>ὺθ·</strong></span> 
     </span>
    </p>
   </div>
   <div class='ocr_carea' id='block_1_25' title="bbox 2059 1027 3648 1106">
    <p class='ocr_par' dir='ltr' id='par_1_25' title="bbox 2059 1027 3648 1106">
     <span class='ocr_line' id='line_1_25' title="bbox 2059 1027 3648 1106; baseline -0.005 -19"><span class='ocrx_word' id='word_1_177' title='bbox 2059 1034 2182 1087; x_wconf 92' lang='lat' dir='ltr'><strong>stiis</strong></span> <span class='ocrx_word' id='word_1_178' title='bbox 2233 1031 2451 1101; x_wconf 81' lang='lat' dir='ltr'><strong>(Marc.</strong></span> <span class='ocrx_word' id='word_1_179' title='bbox 2484 1031 2564 1102; x_wconf 93' lang='grc' dir='ltr'><strong>ι).</strong></span> <span class='ocrx_word' id='word_1_180' title='bbox 2604 1031 2892 1106; x_wconf 65' lang='lat' dir='ltr'><strong>rBaptista</strong></span> <span class='ocrx_word' id='word_1_181' title='bbox 2941 1044 3158 1099; x_wconf 91' lang='lat' dir='ltr'><strong>quoque</strong></span> <span class='ocrx_word' id='word_1_182' title='bbox 3204 1029 3442 1084; x_wconf 82' lang='lat' dir='ltr'><strong>Joannes</strong></span> <span class='ocrx_word' id='word_1_183' title='bbox 3488 1027 3648 1096; x_wconf 83' lang='lat' dir='ltr'><strong>hujus</strong></span> 
     </span>
    </p>
   </div>
   <div class='ocr_carea' id='block_1_26' title="bbox 2058 1117 3643 1192">
    <p class='ocr_par' dir='ltr' id='par_1_26' title="bbox 2058 1117 3643 1192">
     <span class='ocr_line' id='line_1_26' title="bbox 2058 1117 3643 1192; baseline -0.003 -18"><span class='ocrx_word' id='word_1_184' title='bbox 2058 1121 2424 1192; x_wconf 80' lang='lat' dir='ltr'><strong>professionis</strong></span> <span class='ocrx_word' id='word_1_185' title='bbox 2451 1128 2695 1175; x_wconf 89' lang='lat' dir='ltr'><strong>assertor</strong></span> <span class='ocrx_word' id='word_1_186' title='bbox 2722 1135 2828 1174; x_wconf 93' lang='lat' dir='ltr'><strong>non</strong></span> <span class='ocrx_word' id='word_1_187' title='bbox 2876 1119 3226 1174; x_wconf 86' lang='lat' dir='ltr'><strong>mediocriter</strong></span> <span class='ocrx_word' id='word_1_188' title='bbox 3266 1119 3505 1183; x_wconf 81' lang='lat' dir='ltr'><strong>exstitit,</strong></span> <span class='ocrx_word' id='word_1_189' title='bbox 3550 1117 3643 1186; x_wconf 87' lang='lat' dir='ltr'><strong>qui</strong></span> 
     </span>
    </p>
   </div>
   <div class='ocr_carea' id='block_1_27' title="bbox 2060 1207 3647 1266">
    <p class='ocr_par' dir='ltr' id='par_1_27' title="bbox 2060 1207 3647 1266">
     <span class='ocr_line' id='line_1_27' title="bbox 2060 1207 3647 1266; baseline -0.004 0"><span class='ocrx_word' id='word_1_190' title='bbox 2060 1213 2180 1266; x_wconf 86' lang='lat' dir='ltr'><strong>sine</strong></span> <span class='ocrx_word' id='word_1_191' title='bbox 2222 1210 2462 1265; x_wconf 88' lang='lat' dir='ltr'><strong>humano</strong></span> <span class='ocrx_word' id='word_1_192' title='bbox 2506 1210 2653 1264; x_wconf 91' lang='lat' dir='ltr'><strong>victu</strong></span> <span class='ocrx_word' id='word_1_193' title='bbox 2695 1210 2749 1263; x_wconf 93' lang='lat' dir='ltr'><strong>in</strong></span> <span class='ocrx_word' id='word_1_194' title='bbox 2793 1207 3012 1264; x_wconf 85' lang='lat' dir='ltr'><strong>deserto</strong></span> <span class='ocrx_word' id='word_1_195' title='bbox 3052 1208 3236 1263; x_wconf 83' lang='lat' dir='ltr'><strong>vivere</strong></span> <span class='ocrx_word' id='word_1_196' title='bbox 3277 1221 3383 1261; x_wconf 91' lang='lat' dir='ltr'><strong>non</strong></span> <span class='ocrx_word' id='word_1_197' title='bbox 3413 1207 3647 1260; x_wconf 84' lang='lat' dir='ltr'><strong>humana</strong></span> 
     </span>
    </p>
   </div>
   <div class='ocr_carea' id='block_1_28' title="bbox 2058 1299 2834 1372">
    <p class='ocr_par' dir='ltr' id='par_1_28' title="bbox 2058 1299 2834 1372">
     <span class='ocr_line' id='line_1_28' title="bbox 2058 1299 2834 1372; baseline -0.008 -14"><span class='ocrx_word' id='word_1_198' title='bbox 2058 1304 2260 1369; x_wconf 88' lang='lat' dir='ltr'><strong>virtute</strong></span> <span class='ocrx_word' id='word_1_199' title='bbox 2303 1301 2546 1358; x_wconf 85' lang='lat' dir='ltr'><strong>decrevit</strong></span> <span class='ocrx_word' id='word_1_200' title='bbox 2576 1299 2594 1372; x_wconf 98' lang='lat'><strong>(</strong></span> <span class='ocrx_word' id='word_1_201' title='bbox 2621 1299 2764 1353; x_wconf 83' lang='lat' dir='ltr'><strong>Ibid.</strong></span> <span class='ocrx_word' id='word_1_202' title='bbox 2793 1300 2834 1368; x_wconf 93' lang='lat'><strong>).</strong></span> 
     </span>
    </p>
   </div>
   <div class='ocr_carea' id='block_1_29' title="bbox 2662 1387 3026 1446">
    <p class='ocr_par' dir='ltr' id='par_1_29' title="bbox 2662 1387 3026 1446">
     <span class='ocr_line' id='line_1_29' title="bbox 2662 1387 3026 1446; baseline -0.011 0"><span class='ocrx_word' id='word_1_203' title='bbox 2662 1387 2904 1446; x_wconf 80' lang='lat' dir='ltr'><strong>&#39;CAPUT</strong></span> <span class='ocrx_word' id='word_1_204' title='bbox 2939 1388 3026 1444; x_wconf 86' lang='lat' dir='ltr'><strong>lli.</strong></span> 
     </span>
    </p>
   </div>
   <div class='ocr_carea' id='block_1_30' title="bbox 2403 1479 3302 1550">
    <p class='ocr_par' dir='ltr' id='par_1_30' title="bbox 2403 1479 3302 1550">
     <span class='ocr_line' id='line_1_30' title="bbox 2403 1479 3302 1550; baseline -0.001 -15"><span class='ocrx_word' id='word_1_205' title='bbox 2403 1482 2478 1536; x_wconf 81' lang='lat' dir='ltr'><strong>De</strong></span> <span class='ocrx_word' id='word_1_206' title='bbox 2506 1479 2705 1550; x_wconf 79' lang='lat' dir='ltr'><strong>duplici</strong></span> <span class='ocrx_word' id='word_1_207' title='bbox 2728 1481 3066 1535; x_wconf 79' lang='lat' dir='ltr'><strong>eremitarum</strong></span> <span class='ocrx_word' id='word_1_208' title='bbox 3095 1496 3302 1550; x_wconf 79' lang='lat' dir='ltr'><strong>genere.</strong></span> 
     </span>
    </p>
   </div>
   <div class='ocr_carea' id='block_1_31' title="bbox 2131 1555 3653 1643">
    <p class='ocr_par' dir='ltr' id='par_1_31' title="bbox 2131 1555 3653 1643">
     <span class='ocr_line' id='line_1_31' title="bbox 2131 1555 3653 1643; baseline -0.003 -16"><span class='ocrx_word' id='word_1_209' title='bbox 2131 1572 2471 1643; x_wconf 86' lang='lat' dir='ltr'><strong>Quapropter</strong></span> <span class='ocrx_word' id='word_1_210' title='bbox 2490 1581 2545 1625; x_wconf 90' lang='lat' dir='ltr'><strong>et</strong></span> <span class='ocrx_word' id='word_1_211' title='bbox 2566 1585 2632 1626; x_wconf 80' lang='lat' dir='ltr'><strong>ex</strong></span> <span class='ocrx_word' id='word_1_212' title='bbox 2661 1571 2776 1640; x_wconf 89' lang='lat' dir='ltr'><strong>ipsa</strong></span> <span class='ocrx_word' id='word_1_213' title='bbox 2804 1570 3078 1625; x_wconf 87' lang='lat' dir='ltr'><strong>nascentis</strong></span> <span class='ocrx_word' id='word_1_214' title='bbox 3108 1555 3268 1640; x_wconf 80' lang='lat' dir='ltr'><strong>hujus</strong></span> <span class='ocrx_word' id='word_1_215' title='bbox 3296 1567 3653 1624; x_wconf 89' lang='lat' dir='ltr'><strong>institutionis</strong></span> 
     </span>
    </p>
   </div>
   <div class='ocr_carea' id='block_1_32' title="bbox 2061 1660 3649 1733">
    <p class='ocr_par' dir='ltr' id='par_1_32' title="bbox 2061 1660 3649 1733">
     <span class='ocr_line' id='line_1_32' title="bbox 2061 1660 3649 1733; baseline -0.004 -15"><span class='ocrx_word' id='word_1_216' title='bbox 2061 1663 2289 1733; x_wconf 76' lang='lat' dir='ltr'><strong>origine,</strong></span> <span class='ocrx_word' id='word_1_217' title='bbox 2319 1674 2372 1717; x_wconf 81' lang='lat' dir='ltr'><strong>et</strong></span> <span class='ocrx_word' id='word_1_218' title='bbox 2404 1671 2745 1732; x_wconf 84' lang='lat' dir='ltr'><strong>posterorum</strong></span> <span class='ocrx_word' id='word_1_219' title='bbox 2796 1660 2992 1716; x_wconf 88' lang='lat' dir='ltr'><strong>deinde</strong></span> <span class='ocrx_word' id='word_1_220' title='bbox 3040 1663 3366 1717; x_wconf 91' lang='lat' dir='ltr'><strong>succedente</strong></span> <span class='ocrx_word' id='word_1_221' title='bbox 3392 1673 3649 1730; x_wconf 74' lang='lat' dir='ltr'><strong>processu</strong></span> 
     </span>
    </p>
   </div>
   <div class='ocr_carea' id='block_1_33' title="bbox 2064 1751 3654 1824">
    <p class='ocr_par' dir='ltr' id='par_1_33' title="bbox 2064 1751 3654 1824">
     <span class='ocr_line' id='line_1_33' title="bbox 2064 1751 3654 1824; baseline -0.004 -14"><span class='ocrx_word' id='word_1_222' title='bbox 2064 1753 2348 1810; x_wconf 77' lang='lat' dir='ltr'><strong>manifeste</strong></span> <span class='ocrx_word' id='word_1_223' title='bbox 2371 1753 2663 1824; x_wconf 68' lang='lat' dir='ltr'><strong>colligitur,</strong></span> <span class='ocrx_word' id='word_1_224' title='bbox 2701 1754 2844 1822; x_wconf 89' lang='lat' dir='ltr'><strong>quod</strong></span> <span class='ocrx_word' id='word_1_225' title='bbox 2883 1755 3232 1808; x_wconf 89' lang='lat' dir='ltr'><strong>eremitarum</strong></span> <span class='ocrx_word' id='word_1_226' title='bbox 3265 1752 3400 1806; x_wconf 92' lang='lat' dir='ltr'><strong>ordo</strong></span> <span class='ocrx_word' id='word_1_227' title='bbox 3427 1751 3654 1821; x_wconf 90' lang='lat' dir='ltr'><strong>biparti-</strong></span> 
     </span>
    </p>
   </div>
   <div class='ocr_carea' id='block_1_34' title="bbox 374 1840 3651 1936">
    <p class='ocr_par' dir='ltr' id='par_1_34' title="bbox 374 1840 3651 1936">
     <span class='ocr_line' id='line_1_34' title="bbox 374 1840 3651 1936; baseline -0.009 -13"><span class='ocrx_word' id='word_1_228' title='bbox 374 1869 586 1936; x_wconf 88' lang='lat' dir='ltr'><strong>majora</strong></span> <span class='ocrx_word' id='word_1_229' title='bbox 614 1840 777 1936; x_wconf 78' lang='lat' dir='ltr'><strong>opera</strong></span> <span class='ocrx_word' id='word_1_230' title='bbox 809 1879 876 1918; x_wconf 81' lang='lat' dir='ltr'><strong>ex</strong></span> <span class='ocrx_word' id='word_1_231' title='bbox 904 1861 1156 1918; x_wconf 88' lang='lat' dir='ltr'><strong>desiderii</strong></span> <span class='ocrx_word' id='word_1_232' title='bbox 1199 1860 1411 1914; x_wconf 85' lang='lat' dir='ltr'><strong>fervore</strong></span> <span class='ocrx_word' id='word_1_233' title='bbox 1448 1857 1672 1918; x_wconf 86' lang='lat' dir='ltr'><strong>dilatat,</strong></span> <span class='ocrx_word' id='word_1_234' title='bbox 1709 1862 1769 1907; x_wconf 93' lang='lat' dir='ltr'><strong>ut</strong></span> <span class='ocrx_word' id='word_1_235' title='bbox 1797 1853 1960 1906; x_wconf 90' lang='lat' dir='ltr'><strong>etiam</strong></span> <span class='ocrx_word' id='word_1_236' title='bbox 1992 1840 2036 1898; x_wconf 85' lang='grc' dir='ltr'><strong><em>Β</em></strong></span> <span class='ocrx_word' id='word_1_237' title='bbox 2067 1854 2153 1901; x_wconf 85' lang='lat' dir='ltr'><strong>tus</strong></span> <span class='ocrx_word' id='word_1_238' title='bbox 2177 1856 2263 1900; x_wconf 91' lang='lat' dir='ltr'><strong>est</strong></span> <span class='ocrx_word' id='word_1_239' title='bbox 2287 1864 2299 1899; x_wconf 90' lang='lat'><strong>:</strong></span> <span class='ocrx_word' id='word_1_240' title='bbox 2323 1860 2554 1915; x_wconf 90' lang='lat' dir='ltr'><strong>quorum</strong></span> <span class='ocrx_word' id='word_1_241' title='bbox 2585 1844 2835 1900; x_wconf 88' lang='lat' dir='ltr'><strong>videlicet</strong></span> <span class='ocrx_word' id='word_1_242' title='bbox 2863 1843 2952 1898; x_wconf 88' lang='lat' dir='ltr'><strong>alii</strong></span> <span class='ocrx_word' id='word_1_243' title='bbox 3000 1844 3221 1899; x_wconf 90' lang='lat' dir='ltr'><strong>cellulas</strong></span> <span class='ocrx_word' id='word_1_244' title='bbox 3264 1843 3526 1908; x_wconf 90' lang='lat' dir='ltr'><strong>incolunt,</strong></span> <span class='ocrx_word' id='word_1_245' title='bbox 3561 1840 3651 1896; x_wconf 85' lang='lat' dir='ltr'><strong>alii</strong></span> 
     </span>
    </p>
   </div>
   <div class='ocr_carea' id='block_1_35' title="bbox 380 1942 1961 2023">
    <p class='ocr_par' dir='ltr' id='par_1_35' title="bbox 380 1942 1961 2023">
     <span class='ocr_line' id='line_1_35' title="bbox 380 1942 1961 2023; baseline -0.013 -11"><span class='ocrx_word' id='word_1_246' title='bbox 380 1964 587 2013; x_wconf 86' lang='lat' dir='ltr'><strong>cautus</strong></span> <span class='ocrx_word' id='word_1_247' title='bbox 610 1968 732 2023; x_wconf 64' lang='lat' dir='ltr'><strong>quae</strong></span> <span class='ocrx_word' id='word_1_248' title='bbox 760 1959 888 2006; x_wconf 90' lang='lat' dir='ltr'><strong>sunt</strong></span> <span class='ocrx_word' id='word_1_249' title='bbox 916 1950 1141 2004; x_wconf 89' lang='lat' dir='ltr'><strong>minima</strong></span> <span class='ocrx_word' id='word_1_250' title='bbox 1170 1963 1278 2002; x_wconf 91' lang='lat' dir='ltr'><strong>non</strong></span> <span class='ocrx_word' id='word_1_251' title='bbox 1312 1946 1603 2014; x_wconf 88' lang='lat' dir='ltr'><strong>relinquat.</strong></span> <span class='ocrx_word' id='word_1_252' title='bbox 1646 1943 1770 1996; x_wconf 71' lang='lat' dir='ltr'><strong>“me</strong></span> <span class='ocrx_word' id='word_1_253' title='bbox 1799 1942 1961 2011; x_wconf 90' lang='lat' dir='ltr'><strong>plane</strong></span> 
     </span>
    </p>
   </div>
   <div class='ocr_carea' id='block_1_36' title="bbox 372 2029 1964 2113">
    <p class='ocr_par' dir='ltr' id='par_1_36' title="bbox 372 2029 1964 2113">
     <span class='ocr_line' id='line_1_36' title="bbox 372 2029 1964 2113; baseline -0.013 -11"><span class='ocrx_word' id='word_1_254' title='bbox 372 2050 738 2113; x_wconf 74' lang='lat' dir='ltr'><strong>utrarumque</strong></span> <span class='ocrx_word' id='word_1_255' title='bbox 767 2055 1014 2096; x_wconf 87' lang='lat' dir='ltr'><strong>sororum</strong></span> <span class='ocrx_word' id='word_1_256' title='bbox 1053 2038 1244 2092; x_wconf 86' lang='lat' dir='ltr'><strong>Lazari</strong></span> <span class='ocrx_word' id='word_1_257' title='bbox 1284 2036 1386 2092; x_wconf 87' lang='lat' dir='ltr'><strong>sibi</strong></span> <span class='ocrx_word' id='word_1_258' title='bbox 1443 2032 1683 2088; x_wconf 81' lang='lat' dir='ltr'><strong>vindicat</strong></span> <span class='ocrx_word' id='word_1_259' title='bbox 1731 2029 1964 2099; x_wconf 83' lang='lat' dir='ltr'><strong>dignita-</strong></span> 
     </span>
    </p>
   </div>
   <div class='ocr_carea' id='block_1_37' title="bbox 383 2121 1962 2204">
    <p class='ocr_par' dir='ltr' id='par_1_37' title="bbox 383 2121 1962 2204">
     <span class='ocr_line' id='line_1_37' title="bbox 383 2121 1962 2204; baseline -0.012 -11"><span class='ocrx_word' id='word_1_260' title='bbox 383 2149 496 2193; x_wconf 88' lang='lat' dir='ltr'><strong>tem</strong></span> <span class='ocrx_word' id='word_1_261' title='bbox 532 2135 706 2204; x_wconf 61' lang='lat' dir='ltr'><strong>fquia</strong></span> <span class='ocrx_word' id='word_1_262' title='bbox 735 2141 791 2186; x_wconf 90' lang='lat' dir='ltr'><strong>et</strong></span> <span class='ocrx_word' id='word_1_263' title='bbox 819 2146 942 2186; x_wconf 92' lang='lat' dir='ltr'><strong>cum</strong></span> <span class='ocrx_word' id='word_1_264' title='bbox 971 2129 1142 2184; x_wconf 79' lang='lat' dir='ltr'><strong>Maria</strong></span> <span class='ocrx_word' id='word_1_265' title='bbox 1173 2129 1369 2183; x_wconf 89' lang='lat' dir='ltr'><strong>sedens</strong></span> <span class='ocrx_word' id='word_1_266' title='bbox 1398 2129 1464 2181; x_wconf 90' lang='lat' dir='ltr'><strong>ad</strong></span> <span class='ocrx_word' id='word_1_267' title='bbox 1495 2123 1722 2193; x_wconf 85' lang='lat' dir='ltr'><strong>vestigia</strong></span> <span class='ocrx_word' id='word_1_268' title='bbox 1749 2121 1962 2175; x_wconf 88' lang='lat' dir='ltr'><strong>Domini</strong></span> 
     </span>
    </p>
   </div>
   <div class='ocr_carea' id='block_1_38' title="bbox 375 2210 1964 2298">
    <p class='ocr_par' dir='ltr' id='par_1_38' title="bbox 375 2210 1964 2298">
     <span class='ocr_line' id='line_1_38' title="bbox 375 2210 1964 2298; baseline -0.013 -13"><span class='ocrx_word' id='word_1_269' title='bbox 375 2228 507 2298; x_wconf 77' lang='lat' dir='ltr'><strong>ejus</strong></span> <span class='ocrx_word' id='word_1_270' title='bbox 536 2224 721 2281; x_wconf 86' lang='lat' dir='ltr'><strong>verbis</strong></span> <span class='ocrx_word' id='word_1_271' title='bbox 753 2221 1020 2285; x_wconf 86' lang='lat' dir='ltr'><strong>intendit,</strong></span> <span class='ocrx_word' id='word_1_272' title='bbox 1061 2228 1117 2274; x_wconf 93' lang='lat' dir='ltr'><strong>et</strong></span> <span class='ocrx_word' id='word_1_273' title='bbox 1155 2235 1277 2274; x_wconf 93' lang='lat' dir='ltr'><strong>cum</strong></span> <span class='ocrx_word' id='word_1_274' title='bbox 1321 2217 1530 2271; x_wconf 87' lang='lat' dir='ltr'><strong>Martha</strong></span> <span class='ocrx_word' id='word_1_275' title='bbox 1570 2212 1820 2269; x_wconf 90' lang='lat' dir='ltr'><strong>eumdem</strong></span> <span class='ocrx_word' id='word_1_276' title='bbox 1859 2210 1964 2266; x_wconf 92' lang='lat' dir='ltr'><strong>Do-</strong></span> 
     </span>
    </p>
   </div>
   <div class='ocr_carea' id='block_1_39' title="bbox 376 2299 1967 2373">
    <p class='ocr_par' dir='ltr' id='par_1_39' title="bbox 376 2299 1967 2373">
     <span class='ocr_line' id='line_1_39' title="bbox 376 2299 1967 2373; baseline -0.011 -1"><span class='ocrx_word' id='word_1_277' title='bbox 376 2317 593 2372; x_wconf 88' lang='lat' dir='ltr'><strong>minum</strong></span> <span class='ocrx_word' id='word_1_278' title='bbox 627 2311 860 2369; x_wconf 84' lang='lat' dir='ltr'><strong>diversis</strong></span> <span class='ocrx_word' id='word_1_279' title='bbox 900 2319 1212 2372; x_wconf 88' lang='lat' dir='ltr'><strong>sanctarum</strong></span> <span class='ocrx_word' id='word_1_280' title='bbox 1260 2307 1523 2360; x_wconf 89' lang='lat' dir='ltr'><strong>virtutum</strong></span> <span class='ocrx_word' id='word_1_281' title='bbox 1570 2300 1747 2373; x_wconf 89' lang='lat' dir='ltr'><strong>epulis</strong></span> <span class='ocrx_word' id='word_1_282' title='bbox 1788 2299 1967 2354; x_wconf 83' lang='lat' dir='ltr'><strong>reficit</strong></span> 
     </span>
    </p>
   </div>
   <div class='ocr_carea' id='block_1_40' title="bbox 376 2401 757 2482">
    <p class='ocr_par' dir='ltr' id='par_1_40' title="bbox 376 2401 757 2482">
     <span class='ocr_line' id='line_1_40' title="bbox 376 2401 757 2482; baseline -0.01 -24"><span class='ocrx_word' id='word_1_283' title='bbox 376 2404 557 2482; x_wconf 70' lang='lat' dir='ltr'><strong>(Luc.</strong></span> <span class='ocrx_word' id='word_1_284' title='bbox 590 2418 683 2456; x_wconf 73' lang='grc' dir='ltr'><strong>χιχ</strong></span> <span class='ocrx_word' id='word_1_285' title='bbox 717 2401 757 2470; x_wconf 85' lang='grc'><strong>).</strong></span> 
     </span>
    </p>
   </div>
   <div class='ocr_carea' id='block_1_41' title="bbox 451 2477 1966 2551">
    <p class='ocr_par' dir='ltr' id='par_1_41' title="bbox 451 2477 1966 2551">
     <span class='ocr_line' id='line_1_41' title="bbox 451 2477 1966 2551; baseline -0.012 -3"><span class='ocrx_word' id='word_1_286' title='bbox 451 2477 560 2548; x_wconf 84' lang='lat' dir='ltr'><strong>Sed</strong></span> <span class='ocrx_word' id='word_1_287' title='bbox 586 2506 685 2548; x_wconf 86' lang='lat' dir='ltr'><strong>cur</strong></span> <span class='ocrx_word' id='word_1_288' title='bbox 713 2490 766 2543; x_wconf 93' lang='lat' dir='ltr'><strong>in</strong></span> <span class='ocrx_word' id='word_1_289' title='bbox 796 2485 1168 2542; x_wconf 83' lang='lat' dir='ltr'><strong>deseribendis</strong></span> <span class='ocrx_word' id='word_1_290' title='bbox 1195 2485 1355 2551; x_wconf 79' lang='lat' dir='ltr'><strong>hujus</strong></span> <span class='ocrx_word' id='word_1_291' title='bbox 1380 2490 1582 2536; x_wconf 61' lang='lat' dir='ltr'><strong>sancta</strong></span> <span class='ocrx_word' id='word_1_292' title='bbox 1606 2480 1732 2533; x_wconf 71' lang='lat' dir='ltr'><strong>vitae</strong></span> <span class='ocrx_word' id='word_1_293' title='bbox 1756 2477 1966 2532; x_wconf 87' lang='lat' dir='ltr'><strong>meritis</strong></span> 
     </span>
    </p>
   </div>
   <div class='ocr_carea' id='block_1_42' title="bbox 375 2569 1964 2648">
    <p class='ocr_par' dir='ltr' id='par_1_42' title="bbox 375 2569 1964 2648">
     <span class='ocr_line' id='line_1_42' title="bbox 375 2569 1964 2648; baseline -0.013 -8"><span class='ocrx_word' id='word_1_294' title='bbox 375 2583 585 2642; x_wconf 89' lang='lat' dir='ltr'><strong>diutius</strong></span> <span class='ocrx_word' id='word_1_295' title='bbox 613 2578 918 2635; x_wconf 85' lang='lat' dir='ltr'><strong>immoror?</strong></span> <span class='ocrx_word' id='word_1_296' title='bbox 944 2576 1108 2629; x_wconf 89' lang='lat' dir='ltr'><strong>Plane</strong></span> <span class='ocrx_word' id='word_1_297' title='bbox 1145 2584 1205 2628; x_wconf 92' lang='lat' dir='ltr'><strong>ut</strong></span> <span class='ocrx_word' id='word_1_298' title='bbox 1238 2570 1671 2641; x_wconf 87' lang='lat' dir='ltr'><strong>compendiosius</strong></span> <span class='ocrx_word' id='word_1_299' title='bbox 1706 2569 1964 2648; x_wconf 89' lang='lat' dir='ltr'><strong>eloquar,</strong></span> 
     </span>
    </p>
   </div>
   <div class='ocr_carea' id='block_1_43' title="bbox 373 2658 1968 2736">
    <p class='ocr_par' dir='ltr' id='par_1_43' title="bbox 373 2658 1968 2736">
     <span class='ocr_line' id='line_1_43' title="bbox 373 2658 1968 2736; baseline -0.013 -5"><span class='ocrx_word' id='word_1_300' title='bbox 373 2674 564 2732; x_wconf 72' lang='lat' dir='ltr'><strong>multa:</strong></span> <span class='ocrx_word' id='word_1_301' title='bbox 592 2679 718 2726; x_wconf 88' lang='lat' dir='ltr'><strong>sunt</strong></span> <span class='ocrx_word' id='word_1_302' title='bbox 747 2669 848 2723; x_wconf 69' lang='lat' dir='ltr'><strong>vire</strong></span> <span class='ocrx_word' id='word_1_303' title='bbox 885 2667 1082 2736; x_wconf 88' lang='lat' dir='ltr'><strong>quibus</strong></span> <span class='ocrx_word' id='word_1_304' title='bbox 1118 2666 1225 2719; x_wconf 89' lang='lat' dir='ltr'><strong>itur</strong></span> <span class='ocrx_word' id='word_1_305' title='bbox 1263 2665 1328 2718; x_wconf 91' lang='lat' dir='ltr'><strong>ad</strong></span> <span class='ocrx_word' id='word_1_306' title='bbox 1366 2662 1574 2726; x_wconf 89' lang='lat' dir='ltr'><strong>Deum;</strong></span> <span class='ocrx_word' id='word_1_307' title='bbox 1616 2658 1815 2713; x_wconf 87' lang='lat' dir='ltr'><strong>diversi</strong></span> <span class='ocrx_word' id='word_1_308' title='bbox 1842 2667 1968 2712; x_wconf 91' lang='lat' dir='ltr'><strong>sunt</strong></span> 
     </span>
    </p>
   </div>
   <div class='ocr_carea' id='block_1_44' title="bbox 373 2745 1968 2821">
    <p class='ocr_par' dir='ltr' id='par_1_44' title="bbox 373 2745 1968 2821">
     <span class='ocr_line' id='line_1_44' title="bbox 373 2745 1968 2821; baseline -0.012 0"><span class='ocrx_word' id='word_1_309' title='bbox 373 2745 602 2821; x_wconf 86' lang='lat' dir='ltr'><strong>ordines</strong></span> <span class='ocrx_word' id='word_1_310' title='bbox 651 2762 703 2815; x_wconf 91' lang='lat' dir='ltr'><strong>in</strong></span> <span class='ocrx_word' id='word_1_311' title='bbox 754 2758 1111 2813; x_wconf 85' lang='lat' dir='ltr'><strong>universitate</strong></span> <span class='ocrx_word' id='word_1_312' title='bbox 1155 2755 1437 2810; x_wconf 84' lang='lat' dir='ltr'><strong>fidelium:</strong></span> <span class='ocrx_word' id='word_1_313' title='bbox 1481 2752 1577 2806; x_wconf 85' lang='lat' dir='ltr'><strong>sed</strong></span> <span class='ocrx_word' id='word_1_314' title='bbox 1617 2751 1672 2804; x_wconf 87' lang='lat' dir='ltr'><strong>in</strong></span> <span class='ocrx_word' id='word_1_315' title='bbox 1713 2749 1968 2804; x_wconf 90' lang='lat' dir='ltr'><strong>omnibus</strong></span> 
     </span>
    </p>
   </div>
   <div class='ocr_carea' id='block_1_45' title="bbox 375 2837 1964 2920">
    <p class='ocr_par' dir='ltr' id='par_1_45' title="bbox 375 2837 1964 2920">
     <span class='ocr_line' id='line_1_45' title="bbox 375 2837 1964 2920; baseline -0.013 -8"><span class='ocrx_word' id='word_1_316' title='bbox 375 2837 468 2913; x_wconf 70' lang='lat' dir='ltr'><strong>liis</strong></span> <span class='ocrx_word' id='word_1_317' title='bbox 516 2852 661 2908; x_wconf 81' lang='lat' dir='ltr'><strong>nulla</strong></span> <span class='ocrx_word' id='word_1_318' title='bbox 701 2849 946 2920; x_wconf 90' lang='lat' dir='ltr'><strong>profecto</strong></span> <span class='ocrx_word' id='word_1_319' title='bbox 987 2849 1074 2901; x_wconf 91' lang='lat' dir='ltr'><strong>via</strong></span> <span class='ocrx_word' id='word_1_320' title='bbox 1121 2855 1203 2901; x_wconf 91' lang='lat' dir='ltr'><strong>est</strong></span> <span class='ocrx_word' id='word_1_321' title='bbox 1246 2854 1356 2898; x_wconf 89' lang='lat' dir='ltr'><strong>tam</strong></span> <span class='ocrx_word' id='word_1_322' title='bbox 1398 2852 1580 2905; x_wconf 89' lang='lat' dir='ltr'><strong>recta,</strong></span> <span class='ocrx_word' id='word_1_323' title='bbox 1631 2851 1740 2894; x_wconf 90' lang='lat' dir='ltr'><strong>tam</strong></span> <span class='ocrx_word' id='word_1_324' title='bbox 1782 2849 1964 2902; x_wconf 90' lang='lat' dir='ltr'><strong>certa,</strong></span> 
     </span>
    </p>
   </div>
   <div class='ocr_carea' id='block_1_46' title="bbox 376 2931 1970 3013">
    <p class='ocr_par' dir='ltr' id='par_1_46' title="bbox 376 2931 1970 3013">
     <span class='ocr_line' id='line_1_46' title="bbox 376 2931 1970 3013; baseline -0.013 -11"><span class='ocrx_word' id='word_1_325' title='bbox 376 2957 492 3002; x_wconf 89' lang='lat' dir='ltr'><strong>tam</strong></span> <span class='ocrx_word' id='word_1_326' title='bbox 535 2943 826 3013; x_wconf 79' lang='lat' dir='ltr'><strong>expedita,</strong></span> <span class='ocrx_word' id='word_1_327' title='bbox 878 2951 1041 3008; x_wconf 89' lang='lat' dir='ltr'><strong>atque</strong></span> <span class='ocrx_word' id='word_1_328' title='bbox 1090 2937 1301 2991; x_wconf 89' lang='lat' dir='ltr'><strong>cunctis</strong></span> <span class='ocrx_word' id='word_1_329' title='bbox 1330 2931 1769 3003; x_wconf 76' lang='lat' dir='ltr'><strong>supplantatorize</strong></span> <span class='ocrx_word' id='word_1_330' title='bbox 1800 2931 1970 2999; x_wconf 90' lang='lat' dir='ltr'><strong>impa-</strong></span> 
     </span>
    </p>
   </div>
   <div class='ocr_carea' id='block_1_47' title="bbox 373 3019 1967 3098">
    <p class='ocr_par' dir='ltr' id='par_1_47' title="bbox 373 3019 1967 3098">
     <span class='ocr_line' id='line_1_47' title="bbox 373 3019 1967 3098; baseline -0.011 -8"><span class='ocrx_word' id='word_1_331' title='bbox 373 3027 947 3091; x_wconf 77' lang='lat' dir='ltr'><strong>ctionisoﬂ‘endieulis</strong></span> <span class='ocrx_word' id='word_1_332' title='bbox 979 3027 1154 3080; x_wconf 88' lang='lat' dir='ltr'><strong>aliena</strong></span> <span class='ocrx_word' id='word_1_333' title='bbox 1181 3043 1195 3088; x_wconf 93' lang='lat'><strong>;</strong></span> <span class='ocrx_word' id='word_1_334' title='bbox 1225 3025 1353 3098; x_wconf 82' lang='lat' dir='ltr'><strong>quia</strong></span> <span class='ocrx_word' id='word_1_335' title='bbox 1375 3032 1427 3076; x_wconf 89' lang='lat' dir='ltr'><strong>et</strong></span> <span class='ocrx_word' id='word_1_336' title='bbox 1453 3035 1642 3077; x_wconf 89' lang='lat' dir='ltr'><strong>omnes</strong></span> <span class='ocrx_word' id='word_1_337' title='bbox 1669 3019 1783 3074; x_wconf 83' lang='lat' dir='ltr'><strong>fere</strong></span> <span class='ocrx_word' id='word_1_338' title='bbox 1808 3034 1967 3074; x_wconf 90' lang='lat' dir='ltr'><strong>occa-</strong></span> 
     </span>
    </p>
   </div>
   <div class='ocr_carea' id='block_1_48' title="bbox 376 3108 1968 3189">
    <p class='ocr_par' dir='ltr' id='par_1_48' title="bbox 376 3108 1968 3189">
     <span class='ocr_line' id='line_1_48' title="bbox 376 3108 1968 3189; baseline -0.013 -10"><span class='ocrx_word' id='word_1_339' title='bbox 376 3126 595 3185; x_wconf 87' lang='lat' dir='ltr'><strong>siones,</strong></span> <span class='ocrx_word' id='word_1_340' title='bbox 629 3119 826 3189; x_wconf 90' lang='lat' dir='ltr'><strong>quibus</strong></span> <span class='ocrx_word' id='word_1_341' title='bbox 864 3116 1075 3186; x_wconf 88' lang='lat' dir='ltr'><strong>peccari</strong></span> <span class='ocrx_word' id='word_1_342' title='bbox 1102 3115 1298 3185; x_wconf 85' lang='lat' dir='ltr'><strong>possit,</strong></span> <span class='ocrx_word' id='word_1_343' title='bbox 1335 3111 1615 3167; x_wconf 87' lang='lat' dir='ltr'><strong>eliminat:</strong></span> <span class='ocrx_word' id='word_1_344' title='bbox 1651 3118 1705 3164; x_wconf 91' lang='lat' dir='ltr'><strong>et</strong></span> <span class='ocrx_word' id='word_1_345' title='bbox 1738 3108 1968 3178; x_wconf 87' lang='lat' dir='ltr'><strong>plurima</strong></span> 
     </span>
    </p>
   </div>
   <div class='ocr_carea' id='block_1_49' title="bbox 2065 1932 3654 2008">
    <p class='ocr_par' dir='ltr' id='par_1_49' title="bbox 2065 1932 3654 2008">
     <span class='ocr_line' id='line_1_49' title="bbox 2065 1932 3654 2008; baseline -0.004 -16"><span class='ocrx_word' id='word_1_346' title='bbox 2065 1938 2267 2008; x_wconf 91' lang='lat' dir='ltr'><strong>passim</strong></span> <span class='ocrx_word' id='word_1_347' title='bbox 2311 1953 2408 2007; x_wconf 84' lang='lat' dir='ltr'><strong>per</strong></span> <span class='ocrx_word' id='word_1_348' title='bbox 2449 1936 2616 1991; x_wconf 86' lang='lat' dir='ltr'><strong>eremi</strong></span> <span class='ocrx_word' id='word_1_349' title='bbox 2667 1935 2882 1989; x_wconf 90' lang='lat' dir='ltr'><strong>deserta</strong></span> <span class='ocrx_word' id='word_1_350' title='bbox 2929 1934 3258 2004; x_wconf 74' lang='lat' dir='ltr'><strong>gradientes,</strong></span> <span class='ocrx_word' id='word_1_351' title='bbox 3305 1943 3483 1989; x_wconf 88' lang='lat' dir='ltr'><strong>certas</strong></span> <span class='ocrx_word' id='word_1_352' title='bbox 3509 1932 3654 1987; x_wconf 67' lang='lat' dir='ltr'><strong>aedes</strong></span> 
     </span>
    </p>
   </div>
   <div class='ocr_carea' id='block_1_50' title="bbox 2066 2020 3655 2091">
    <p class='ocr_par' dir='ltr' id='par_1_50' title="bbox 2066 2020 3655 2091">
     <span class='ocr_line' id='line_1_50' title="bbox 2066 2020 3655 2091; baseline -0.003 -13"><span class='ocrx_word' id='word_1_353' title='bbox 2066 2025 2269 2080; x_wconf 88' lang='lat' dir='ltr'><strong>habere</strong></span> <span class='ocrx_word' id='word_1_354' title='bbox 2290 2031 2662 2078; x_wconf 89' lang='lat' dir='ltr'><strong>contemnunt.</strong></span> <span class='ocrx_word' id='word_1_355' title='bbox 2696 2020 2803 2075; x_wconf 89' lang='lat' dir='ltr'><strong>Sed</strong></span> <span class='ocrx_word' id='word_1_356' title='bbox 2843 2021 2932 2091; x_wconf 92' lang='lat' dir='ltr'><strong>qui</strong></span> <span class='ocrx_word' id='word_1_357' title='bbox 2959 2035 3058 2090; x_wconf 89' lang='lat' dir='ltr'><strong>per</strong></span> <span class='ocrx_word' id='word_1_358' title='bbox 3086 2037 3329 2076; x_wconf 88' lang='lat' dir='ltr'><strong>eremum</strong></span> <span class='ocrx_word' id='word_1_359' title='bbox 3373 2020 3655 2091; x_wconf 88' lang='lat' dir='ltr'><strong>spaliando</strong></span> 
     </span>
    </p>
   </div>
   <div class='ocr_carea' id='block_1_51' title="bbox 2067 2108 3654 2182">
    <p class='ocr_par' dir='ltr' id='par_1_51' title="bbox 2067 2108 3654 2182">
     <span class='ocr_line' id='line_1_51' title="bbox 2067 2108 3654 2182; baseline -0.004 -12"><span class='ocrx_word' id='word_1_360' title='bbox 2067 2117 2397 2178; x_wconf 90' lang='lat' dir='ltr'><strong>discurrunt,</strong></span> <span class='ocrx_word' id='word_1_361' title='bbox 2450 2113 2822 2177; x_wconf 59' lang='lat' dir='ltr'><strong>anachoreta;</strong></span> <span class='ocrx_word' id='word_1_362' title='bbox 2858 2108 2967 2182; x_wconf 91' lang='lat' dir='ltr'><strong>qui</strong></span> <span class='ocrx_word' id='word_1_363' title='bbox 2996 2127 3125 2166; x_wconf 88' lang='lat' dir='ltr'><strong>vero</strong></span> <span class='ocrx_word' id='word_1_364' title='bbox 3162 2111 3370 2168; x_wconf 88' lang='lat' dir='ltr'><strong>cellulis</strong></span> <span class='ocrx_word' id='word_1_365' title='bbox 3414 2111 3654 2166; x_wconf 87' lang='lat' dir='ltr'><strong>contenti</strong></span> 
     </span>
    </p>
   </div>
   <div class='ocr_carea' id='block_1_52' title="bbox 2067 2201 3658 2272">
    <p class='ocr_par' dir='ltr' id='par_1_52' title="bbox 2067 2201 3658 2272">
     <span class='ocr_line' id='line_1_52' title="bbox 2067 2201 3658 2272; baseline -0.004 -10"><span class='ocrx_word' id='word_1_366' title='bbox 2067 2215 2213 2272; x_wconf 89' lang='lat' dir='ltr'><strong>sunt,</strong></span> <span class='ocrx_word' id='word_1_367' title='bbox 2242 2206 2444 2261; x_wconf 82' lang='lat' dir='ltr'><strong>usitato</strong></span> <span class='ocrx_word' id='word_1_368' title='bbox 2470 2203 2733 2260; x_wconf 91' lang='lat' dir='ltr'><strong>vocabulo</strong></span> <span class='ocrx_word' id='word_1_369' title='bbox 2759 2203 2999 2258; x_wconf 73' lang='lat' dir='ltr'><strong>eremita:</strong></span> <span class='ocrx_word' id='word_1_370' title='bbox 3029 2204 3281 2258; x_wconf 90' lang='lat' dir='ltr'><strong>dicuntur</strong></span> <span class='ocrx_word' id='word_1_371' title='bbox 3308 2218 3321 2256; x_wconf 91' lang='lat'>:</span> <span class='ocrx_word' id='word_1_372' title='bbox 3348 2203 3545 2272; x_wconf 91' lang='lat' dir='ltr'><strong>quibus</strong></span> <span class='ocrx_word' id='word_1_373' title='bbox 3576 2201 3658 2255; x_wconf 90' lang='lat' dir='ltr'><strong>ni-</strong></span> 
     </span>
    </p>
   </div>
   <div class='ocr_carea' id='block_1_53' title="bbox 2068 2296 3656 2365">
    <p class='ocr_par' dir='ltr' id='par_1_53' title="bbox 2068 2296 3656 2365">
     <span class='ocr_line' id='line_1_53' title="bbox 2068 2296 3656 2365; baseline -0.003 -11"><span class='ocrx_word' id='word_1_374' title='bbox 2068 2300 2266 2354; x_wconf 87' lang='lat' dir='ltr'><strong>mirum</strong></span> <span class='ocrx_word' id='word_1_375' title='bbox 2295 2312 2488 2354; x_wconf 93' lang='lat' dir='ltr'><strong>nomen</strong></span> <span class='ocrx_word' id='word_1_376' title='bbox 2519 2311 2808 2351; x_wconf 88' lang='lat' dir='ltr'><strong>commune</strong></span> <span class='ocrx_word' id='word_1_377' title='bbox 2836 2297 3036 2352; x_wconf 88' lang='lat' dir='ltr'><strong>factum</strong></span> <span class='ocrx_word' id='word_1_378' title='bbox 3065 2305 3148 2352; x_wconf 91' lang='lat' dir='ltr'><strong>cst</strong></span> <span class='ocrx_word' id='word_1_379' title='bbox 3185 2296 3441 2365; x_wconf 89' lang='lat' dir='ltr'><strong>speciale.</strong></span> <span class='ocrx_word' id='word_1_380' title='bbox 3471 2296 3656 2362; x_wconf 88' lang='lat' dir='ltr'><strong>Quan-</strong></span> 
     </span>
    </p>
   </div>
   <div class='ocr_carea' id='block_1_54' title="bbox 2067 2384 3660 2456">
    <p class='ocr_par' dir='ltr' id='par_1_54' title="bbox 2067 2384 3660 2456">
     <span class='ocr_line' id='line_1_54' title="bbox 2067 2384 3660 2456; baseline -0.001 -16"><span class='ocrx_word' id='word_1_381' title='bbox 2067 2402 2229 2456; x_wconf 81' lang='lat' dir='ltr'><strong>quam</strong></span> <span class='ocrx_word' id='word_1_382' title='bbox 2260 2386 2418 2455; x_wconf 90' lang='lat' dir='ltr'><strong>hujus</strong></span> <span class='ocrx_word' id='word_1_383' title='bbox 2463 2386 2719 2456; x_wconf 87' lang='lat' dir='ltr'><strong>temporis</strong></span> <span class='ocrx_word' id='word_1_384' title='bbox 2763 2384 2962 2439; x_wconf 86' lang='lat' dir='ltr'><strong>fratres</strong></span> <span class='ocrx_word' id='word_1_385' title='bbox 3007 2386 3299 2454; x_wconf 85' lang='lat' dir='ltr'><strong>superbum</strong></span> <span class='ocrx_word' id='word_1_386' title='bbox 3328 2385 3526 2440; x_wconf 88' lang='lat' dir='ltr'><strong>ducant</strong></span> <span class='ocrx_word' id='word_1_387' title='bbox 3557 2385 3660 2439; x_wconf 88' lang='lat' dir='ltr'><strong>hoc</strong></span> 
     </span>
    </p>
   </div>
   <div class='ocr_carea' id='block_1_55' title="bbox 2069 2475 3657 2548">
    <p class='ocr_par' dir='ltr' id='par_1_55' title="bbox 2069 2475 3657 2548">
     <span class='ocr_line' id='line_1_55' title="bbox 2069 2475 3657 2548; baseline -0.003 -17"><span class='ocrx_word' id='word_1_388' title='bbox 2069 2478 2292 2541; x_wconf 26' lang='lat' dir='ltr'><strong>sibimet,</strong></span> <span class='ocrx_word' id='word_1_389' title='bbox 2335 2489 2592 2548; x_wconf 84' lang='lat' dir='ltr'><strong>arrogare</strong></span> <span class='ocrx_word' id='word_1_390' title='bbox 2627 2475 2967 2537; x_wconf 85' lang='lat' dir='ltr'><strong>vocabulum,</strong></span> <span class='ocrx_word' id='word_1_391' title='bbox 3010 2476 3105 2530; x_wconf 92' lang='lat' dir='ltr'><strong>sed</strong></span> <span class='ocrx_word' id='word_1_392' title='bbox 3139 2475 3464 2530; x_wconf 90' lang='lat' dir='ltr'><strong>humilitatis</strong></span> <span class='ocrx_word' id='word_1_393' title='bbox 3493 2489 3657 2529; x_wconf 88' lang='lat' dir='ltr'><strong>causa</strong></span> 
     </span>
    </p>
   </div>
   <div class='ocr_carea' id='block_1_56' title="bbox 2069 2565 3664 2638">
    <p class='ocr_par' dir='ltr' id='par_1_56' title="bbox 2069 2565 3664 2638">
     <span class='ocr_line' id='line_1_56' title="bbox 2069 2565 3664 2638; baseline -0.002 -17"><span class='ocrx_word' id='word_1_394' title='bbox 2069 2569 2395 2638; x_wconf 67' lang='lat' dir='ltr'><strong>paenitentes</strong></span> <span class='ocrx_word' id='word_1_395' title='bbox 2428 2581 2486 2621; x_wconf 91' lang='lat' dir='ltr'><strong>sc</strong></span> <span class='ocrx_word' id='word_1_396' title='bbox 2517 2566 2695 2636; x_wconf 90' lang='lat' dir='ltr'><strong>potius</strong></span> <span class='ocrx_word' id='word_1_397' title='bbox 2723 2566 2994 2636; x_wconf 77' lang='lat' dir='ltr'><strong>gaudeant</strong></span> <span class='ocrx_word' id='word_1_398' title='bbox 3029 2565 3311 2636; x_wconf 88' lang='lat' dir='ltr'><strong>appellari.</strong></span> <span class='ocrx_word' id='word_1_399' title='bbox 3343 2565 3664 2619; x_wconf 81' lang='lat' dir='ltr'><strong>Anachore—</strong></span> 
     </span>
    </p>
   </div>
   <div class='ocr_carea' id='block_1_57' title="bbox 2072 2657 3662 2728">
    <p class='ocr_par' dir='ltr' id='par_1_57' title="bbox 2072 2657 3662 2728">
     <span class='ocr_line' id='line_1_57' title="bbox 2072 2657 3662 2728; baseline -0.002 -16"><span class='ocrx_word' id='word_1_400' title='bbox 2072 2669 2245 2722; x_wconf 75' lang='lat' dir='ltr'><strong>tarum</strong></span> <span class='ocrx_word' id='word_1_401' title='bbox 2300 2669 2480 2714; x_wconf 90' lang='lat' dir='ltr'><strong>autem</strong></span> <span class='ocrx_word' id='word_1_402' title='bbox 2509 2659 2621 2728; x_wconf 90' lang='lat' dir='ltr'><strong>jam</strong></span> <span class='ocrx_word' id='word_1_403' title='bbox 2669 2667 2796 2712; x_wconf 90' lang='lat' dir='ltr'><strong>tunc</strong></span> <span class='ocrx_word' id='word_1_404' title='bbox 2851 2657 2943 2711; x_wconf 88' lang='lat' dir='ltr'><strong>lilii</strong></span> <span class='ocrx_word' id='word_1_405' title='bbox 2994 2657 3522 2726; x_wconf 69' lang='lat' dir='ltr'><strong>Jonadabprimitia:</strong></span> <span class='ocrx_word' id='word_1_406' title='bbox 3547 2657 3662 2710; x_wconf 88' lang='lat' dir='ltr'><strong>fuc-</strong></span> 
     </span>
    </p>
   </div>
   <div class='ocr_carea' id='block_1_58' title="bbox 2071 2749 3661 2820">
    <p class='ocr_par' dir='ltr' id='par_1_58' title="bbox 2071 2749 3661 2820">
     <span class='ocr_line' id='line_1_58' title="bbox 2071 2749 3661 2820; baseline -0.001 -14"><span class='ocrx_word' id='word_1_407' title='bbox 2071 2761 2216 2816; x_wconf 88' lang='lat' dir='ltr'><strong>raut,</strong></span> <span class='ocrx_word' id='word_1_408' title='bbox 2239 2752 2353 2820; x_wconf 90' lang='lat' dir='ltr'><strong>qui,</strong></span> <span class='ocrx_word' id='word_1_409' title='bbox 2378 2751 2516 2806; x_wconf 84' lang='lat' dir='ltr'><strong>sicut</strong></span> <span class='ocrx_word' id='word_1_410' title='bbox 2544 2749 2810 2804; x_wconf 83' lang='lat' dir='ltr'><strong>Jeremias</strong></span> <span class='ocrx_word' id='word_1_411' title='bbox 2838 2757 3088 2813; x_wconf 89' lang='lat' dir='ltr'><strong>testatur,</strong></span> <span class='ocrx_word' id='word_1_412' title='bbox 3117 2750 3298 2804; x_wconf 91' lang='lat' dir='ltr'><strong>vinum</strong></span> <span class='ocrx_word' id='word_1_413' title='bbox 3330 2759 3385 2805; x_wconf 92' lang='lat' dir='ltr'><strong>et</strong></span> <span class='ocrx_word' id='word_1_414' title='bbox 3427 2750 3661 2804; x_wconf 86' lang='lat' dir='ltr'><strong>siceram</strong></span> 
     </span>
    </p>
   </div>
   <div class='ocr_carea' id='block_1_59' title="bbox 2070 2838 3666 2909">
    <p class='ocr_par' dir='ltr' id='par_1_59' title="bbox 2070 2838 3666 2909">
     <span class='ocr_line' id='line_1_59' title="bbox 2070 2838 3666 2909; baseline -0.003 -12"><span class='ocrx_word' id='word_1_415' title='bbox 2070 2857 2178 2897; x_wconf 92' lang='lat' dir='ltr'><strong>non</strong></span> <span class='ocrx_word' id='word_1_416' title='bbox 2214 2842 2469 2896; x_wconf 84' lang='lat' dir='ltr'><strong>bibebant</strong></span> <span class='ocrx_word' id='word_1_417' title='bbox 2492 2840 2626 2909; x_wconf 82' lang='lat' dir='ltr'><strong>(Jer.</strong></span> <span class='ocrx_word' id='word_1_418' title='bbox 2662 2839 2851 2907; x_wconf 81' lang='lat' dir='ltr'><strong>xxxv).</strong></span> <span class='ocrx_word' id='word_1_419' title='bbox 2897 2838 3228 2894; x_wconf 79' lang='lat' dir='ltr'><strong>Habitabant</strong></span> <span class='ocrx_word' id='word_1_420' title='bbox 3253 2855 3416 2908; x_wconf 88' lang='lat' dir='ltr'><strong>porro</strong></span> <span class='ocrx_word' id='word_1_421' title='bbox 3448 2841 3500 2892; x_wconf 95' lang='lat' dir='ltr'><strong>in</strong></span> <span class='ocrx_word' id='word_1_422' title='bbox 3545 2849 3666 2894; x_wconf 89' lang='lat' dir='ltr'><strong>ten-</strong></span> 
     </span>
    </p>
   </div>
   <div class='ocr_carea' id='block_1_60' title="bbox 2072 2930 3662 3003">
    <p class='ocr_par' dir='ltr' id='par_1_60' title="bbox 2072 2930 3662 3003">
     <span class='ocr_line' id='line_1_60' title="bbox 2072 2930 3662 3003; baseline -0.002 -15"><span class='ocrx_word' id='word_1_423' title='bbox 2072 2933 2246 2996; x_wconf 88' lang='lat' dir='ltr'><strong>toriis,</strong></span> <span class='ocrx_word' id='word_1_424' title='bbox 2275 2942 2329 2988; x_wconf 87' lang='lat' dir='ltr'><strong>et</strong></span> <span class='ocrx_word' id='word_1_425' title='bbox 2370 2948 2506 3003; x_wconf 85' lang='lat' dir='ltr'><strong>quas</strong></span> <span class='ocrx_word' id='word_1_426' title='bbox 2547 2945 2652 2986; x_wconf 74' lang='lat' dir='ltr'><strong>nox</strong></span> <span class='ocrx_word' id='word_1_427' title='bbox 2684 2931 3042 2999; x_wconf 86' lang='lat' dir='ltr'><strong>compulerat,</strong></span> <span class='ocrx_word' id='word_1_428' title='bbox 3074 2932 3232 2988; x_wconf 82' lang='lat' dir='ltr'><strong>sedes</strong></span> <span class='ocrx_word' id='word_1_429' title='bbox 3275 2932 3564 2987; x_wconf 83' lang='lat' dir='ltr'><strong>habebant.</strong></span> <span class='ocrx_word' id='word_1_430' title='bbox 3596 2930 3662 2985; x_wconf 80' lang='lat' dir='ltr'><strong>lli</strong></span> 
     </span>
    </p>
   </div>
   <div class='ocr_carea' id='block_1_61' title="bbox 2072 3022 3664 3094">
    <p class='ocr_par' dir='ltr' id='par_1_61' title="bbox 2072 3022 3664 3094">
     <span class='ocr_line' id='line_1_61' title="bbox 2072 3022 3664 3094; baseline 0.001 -17"><span class='ocrx_word' id='word_1_431' title='bbox 2072 3023 2303 3092; x_wconf 86' lang='lat' dir='ltr'><strong>denique</strong></span> <span class='ocrx_word' id='word_1_432' title='bbox 2332 3025 2644 3078; x_wconf 87' lang='lat' dir='ltr'><strong>scribuntur</strong></span> <span class='ocrx_word' id='word_1_433' title='bbox 2684 3024 2738 3077; x_wconf 93' lang='lat' dir='ltr'><strong>in</strong></span> <span class='ocrx_word' id='word_1_434' title='bbox 2781 3022 2994 3078; x_wconf 88' lang='lat' dir='ltr'><strong>Psalmo</strong></span> <span class='ocrx_word' id='word_1_435' title='bbox 3041 3023 3215 3094; x_wconf 65' lang='lat' dir='ltr'><strong>(Paul.</strong></span> <span class='ocrx_word' id='word_1_436' title='bbox 3245 3024 3491 3094; x_wconf 79' lang='lat' dir='ltr'><strong>cxxxvt),</strong></span> <span class='ocrx_word' id='word_1_437' title='bbox 3520 3023 3664 3093; x_wconf 89' lang='lat' dir='ltr'><strong>quod</strong></span> 
     </span>
    </p>
   </div>
   <div class='ocr_carea' id='block_1_62' title="bbox 2073 3114 3669 3184">
    <p class='ocr_par' dir='ltr' id='par_1_62' title="bbox 2073 3114 3669 3184">
     <span class='ocr_line' id='line_1_62' title="bbox 2073 3114 3669 3184; baseline 0.001 -16"><span class='ocrx_word' id='word_1_438' title='bbox 2073 3115 2230 3184; x_wconf 90' lang='lat' dir='ltr'><strong>primi</strong></span> <span class='ocrx_word' id='word_1_439' title='bbox 2261 3115 2630 3184; x_wconf 86' lang='lat' dir='ltr'><strong>captivitatem</strong></span> <span class='ocrx_word' id='word_1_440' title='bbox 2661 3115 2769 3169; x_wconf 90' lang='lat' dir='ltr'><strong>sint</strong></span> <span class='ocrx_word' id='word_1_441' title='bbox 2810 3117 2910 3169; x_wconf 89' lang='lat' dir='ltr'><strong>sub</strong></span> <span class='ocrx_word' id='word_1_442' title='bbox 2937 3114 3243 3184; x_wconf 87' lang='lat' dir='ltr'><strong>bujnsmoli</strong></span> <span class='ocrx_word' id='word_1_443' title='bbox 3288 3115 3669 3184; x_wconf 85' lang='lat' dir='ltr'><strong>persecutione</strong></span> 
     </span>
    </p>
   </div>
   <div class='ocr_carea' id='block_1_63' title="bbox 375 3175 3667 3276">
    <p class='ocr_par' dir='ltr' id='par_1_63' title="bbox 375 3175 3667 3276">
     <span class='ocr_line' id='line_1_63' title="bbox 375 3175 3667 3276; baseline -0.002 -6"><span class='ocrx_word' id='word_1_444' title='bbox 375 3214 644 3268; x_wconf 84' lang='lat' dir='ltr'><strong>virtutum</strong></span> <span class='ocrx_word' id='word_1_445' title='bbox 667 3251 682 3272; x_wconf 83' lang='lat'><strong>.</strong></span> <span class='ocrx_word' id='word_1_446' title='bbox 715 3207 911 3276; x_wconf 78' lang='lat' dir='ltr'><strong>quibus</strong></span> <span class='ocrx_word' id='word_1_447' title='bbox 939 3205 1050 3259; x_wconf 78' lang='lat' dir='ltr'><strong>Deo</strong></span> <span class='ocrx_word' id='word_1_448' title='bbox 1085 3205 1328 3274; x_wconf 69' lang='grc' dir='ltr'><strong>ριίιοθειι,</strong></span> <span class='ocrx_word' id='word_1_449' title='bbox 1369 3203 1704 3256; x_wconf 70' lang='grc' dir='ltr'><strong>ίηοτθωϐηῑει</strong></span> <span class='ocrx_word' id='word_1_450' title='bbox 1747 3215 1970 3253; x_wconf 67' lang='grc' dir='ltr'><strong>οωινθιό</strong></span> <span class='ocrx_word' id='word_1_451' title='bbox 1997 3175 2044 3238; x_wconf 76' lang='lat' dir='ltr'>C</span> <span class='ocrx_word' id='word_1_452' title='bbox 2076 3207 2316 3276; x_wconf 90' lang='lat' dir='ltr'><strong>perpessi</strong></span> <span class='ocrx_word' id='word_1_453' title='bbox 2353 3223 2365 3258; x_wconf 88' lang='lat'>:</span> <span class='ocrx_word' id='word_1_454' title='bbox 2399 3207 2523 3276; x_wconf 89' lang='lat' dir='ltr'><strong>quia</strong></span> <span class='ocrx_word' id='word_1_455' title='bbox 2574 3206 2643 3261; x_wconf 88' lang='lat' dir='ltr'><strong>ab</strong></span> <span class='ocrx_word' id='word_1_456' title='bbox 2697 3208 2941 3263; x_wconf 79' lang='lat' dir='ltr'><strong>exercitu</strong></span> <span class='ocrx_word' id='word_1_457' title='bbox 2996 3207 3369 3264; x_wconf 65' lang='lat' dir='ltr'><strong>Cbaldmornm</strong></span> <span class='ocrx_word' id='word_1_458' title='bbox 3418 3219 3667 3263; x_wconf 88' lang='lat' dir='ltr'><strong>vastante</strong></span> 
     </span>
    </p>
   </div>
   <div class='ocr_carea' id='block_1_64' title="bbox 378 3289 1970 3367">
    <p class='ocr_par' dir='ltr' id='par_1_64' title="bbox 378 3289 1970 3367">
     <span class='ocr_line' id='line_1_64' title="bbox 378 3289 1970 3367; baseline -0.011 -9"><span class='ocrx_word' id='word_1_459' title='bbox 378 3313 508 3358; x_wconf 87' lang='lat' dir='ltr'><strong>tat:</strong></span> <span class='ocrx_word' id='word_1_460' title='bbox 558 3302 632 3354; x_wconf 91' lang='lat' dir='ltr'><strong>ita</strong></span> <span class='ocrx_word' id='word_1_461' title='bbox 679 3308 736 3351; x_wconf 91' lang='lat' dir='ltr'><strong>ut</strong></span> <span class='ocrx_word' id='word_1_462' title='bbox 779 3294 1180 3367; x_wconf 86' lang='lat' dir='ltr'><strong>quodammodo</strong></span> <span class='ocrx_word' id='word_1_463' title='bbox 1230 3293 1520 3346; x_wconf 88' lang='lat' dir='ltr'><strong>facultates</strong></span> <span class='ocrx_word' id='word_1_464' title='bbox 1567 3291 1772 3345; x_wconf 89' lang='lat' dir='ltr'><strong>adimat</strong></span> <span class='ocrx_word' id='word_1_465' title='bbox 1797 3289 1970 3344; x_wconf 87' lang='lat' dir='ltr'><strong>delin-</strong></span> 
     </span>
    </p>
   </div>
   <div class='ocr_carea' id='block_1_65' title="bbox 379 3371 1974 3462">
    <p class='ocr_par' dir='ltr' id='par_1_65' title="bbox 379 3371 1974 3462">
     <span class='ocr_line' id='line_1_65' title="bbox 379 3371 1974 3462; baseline -0.008 -18"><span class='ocrx_word' id='word_1_466' title='bbox 379 3389 617 3462; x_wconf 90' lang='lat' dir='ltr'><strong>quendi,</strong></span> <span class='ocrx_word' id='word_1_467' title='bbox 654 3396 709 3441; x_wconf 93' lang='lat' dir='ltr'><strong>et</strong></span> <span class='ocrx_word' id='word_1_468' title='bbox 740 3385 897 3440; x_wconf 89' lang='lat' dir='ltr'><strong>bonis</strong></span> <span class='ocrx_word' id='word_1_469' title='bbox 945 3371 1202 3453; x_wconf 86' lang='lat' dir='ltr'><strong>operibus</strong></span> <span class='ocrx_word' id='word_1_470' title='bbox 1248 3380 1533 3436; x_wconf 79' lang='lat' dir='ltr'><strong>insiStendi</strong></span> <span class='ocrx_word' id='word_1_471' title='bbox 1581 3381 1691 3434; x_wconf 87' lang='lat' dir='ltr'><strong>vim</strong></span> <span class='ocrx_word' id='word_1_472' title='bbox 1736 3379 1974 3434; x_wconf 81' lang='lat' dir='ltr'><strong>necessi-</strong></span> 
     </span>
    </p>
   </div>
   <div class='ocr_carea' id='block_1_66' title="bbox 377 3470 1976 3547">
    <p class='ocr_par' dir='ltr' id='par_1_66' title="bbox 377 3470 1976 3547">
     <span class='ocr_line' id='line_1_66' title="bbox 377 3470 1976 3547; baseline -0.01 -10"><span class='ocrx_word' id='word_1_473' title='bbox 377 3483 511 3536; x_wconf 89' lang='lat' dir='ltr'><strong>tatis</strong></span> <span class='ocrx_word' id='word_1_474' title='bbox 555 3481 817 3547; x_wconf 89' lang='lat' dir='ltr'><strong>imponat.</strong></span> <span class='ocrx_word' id='word_1_475' title='bbox 869 3475 1022 3543; x_wconf 85' lang='lat' dir='ltr'><strong>Quod</strong></span> <span class='ocrx_word' id='word_1_476' title='bbox 1066 3475 1323 3528; x_wconf 87' lang='lat' dir='ltr'><strong>nimirum</strong></span> <span class='ocrx_word' id='word_1_477' title='bbox 1367 3473 1458 3540; x_wconf 91' lang='lat' dir='ltr'><strong>qui</strong></span> <span class='ocrx_word' id='word_1_478' title='bbox 1506 3486 1611 3525; x_wconf 91' lang='lat' dir='ltr'><strong>non</strong></span> <span class='ocrx_word' id='word_1_479' title='bbox 1658 3470 1976 3539; x_wconf 87' lang='lat' dir='ltr'><strong>dedignatur</strong></span> 
     </span>
    </p>
   </div>
   <div class='ocr_carea' id='block_1_67' title="bbox 380 3558 1974 3642">
    <p class='ocr_par' dir='ltr' id='par_1_67' title="bbox 380 3558 1974 3642">
     <span class='ocr_line' id='line_1_67' title="bbox 380 3558 1974 3642; baseline -0.01 -15"><span class='ocrx_word' id='word_1_480' title='bbox 380 3571 689 3642; x_wconf 87' lang='lat' dir='ltr'><strong>inquirere,</strong></span> <span class='ocrx_word' id='word_1_481' title='bbox 722 3568 776 3622; x_wconf 92' lang='lat' dir='ltr'><strong>in</strong></span> <span class='ocrx_word' id='word_1_482' title='bbox 807 3567 934 3620; x_wconf 89' lang='lat' dir='ltr'><strong>aliis</strong></span> <span class='ocrx_word' id='word_1_483' title='bbox 963 3573 1162 3618; x_wconf 65' lang='lat' dir='ltr'><strong>nostra:</strong></span> <span class='ocrx_word' id='word_1_484' title='bbox 1191 3563 1479 3632; x_wconf 90' lang='lat' dir='ltr'><strong>parvitatis</strong></span> <span class='ocrx_word' id='word_1_485' title='bbox 1516 3558 1790 3630; x_wconf 85' lang='lat' dir='ltr'><strong>cpnsculis</strong></span> <span class='ocrx_word' id='word_1_486' title='bbox 1829 3559 1974 3613; x_wconf 86' lang='lat' dir='ltr'><strong>valet</strong></span> 
     </span>
    </p>
   </div>
   <div class='ocr_carea' id='block_1_68' title="bbox 376 3655 1975 3734">
    <p class='ocr_par' dir='ltr' id='par_1_68' title="bbox 376 3655 1975 3734">
     <span class='ocr_line' id='line_1_68' title="bbox 376 3655 1975 3734; baseline -0.01 -16"><span class='ocrx_word' id='word_1_487' title='bbox 376 3661 698 3734; x_wconf 76' lang='lat' dir='ltr'><strong>expressius</strong></span> <span class='ocrx_word' id='word_1_488' title='bbox 733 3658 993 3712; x_wconf 86' lang='lat' dir='ltr'><strong>invenire.</strong></span> <span class='ocrx_word' id='word_1_489' title='bbox 1027 3655 1165 3710; x_wconf 84' lang='lat' dir='ltr'><strong>lluic</strong></span> <span class='ocrx_word' id='word_1_490' title='bbox 1200 3669 1331 3722; x_wconf 87' lang='lat' dir='ltr'><strong>ergo</strong></span> <span class='ocrx_word' id='word_1_491' title='bbox 1365 3662 1586 3718; x_wconf 71' lang='lat' dir='ltr'><strong>sanctm,</strong></span> <span class='ocrx_word' id='word_1_492' title='bbox 1627 3659 1708 3715; x_wconf 87' lang='lat' dir='ltr'><strong>et,</strong></span> <span class='ocrx_word' id='word_1_493' title='bbox 1752 3659 1812 3704; x_wconf 91' lang='lat' dir='ltr'><strong>ut</strong></span> <span class='ocrx_word' id='word_1_494' title='bbox 1847 3665 1975 3704; x_wconf 90' lang='lat' dir='ltr'><strong>vere</strong></span> 
     </span>
    </p>
   </div>
   <div class='ocr_carea' id='block_1_69' title="bbox 380 3743 1973 3814">
    <p class='ocr_par' dir='ltr' id='par_1_69' title="bbox 380 3743 1973 3814">
     <span class='ocr_line' id='line_1_69' title="bbox 380 3743 1973 3814; baseline -0.009 -7"><span class='ocrx_word' id='word_1_495' title='bbox 380 3753 581 3814; x_wconf 84' lang='lat' dir='ltr'><strong>fatear,</strong></span> <span class='ocrx_word' id='word_1_496' title='bbox 625 3747 853 3801; x_wconf 75' lang='lat' dir='ltr'><strong>vivifica:</strong></span> <span class='ocrx_word' id='word_1_497' title='bbox 891 3747 1015 3799; x_wconf 75' lang='lat' dir='ltr'><strong>vita:</strong></span> <span class='ocrx_word' id='word_1_498' title='bbox 1048 3744 1176 3798; x_wconf 90' lang='lat' dir='ltr'><strong>illud</strong></span> <span class='ocrx_word' id='word_1_499' title='bbox 1218 3760 1326 3798; x_wconf 91' lang='lat' dir='ltr'><strong>non</strong></span> <span class='ocrx_word' id='word_1_500' title='bbox 1368 3743 1786 3812; x_wconf 83' lang='lat' dir='ltr'><strong>incongruenter</strong></span> <span class='ocrx_word' id='word_1_501' title='bbox 1819 3751 1973 3808; x_wconf 90' lang='lat' dir='ltr'><strong>apta-</strong></span> 
     </span>
    </p>
   </div>
   <div class='ocr_carea' id='block_1_70' title="bbox 382 3832 1972 3909">
    <p class='ocr_par' dir='ltr' id='par_1_70' title="bbox 382 3832 1972 3909">
     <span class='ocr_line' id='line_1_70' title="bbox 382 3832 1972 3909; baseline -0.009 -12"><span class='ocrx_word' id='word_1_502' title='bbox 382 3853 497 3906; x_wconf 91' lang='lat' dir='ltr'><strong>tur,</strong></span> <span class='ocrx_word' id='word_1_503' title='bbox 529 3839 672 3909; x_wconf 84' lang='lat' dir='ltr'><strong>qubd</strong></span> <span class='ocrx_word' id='word_1_504' title='bbox 703 3852 800 3906; x_wconf 89' lang='lat' dir='ltr'><strong>per</strong></span> <span class='ocrx_word' id='word_1_505' title='bbox 830 3835 1176 3890; x_wconf 89' lang='lat' dir='ltr'><strong>Salomonem</strong></span> <span class='ocrx_word' id='word_1_506' title='bbox 1204 3835 1400 3890; x_wconf 89' lang='lat' dir='ltr'><strong>dicitur</strong></span> <span class='ocrx_word' id='word_1_507' title='bbox 1431 3849 1444 3886; x_wconf 90' lang='lat'><strong>:</strong></span> <span class='ocrx_word' id='word_1_508' title='bbox 1474 3852 1492 3884; x_wconf 84' lang='grc'><strong>‹</strong></span> <span class='ocrx_word' id='word_1_509' title='bbox 1521 3833 1732 3897; x_wconf 58' lang='lat' dir='ltr'><strong>Multas,</strong></span> <span class='ocrx_word' id='word_1_510' title='bbox 1768 3832 1972 3900; x_wconf 88' lang='lat' dir='ltr'><strong>inquit,</strong></span> 
     </span>
    </p>
   </div>
   <div class='ocr_carea' id='block_1_71' title="bbox 379 3925 1975 3998">
    <p class='ocr_par' dir='ltr' id='par_1_71' title="bbox 379 3925 1975 3998">
     <span class='ocr_line' id='line_1_71' title="bbox 379 3925 1975 3998; baseline -0.006 -13"><span class='ocrx_word' id='word_1_511' title='bbox 379 3931 512 3987; x_wconf 72' lang='lat' dir='ltr'><strong>tiliae</strong></span> <span class='ocrx_word' id='word_1_512' title='bbox 555 3934 1023 3998; x_wconf 79' lang='lat' dir='ltr'><strong>congregaverunt</strong></span> <span class='ocrx_word' id='word_1_513' title='bbox 1068 3925 1284 3979; x_wconf 87' lang='lat' dir='ltr'><strong>divitias</strong></span> <span class='ocrx_word' id='word_1_514' title='bbox 1305 3964 1318 3988; x_wconf 90' lang='lat'><strong>,</strong></span> <span class='ocrx_word' id='word_1_515' title='bbox 1347 3933 1401 3976; x_wconf 88' lang='lat' dir='ltr'><strong>et</strong></span> <span class='ocrx_word' id='word_1_516' title='bbox 1434 3932 1485 3976; x_wconf 92' lang='lat' dir='ltr'><strong>tu</strong></span> <span class='ocrx_word' id='word_1_517' title='bbox 1517 3936 1867 3991; x_wconf 85' lang='lat' dir='ltr'><strong>supergressa</strong></span> <span class='ocrx_word' id='word_1_518' title='bbox 1916 3937 1975 3975; x_wconf 84' lang='lat' dir='ltr'><strong>cs</strong></span> 
     </span>
    </p>
   </div>
   <div class='ocr_carea' id='block_1_72' title="bbox 380 4016 1188 4086">
    <p class='ocr_par' dir='ltr' id='par_1_72' title="bbox 380 4016 1188 4086">
     <span class='ocr_line' id='line_1_72' title="bbox 380 4016 1188 4086; baseline -0.016 -8"><span class='ocrx_word' id='word_1_519' title='bbox 380 4023 675 4078; x_wconf 88' lang='lat' dir='ltr'><strong>universas</strong></span> <span class='ocrx_word' id='word_1_520' title='bbox 708 4019 725 4086; x_wconf 93' lang='lat'>(</span> <span class='ocrx_word' id='word_1_521' title='bbox 752 4016 910 4070; x_wconf 85' lang='lat' dir='ltr'><strong>Prov.</strong></span> <span class='ocrx_word' id='word_1_522' title='bbox 943 4031 1071 4068; x_wconf 74' lang='lat' dir='ltr'><strong>xxx-1</strong></span> <span class='ocrx_word' id='word_1_523' title='bbox 1098 4017 1137 4083; x_wconf 95' lang='lat'><strong>).</strong></span> <span class='ocrx_word' id='word_1_524' title='bbox 1170 4035 1188 4065; x_wconf 72' lang='grc' dir='ltr'>ι</span> 
     </span>
    </p>
   </div>
   <div class='ocr_carea' id='block_1_73' title="bbox 1030 4103 1346 4160">
    <p class='ocr_par' dir='ltr' id='par_1_73' title="bbox 1030 4103 1346 4160">
     <span class='ocr_line' id='line_1_73' title="bbox 1030 4103 1346 4160; baseline -0.006 -2"><span class='ocrx_word' id='word_1_525' title='bbox 1030 4103 1256 4160; x_wconf 82' lang='lat' dir='ltr'><strong>CAPUT</strong></span> <span class='ocrx_word' id='word_1_526' title='bbox 1284 4103 1346 4158; x_wconf 90' lang='lat' dir='ltr'><strong>ll.</strong></span> 
     </span>
    </p>
   </div>
   <div class='ocr_carea' id='block_1_74' title="bbox 783 4196 1578 4266">
    <p class='ocr_par' dir='ltr' id='par_1_74' title="bbox 783 4196 1578 4266">
     <span class='ocr_line' id='line_1_74' title="bbox 783 4196 1578 4266; baseline -0.001 -16"><span class='ocrx_word' id='word_1_527' title='bbox 783 4197 860 4250; x_wconf 87' lang='lat' dir='ltr'><strong>De</strong></span> <span class='ocrx_word' id='word_1_528' title='bbox 899 4197 1098 4266; x_wconf 82' lang='lat' dir='ltr'><strong>origine</strong></span> <span class='ocrx_word' id='word_1_529' title='bbox 1137 4196 1252 4250; x_wconf 72' lang='lat' dir='ltr'><strong>vita:</strong></span> <span class='ocrx_word' id='word_1_530' title='bbox 1279 4198 1578 4252; x_wconf 73' lang='lat' dir='ltr'><strong>eremiticrr.</strong></span> 
     </span>
    </p>
   </div>
   <div class='ocr_carea' id='block_1_75' title="bbox 458 4291 1977 4359">
    <p class='ocr_par' dir='ltr' id='par_1_75' title="bbox 458 4291 1977 4359">
     <span class='ocr_line' id='line_1_75' title="bbox 458 4291 1977 4359; baseline -0.007 -7"><span class='ocrx_word' id='word_1_531' title='bbox 458 4296 854 4352; x_wconf 74' lang='lat' dir='ltr'><strong>Verumtamen</strong></span> <span class='ocrx_word' id='word_1_532' title='bbox 893 4291 969 4345; x_wconf 89' lang='lat' dir='ltr'><strong>rei</strong></span> <span class='ocrx_word' id='word_1_533' title='bbox 1008 4291 1142 4345; x_wconf 92' lang='lat' dir='ltr'><strong>ordo</strong></span> <span class='ocrx_word' id='word_1_534' title='bbox 1179 4291 1442 4359; x_wconf 88' lang='lat' dir='ltr'><strong>postulat,</strong></span> <span class='ocrx_word' id='word_1_535' title='bbox 1479 4298 1544 4344; x_wconf 82' lang='grc' dir='ltr'><strong>,ιιι</strong></span> <span class='ocrx_word' id='word_1_536' title='bbox 1574 4297 1860 4356; x_wconf 85' lang='lat' dir='ltr'><strong>antequam</strong></span> <span class='ocrx_word' id='word_1_537' title='bbox 1889 4304 1977 4350; x_wconf 86' lang='lat' dir='ltr'><strong>ra-</strong></span> 
     </span>
    </p>
   </div>
   <div class='ocr_carea' id='block_1_76' title="bbox 381 4379 1977 4451">
    <p class='ocr_par' dir='ltr' id='par_1_76' title="bbox 381 4379 1977 4451">
     <span class='ocr_line' id='line_1_76' title="bbox 381 4379 1977 4451; baseline -0.009 -6"><span class='ocrx_word' id='word_1_538' title='bbox 381 4403 511 4446; x_wconf 87' lang='lat' dir='ltr'><strong>mos</strong></span> <span class='ocrx_word' id='word_1_539' title='bbox 549 4383 982 4441; x_wconf 87' lang='lat' dir='ltr'><strong>conversationis</strong></span> <span class='ocrx_word' id='word_1_540' title='bbox 1022 4382 1318 4451; x_wconf 83' lang='lat' dir='ltr'><strong>attingam,</strong></span> <span class='ocrx_word' id='word_1_541' title='bbox 1361 4380 1532 4450; x_wconf 91' lang='lat' dir='ltr'><strong>ipsam</strong></span> <span class='ocrx_word' id='word_1_542' title='bbox 1575 4379 1773 4433; x_wconf 87' lang='lat' dir='ltr'><strong>radicis</strong></span> <span class='ocrx_word' id='word_1_543' title='bbox 1810 4379 1977 4447; x_wconf 86' lang='lat' dir='ltr'><strong>origi-</strong></span> 
     </span>
    </p>
   </div>
   <div class='ocr_carea' id='block_1_77' title="bbox 380 4468 1976 4540">
    <p class='ocr_par' dir='ltr' id='par_1_77' title="bbox 380 4468 1976 4540">
     <span class='ocr_line' id='line_1_77' title="bbox 380 4468 1976 4540; baseline -0.008 -6"><span class='ocrx_word' id='word_1_544' title='bbox 380 4491 516 4534; x_wconf 90' lang='lat' dir='ltr'><strong>nem</strong></span> <span class='ocrx_word' id='word_1_545' title='bbox 561 4473 789 4528; x_wconf 88' lang='lat' dir='ltr'><strong>solerter</strong></span> <span class='ocrx_word' id='word_1_546' title='bbox 831 4469 1144 4540; x_wconf 87' lang='lat' dir='ltr'><strong>inquiram:</strong></span> <span class='ocrx_word' id='word_1_547' title='bbox 1186 4477 1239 4524; x_wconf 92' lang='lat' dir='ltr'><strong>et</strong></span> <span class='ocrx_word' id='word_1_548' title='bbox 1279 4469 1370 4539; x_wconf 88' lang='lat' dir='ltr'><strong>qui</strong></span> <span class='ocrx_word' id='word_1_549' title='bbox 1414 4468 1588 4537; x_wconf 85' lang='lat' dir='ltr'><strong>hujus.</strong></span> <span class='ocrx_word' id='word_1_550' title='bbox 1618 4468 1976 4524; x_wconf 86' lang='lat' dir='ltr'><strong>institutionis</strong></span> 
     </span>
    </p>
   </div>
   <div class='ocr_carea' id='block_1_78' title="bbox 384 4558 1977 4628">
    <p class='ocr_par' dir='ltr' id='par_1_78' title="bbox 384 4558 1977 4628">
     <span class='ocr_line' id='line_1_78' title="bbox 384 4558 1977 4628; baseline -0.009 -4"><span class='ocrx_word' id='word_1_551' title='bbox 384 4573 649 4624; x_wconf 80' lang='lat' dir='ltr'><strong>auctores</strong></span> <span class='ocrx_word' id='word_1_552' title='bbox 681 4560 913 4623; x_wconf 90' lang='lat' dir='ltr'><strong>fuerint,</strong></span> <span class='ocrx_word' id='word_1_553' title='bbox 943 4559 1225 4613; x_wconf 90' lang='lat' dir='ltr'><strong>evidenter</strong></span> <span class='ocrx_word' id='word_1_554' title='bbox 1264 4559 1567 4627; x_wconf 80' lang='lat' dir='ltr'><strong>expediam.</strong></span> <span class='ocrx_word' id='word_1_555' title='bbox 1607 4558 1834 4628; x_wconf 87' lang='lat' dir='ltr'><strong>Dignum</strong></span> <span class='ocrx_word' id='word_1_556' title='bbox 1875 4559 1977 4612; x_wconf 88' lang='lat' dir='ltr'><strong>sci-</strong></span> 
     </span>
    </p>
   </div>
   <div class='ocr_carea' id='block_1_79' title="bbox 379 4651 1980 4719">
    <p class='ocr_par' dir='ltr' id='par_1_79' title="bbox 379 4651 1980 4719">
     <span class='ocr_line' id='line_1_79' title="bbox 379 4651 1980 4719; baseline -0.008 -5"><span class='ocrx_word' id='word_1_557' title='bbox 379 4659 517 4716; x_wconf 89' lang='lat' dir='ltr'><strong>licet</strong></span> <span class='ocrx_word' id='word_1_558' title='bbox 546 4655 785 4710; x_wconf 89' lang='lat' dir='ltr'><strong>arbitror</strong></span> <span class='ocrx_word' id='word_1_559' title='bbox 815 4651 1019 4706; x_wconf 84' lang='lat' dir='ltr'><strong>fontem</strong></span> <span class='ocrx_word' id='word_1_560' title='bbox 1058 4652 1209 4718; x_wconf 88' lang='lat' dir='ltr'><strong>prius</strong></span> <span class='ocrx_word' id='word_1_561' title='bbox 1250 4651 1530 4719; x_wconf 87' lang='lat' dir='ltr'><strong>aspicere,</strong></span> <span class='ocrx_word' id='word_1_562' title='bbox 1567 4657 1626 4703; x_wconf 90' lang='lat' dir='ltr'><strong>ut</strong></span> <span class='ocrx_word' id='word_1_563' title='bbox 1663 4657 1784 4718; x_wconf 89' lang='lat' dir='ltr'><strong>post</strong></span> <span class='ocrx_word' id='word_1_564' title='bbox 1822 4663 1980 4704; x_wconf 87' lang='lat' dir='ltr'><strong>secu-</strong></span> 
     </span>
    </p>
   </div>
   <div class='ocr_carea' id='block_1_80' title="bbox 380 4744 1223 4808">
    <p class='ocr_par' dir='ltr' id='par_1_80' title="bbox 380 4744 1223 4808">
     <span class='ocr_line' id='line_1_80' title="bbox 380 4744 1223 4808; baseline -0.013 -2"><span class='ocrx_word' id='word_1_565' title='bbox 380 4753 506 4808; x_wconf 90' lang='lat' dir='ltr'><strong>rius</strong></span> <span class='ocrx_word' id='word_1_566' title='bbox 545 4748 756 4802; x_wconf 85' lang='lat' dir='ltr'><strong>valeam</strong></span> <span class='ocrx_word' id='word_1_567' title='bbox 795 4746 943 4799; x_wconf 86' lang='lat' dir='ltr'><strong>rivos</strong></span> <span class='ocrx_word' id='word_1_568' title='bbox 982 4744 1223 4798; x_wconf 89' lang='lat' dir='ltr'><strong>haurire.</strong></span> 
     </span>
    </p>
   </div>
   <div class='ocr_carea' id='block_1_81' title="bbox 459 4835 1978 4908">
    <p class='ocr_par' dir='ltr' id='par_1_81' title="bbox 459 4835 1978 4908">
     <span class='ocr_line' id='line_1_81' title="bbox 459 4835 1978 4908; baseline -0.004 -13"><span class='ocrx_word' id='word_1_569' title='bbox 459 4837 638 4908; x_wconf 83' lang='lat' dir='ltr'><strong>Hujus</strong></span> <span class='ocrx_word' id='word_1_570' title='bbox 679 4838 862 4905; x_wconf 91' lang='lat' dir='ltr'><strong>itaque</strong></span> <span class='ocrx_word' id='word_1_571' title='bbox 901 4835 1024 4889; x_wconf 72' lang='lat' dir='ltr'><strong>vita:</strong></span> <span class='ocrx_word' id='word_1_572' title='bbox 1065 4850 1349 4898; x_wconf 90' lang='lat' dir='ltr'><strong>normam,</strong></span> <span class='ocrx_word' id='word_1_573' title='bbox 1392 4843 1453 4888; x_wconf 91' lang='lat' dir='ltr'><strong>ut</strong></span> <span class='ocrx_word' id='word_1_574' title='bbox 1508 4836 1786 4888; x_wconf 88' lang='lat' dir='ltr'><strong>anteriora</strong></span> <span class='ocrx_word' id='word_1_575' title='bbox 1840 4851 1978 4908; x_wconf 67' lang='lat' dir='ltr'><strong>prte-</strong></span> 
     </span>
    </p>
   </div>
   <div class='ocr_carea' id='block_1_82' title="bbox 381 4925 1979 4996">
    <p class='ocr_par' dir='ltr' id='par_1_82' title="bbox 381 4925 1979 4996">
     <span class='ocr_line' id='line_1_82' title="bbox 381 4925 1979 4996; baseline -0.006 -7"><span class='ocrx_word' id='word_1_576' title='bbox 381 4947 599 4992; x_wconf 84' lang='lat' dir='ltr'><strong>teream</strong></span> <span class='ocrx_word' id='word_1_577' title='bbox 622 4971 636 4996; x_wconf 90' lang='lat'><strong>,</strong></span> <span class='ocrx_word' id='word_1_578' title='bbox 671 4930 724 4982; x_wconf 90' lang='lat' dir='ltr'><strong>in</strong></span> <span class='ocrx_word' id='word_1_579' title='bbox 758 4927 938 4980; x_wconf 85' lang='lat' dir='ltr'><strong>Veteri</strong></span> <span class='ocrx_word' id='word_1_580' title='bbox 980 4927 1302 4981; x_wconf 88' lang='lat' dir='ltr'><strong>Tetamento</strong></span> <span class='ocrx_word' id='word_1_581' title='bbox 1340 4926 1486 4980; x_wconf 87' lang='lat' dir='ltr'><strong>Elias</strong></span> <span class='ocrx_word' id='word_1_582' title='bbox 1523 4927 1727 4996; x_wconf 70' lang='lat' dir='ltr'><strong>erepit;</strong></span> <span class='ocrx_word' id='word_1_583' title='bbox 1772 4925 1979 4980; x_wconf 83' lang='lat' dir='ltr'><strong>Elisens</strong></span> 
     </span>
    </p>
   </div>
   <div class='ocr_carea' id='block_1_83' title="bbox 378 5014 1976 5086">
    <p class='ocr_par' dir='ltr' id='par_1_83' title="bbox 378 5014 1976 5086">
     <span class='ocr_line' id='line_1_83' title="bbox 378 5014 1976 5086; baseline -0.006 -6"><span class='ocrx_word' id='word_1_584' title='bbox 378 5041 521 5080; x_wconf 82' lang='lat' dir='ltr'><strong>vero</strong></span> <span class='ocrx_word' id='word_1_585' title='bbox 553 5029 714 5076; x_wconf 89' lang='lat' dir='ltr'><strong>aucto</strong></span> <span class='ocrx_word' id='word_1_586' title='bbox 742 5017 1128 5085; x_wconf 89' lang='lat' dir='ltr'><strong>discipulorum</strong></span> <span class='ocrx_word' id='word_1_587' title='bbox 1166 5017 1390 5086; x_wconf 82' lang='lat' dir='ltr'><strong>collegio</strong></span> <span class='ocrx_word' id='word_1_588' title='bbox 1429 5017 1693 5072; x_wconf 88' lang='lat' dir='ltr'><strong>dilatavit.</strong></span> <span class='ocrx_word' id='word_1_589' title='bbox 1730 5015 1787 5070; x_wconf 85' lang='lat' dir='ltr'><strong>In</strong></span> <span class='ocrx_word' id='word_1_590' title='bbox 1826 5014 1976 5070; x_wconf 86' lang='lat' dir='ltr'><strong>Novo</strong></span> 
     </span>
    </p>
   </div>
   <div class='ocr_carea' id='block_1_84' title="bbox 378 5107 1979 5171">
    <p class='ocr_par' dir='ltr' id='par_1_84' title="bbox 378 5107 1979 5171">
     <span class='ocr_line' id='line_1_84' title="bbox 378 5107 1979 5171; baseline -0.006 0"><span class='ocrx_word' id='word_1_591' title='bbox 378 5125 572 5171; x_wconf 88' lang='lat' dir='ltr'><strong>autem</strong></span> <span class='ocrx_word' id='word_1_592' title='bbox 629 5110 827 5166; x_wconf 89' lang='lat' dir='ltr'><strong>Paulus</strong></span> <span class='ocrx_word' id='word_1_593' title='bbox 883 5120 939 5162; x_wconf 89' lang='lat' dir='ltr'><strong>et</strong></span> <span class='ocrx_word' id='word_1_594' title='bbox 991 5109 1260 5162; x_wconf 83' lang='lat' dir='ltr'><strong>Antonius</strong></span> <span class='ocrx_word' id='word_1_595' title='bbox 1322 5124 1427 5162; x_wconf 87' lang='lat' dir='ltr'><strong>non</strong></span> <span class='ocrx_word' id='word_1_596' title='bbox 1483 5109 1729 5162; x_wconf 89' lang='lat' dir='ltr'><strong>dissimili</strong></span> <span class='ocrx_word' id='word_1_597' title='bbox 1789 5107 1855 5161; x_wconf 91' lang='lat' dir='ltr'><strong>ab</strong></span> <span class='ocrx_word' id='word_1_598' title='bbox 1893 5107 1979 5162; x_wconf 90' lang='lat' dir='ltr'><strong>bis</strong></span> 
     </span>
    </p>
   </div>
   <div class='ocr_carea' id='block_1_85' title="bbox 378 5199 1976 5272">
    <p class='ocr_par' dir='ltr' id='par_1_85' title="bbox 378 5199 1976 5272">
     <span class='ocr_line' id='line_1_85' title="bbox 378 5199 1976 5272; baseline -0.008 -8"><span class='ocrx_word' id='word_1_599' title='bbox 378 5207 627 5264; x_wconf 88' lang='lat' dir='ltr'><strong>invicem</strong></span> <span class='ocrx_word' id='word_1_600' title='bbox 667 5201 1016 5272; x_wconf 82' lang='lat' dir='ltr'><strong>proportione</strong></span> <span class='ocrx_word' id='word_1_601' title='bbox 1055 5201 1370 5255; x_wconf 89' lang='lat' dir='ltr'><strong>creduntur.</strong></span> <span class='ocrx_word' id='word_1_602' title='bbox 1417 5201 1552 5254; x_wconf 91' lang='lat' dir='ltr'><strong>Dum</strong></span> <span class='ocrx_word' id='word_1_603' title='bbox 1585 5207 1801 5254; x_wconf 89' lang='lat' dir='ltr'><strong>constet</strong></span> <span class='ocrx_word' id='word_1_604' title='bbox 1821 5199 1976 5268; x_wconf 82' lang='lat' dir='ltr'><strong>juxta</strong></span> 
     </span>
    </p>
   </div>
   <div class='ocr_carea' id='block_1_86' title="bbox 379 5289 1976 5365">
    <p class='ocr_par' dir='ltr' id='par_1_86' title="bbox 379 5289 1976 5365">
     <span class='ocr_line' id='line_1_86' title="bbox 379 5289 1976 5365; baseline -0.008 -11"><span class='ocrx_word' id='word_1_605' title='bbox 379 5300 552 5354; x_wconf 85' lang='lat' dir='ltr'><strong>fidem</strong></span> <span class='ocrx_word' id='word_1_606' title='bbox 587 5301 861 5365; x_wconf 85' lang='lat' dir='ltr'><strong>gestorum</strong></span> <span class='ocrx_word' id='word_1_607' title='bbox 899 5293 1042 5361; x_wconf 83' lang='lat' dir='ltr'><strong>quod</strong></span> <span class='ocrx_word' id='word_1_608' title='bbox 1083 5302 1137 5345; x_wconf 92' lang='lat' dir='ltr'><strong>ct</strong></span> <span class='ocrx_word' id='word_1_609' title='bbox 1169 5290 1368 5344; x_wconf 86' lang='lat' dir='ltr'><strong>Paulus</strong></span> <span class='ocrx_word' id='word_1_610' title='bbox 1419 5291 1470 5343; x_wconf 89' lang='lat' dir='ltr'><strong>in</strong></span> <span class='ocrx_word' id='word_1_611' title='bbox 1514 5305 1699 5345; x_wconf 86' lang='lat' dir='ltr'><strong>eremo</strong></span> <span class='ocrx_word' id='word_1_612' title='bbox 1743 5289 1976 5360; x_wconf 81' lang='lat' dir='ltr'><strong>singula-</strong></span> 
     </span>
    </p>
   </div>
   <div class='ocr_carea' id='block_1_87' title="bbox 378 5383 1975 5453">
    <p class='ocr_par' dir='ltr' id='par_1_87' title="bbox 378 5383 1975 5453">
     <span class='ocr_line' id='line_1_87' title="bbox 378 5383 1975 5453; baseline -0.004 -9"><span class='ocrx_word' id='word_1_613' title='bbox 378 5391 525 5444; x_wconf 81' lang='lat' dir='ltr'><strong>riter</strong></span> <span class='ocrx_word' id='word_1_614' title='bbox 563 5386 738 5446; x_wconf 78' lang='lat' dir='ltr'><strong>vixit,</strong></span> <span class='ocrx_word' id='word_1_615' title='bbox 778 5392 834 5438; x_wconf 89' lang='lat' dir='ltr'><strong>et</strong></span> <span class='ocrx_word' id='word_1_616' title='bbox 875 5385 1056 5453; x_wconf 89' lang='lat' dir='ltr'><strong>plures</strong></span> <span class='ocrx_word' id='word_1_617' title='bbox 1104 5384 1373 5438; x_wconf 85' lang='lat' dir='ltr'><strong>Antonius</strong></span> <span class='ocrx_word' id='word_1_618' title='bbox 1413 5383 1466 5436; x_wconf 93' lang='lat' dir='ltr'><strong>in</strong></span> <span class='ocrx_word' id='word_1_619' title='bbox 1507 5383 1607 5437; x_wconf 91' lang='lat' dir='ltr'><strong>bac</strong></span> <span class='ocrx_word' id='word_1_620' title='bbox 1642 5383 1975 5452; x_wconf 89' lang='lat' dir='ltr'><strong>professione</strong></span> 
     </span>
    </p>
   </div>
   <div class='ocr_carea' id='block_1_88' title="bbox 377 5474 1974 5545">
    <p class='ocr_par' dir='ltr' id='par_1_88' title="bbox 377 5474 1974 5545">
     <span class='ocr_line' id='line_1_88' title="bbox 377 5474 1974 5545; baseline -0.005 -11"><span class='ocrx_word' id='word_1_621' title='bbox 377 5476 686 5545; x_wconf 85' lang='lat' dir='ltr'><strong>discipulos</strong></span> <span class='ocrx_word' id='word_1_622' title='bbox 738 5474 1012 5527; x_wconf 87' lang='lat' dir='ltr'><strong>enutrivit.</strong></span> <span class='ocrx_word' id='word_1_623' title='bbox 1063 5474 1383 5543; x_wconf 87' lang='lat' dir='ltr'><strong>Quanquam</strong></span> <span class='ocrx_word' id='word_1_624' title='bbox 1432 5481 1482 5527; x_wconf 88' lang='lat' dir='ltr'><strong>ct</strong></span> <span class='ocrx_word' id='word_1_625' title='bbox 1528 5475 1630 5528; x_wconf 88' lang='lat' dir='ltr'><strong>hoc</strong></span> <span class='ocrx_word' id='word_1_626' title='bbox 1674 5483 1822 5529; x_wconf 91' lang='lat' dir='ltr'><strong>certe</strong></span> <span class='ocrx_word' id='word_1_627' title='bbox 1868 5489 1974 5527; x_wconf 91' lang='lat' dir='ltr'><strong>non</strong></span> 
     </span>
    </p>
   </div>
   <div class='ocr_carea' id='block_1_89' title="bbox 378 5563 1976 5636">
    <p class='ocr_par' dir='ltr' id='par_1_89' title="bbox 378 5563 1976 5636">
     <span class='ocr_line' id='line_1_89' title="bbox 378 5563 1976 5636; baseline -0.003 -13"><span class='ocrx_word' id='word_1_628' title='bbox 378 5570 591 5630; x_wconf 86' lang='lat' dir='ltr'><strong>lateat,</strong></span> <span class='ocrx_word' id='word_1_629' title='bbox 634 5564 780 5634; x_wconf 89' lang='lat' dir='ltr'><strong>quod</strong></span> <span class='ocrx_word' id='word_1_630' title='bbox 817 5573 872 5617; x_wconf 86' lang='lat' dir='ltr'><strong>et</strong></span> <span class='ocrx_word' id='word_1_631' title='bbox 909 5563 1121 5634; x_wconf 79' lang='lat' dir='ltr'><strong>Moyses</strong></span> <span class='ocrx_word' id='word_1_632' title='bbox 1160 5566 1260 5620; x_wconf 91' lang='lat' dir='ltr'><strong>sub</strong></span> <span class='ocrx_word' id='word_1_633' title='bbox 1300 5567 1417 5636; x_wconf 91' lang='lat' dir='ltr'><strong>ipso</strong></span> <span class='ocrx_word' id='word_1_634' title='bbox 1457 5575 1583 5619; x_wconf 89' lang='lat' dir='ltr'><strong>tunc</strong></span> <span class='ocrx_word' id='word_1_635' title='bbox 1619 5566 1976 5636; x_wconf 73' lang='lat' dir='ltr'><strong>promulgatur.</strong></span> 
     </span>
    </p>
   </div>
   <div class='ocr_carea' id='block_1_90' title="bbox 381 5653 1972 5729">
    <p class='ocr_par' dir='ltr' id='par_1_90' title="bbox 381 5653 1972 5729">
     <span class='ocr_line' id='line_1_90' title="bbox 381 5653 1972 5729; baseline -0.003 -15"><span class='ocrx_word' id='word_1_636' title='bbox 381 5659 522 5729; x_wconf 78' lang='lat' dir='ltr'><strong>legis</strong></span> <span class='ocrx_word' id='word_1_637' title='bbox 554 5655 713 5711; x_wconf 84' lang='lat' dir='ltr'><strong>initio</strong></span> <span class='ocrx_word' id='word_1_638' title='bbox 744 5653 1104 5724; x_wconf 71' lang='lat' dir='ltr'><strong>quadraginta</strong></span> <span class='ocrx_word' id='word_1_639' title='bbox 1137 5657 1295 5710; x_wconf 85' lang='lat' dir='ltr'><strong>annis</strong></span> <span class='ocrx_word' id='word_1_640' title='bbox 1327 5655 1582 5724; x_wconf 87' lang='lat' dir='ltr'><strong>populum</strong></span> <span class='ocrx_word' id='word_1_641' title='bbox 1621 5672 1719 5726; x_wconf 87' lang='lat' dir='ltr'><strong>per</strong></span> <span class='ocrx_word' id='word_1_642' title='bbox 1758 5656 1972 5712; x_wconf 84' lang='lat' dir='ltr'><strong>deserta</strong></span> 
     </span>
    </p>
   </div>
   <div class='ocr_carea' id='block_1_91' title="bbox 385 5729 1976 5818">
    <p class='ocr_par' dir='ltr' id='par_1_91' title="bbox 385 5729 1976 5818">
     <span class='ocr_line' id='line_1_91' title="bbox 385 5729 1976 5818; baseline -0.001 -14"><span class='ocrx_word' id='word_1_643' title='bbox 385 5745 699 5804; x_wconf 76' lang='lat' dir='ltr'><strong>ductavcrit</strong></span> <span class='ocrx_word' id='word_1_644' title='bbox 740 5729 961 5812; x_wconf 73' lang='lat' dir='ltr'><strong>(Exod.</strong></span> <span class='ocrx_word' id='word_1_645' title='bbox 1007 5761 1134 5800; x_wconf 75' lang='lat' dir='ltr'><strong>xxw</strong></span> <span class='ocrx_word' id='word_1_646' title='bbox 1161 5751 1222 5817; x_wconf 83' lang='lat'><strong>);</strong></span> <span class='ocrx_word' id='word_1_647' title='bbox 1266 5746 1594 5815; x_wconf 89' lang='lat' dir='ltr'><strong>totidemque</strong></span> <span class='ocrx_word' id='word_1_648' title='bbox 1629 5746 1820 5803; x_wconf 88' lang='lat' dir='ltr'><strong>diebus</strong></span> <span class='ocrx_word' id='word_1_649' title='bbox 1859 5748 1976 5818; x_wconf 78' lang='lat' dir='ltr'><strong>ipse</strong></span> 
     </span>
    </p>
   </div>
   <div class='ocr_carea' id='block_1_92' title="bbox 2074 3296 3668 3368">
    <p class='ocr_par' dir='ltr' id='par_1_92' title="bbox 2074 3296 3668 3368">
     <span class='ocr_line' id='line_1_92' title="bbox 2074 3296 3668 3368; baseline 0.001 -18"><span class='ocrx_word' id='word_1_650' title='bbox 2074 3296 2337 3358; x_wconf 79' lang='lat' dir='ltr'><strong>Judzeam,</strong></span> <span class='ocrx_word' id='word_1_651' title='bbox 2399 3298 2560 3351; x_wconf 88' lang='lat' dir='ltr'><strong>nrbes</strong></span> <span class='ocrx_word' id='word_1_652' title='bbox 2608 3306 2734 3351; x_wconf 84' lang='lat' dir='ltr'><strong>sunt</strong></span> <span class='ocrx_word' id='word_1_653' title='bbox 2787 3298 3012 3352; x_wconf 89' lang='lat' dir='ltr'><strong>introire</strong></span> <span class='ocrx_word' id='word_1_654' title='bbox 3049 3298 3331 3368; x_wconf 90' lang='lat' dir='ltr'><strong>compulsi.</strong></span> <span class='ocrx_word' id='word_1_655' title='bbox 3373 3298 3484 3353; x_wconf 81' lang='lat' dir='ltr'><strong>Hac</strong></span> <span class='ocrx_word' id='word_1_656' title='bbox 3518 3299 3668 3352; x_wconf 88' lang='lat' dir='ltr'><strong>vide-</strong></span> 
     </span>
    </p>
   </div>
   <div class='ocr_carea' id='block_1_93' title="bbox 2077 3386 3666 3456">
    <p class='ocr_par' dir='ltr' id='par_1_93' title="bbox 2077 3386 3666 3456">
     <span class='ocr_line' id='line_1_93' title="bbox 2077 3386 3666 3456; baseline 0.002 -18"><span class='ocrx_word' id='word_1_657' title='bbox 2077 3386 2198 3440; x_wconf 92' lang='lat' dir='ltr'><strong>licet</strong></span> <span class='ocrx_word' id='word_1_658' title='bbox 2227 3386 2458 3448; x_wconf 89' lang='lat' dir='ltr'><strong>ratione,</strong></span> <span class='ocrx_word' id='word_1_659' title='bbox 2486 3386 2852 3456; x_wconf 14' lang='lat' dir='ltr'><strong>quodaoppida</strong></span> <span class='ocrx_word' id='word_1_660' title='bbox 2877 3403 3124 3442; x_wconf 81' lang='lat' dir='ltr'><strong>carceres</strong></span> <span class='ocrx_word' id='word_1_661' title='bbox 3152 3389 3434 3451; x_wconf 80' lang='lat' dir='ltr'><strong>ducerent,</strong></span> <span class='ocrx_word' id='word_1_662' title='bbox 3459 3398 3514 3442; x_wconf 92' lang='lat' dir='ltr'><strong>et</strong></span> <span class='ocrx_word' id='word_1_663' title='bbox 3546 3388 3666 3443; x_wconf 86' lang='lat' dir='ltr'><strong>dul-</strong></span> 
     </span>
    </p>
   </div>
   <div class='ocr_carea' id='block_1_94' title="bbox 2077 3477 3671 3546">
    <p class='ocr_par' dir='ltr' id='par_1_94' title="bbox 2077 3477 3671 3546">
     <span class='ocr_line' id='line_1_94' title="bbox 2077 3477 3671 3546; baseline 0.001 -15"><span class='ocrx_word' id='word_1_664' title='bbox 2077 3479 2156 3531; x_wconf 87' lang='lat' dir='ltr'><strong>cis</strong></span> <span class='ocrx_word' id='word_1_665' title='bbox 2183 3477 2478 3532; x_wconf 86' lang='lat' dir='ltr'><strong>habitaculi</strong></span> <span class='ocrx_word' id='word_1_666' title='bbox 2510 3477 2751 3546; x_wconf 90' lang='lat' dir='ltr'><strong>requiem</strong></span> <span class='ocrx_word' id='word_1_667' title='bbox 2804 3478 3003 3533; x_wconf 83' lang='lat' dir='ltr'><strong>deserti</strong></span> <span class='ocrx_word' id='word_1_668' title='bbox 3038 3478 3383 3535; x_wconf 89' lang='lat' dir='ltr'><strong>solitudinem</strong></span> <span class='ocrx_word' id='word_1_669' title='bbox 3426 3479 3671 3533; x_wconf 69' lang='lat' dir='ltr'><strong>mstima-</strong></span> 
     </span>
    </p>
   </div>
   <div class='ocr_carea' id='block_1_95' title="bbox 2080 3568 3671 3641">
    <p class='ocr_par' dir='ltr' id='par_1_95' title="bbox 2080 3568 3671 3641">
     <span class='ocr_line' id='line_1_95' title="bbox 2080 3568 3671 3641; baseline 0.003 -20"><span class='ocrx_word' id='word_1_670' title='bbox 2080 3577 2217 3622; x_wconf 90' lang='lat' dir='ltr'><strong>rent.</strong></span> <span class='ocrx_word' id='word_1_671' title='bbox 2251 3568 2358 3623; x_wconf 88' lang='lat' dir='ltr'><strong>Sed</strong></span> <span class='ocrx_word' id='word_1_672' title='bbox 2390 3584 2491 3623; x_wconf 91' lang='lat' dir='ltr'><strong>nos</strong></span> <span class='ocrx_word' id='word_1_673' title='bbox 2527 3569 2730 3624; x_wconf 88' lang='lat' dir='ltr'><strong>sanctis</strong></span> <span class='ocrx_word' id='word_1_674' title='bbox 2760 3571 3127 3637; x_wconf 88' lang='lat' dir='ltr'><strong>anachoretis,</strong></span> <span class='ocrx_word' id='word_1_675' title='bbox 3169 3573 3260 3641; x_wconf 88' lang='lat' dir='ltr'><strong>qui</strong></span> <span class='ocrx_word' id='word_1_676' title='bbox 3292 3571 3394 3625; x_wconf 85' lang='lat' dir='ltr'><strong>hoc</strong></span> <span class='ocrx_word' id='word_1_677' title='bbox 3425 3581 3671 3640; x_wconf 89' lang='lat' dir='ltr'><strong>tempore</strong></span> 
     </span>
    </p>
   </div>
   <div class='ocr_carea' id='block_1_96' title="bbox 2079 3659 3672 3732">
    <p class='ocr_par' dir='ltr' id='par_1_96' title="bbox 2079 3659 3672 3732">
     <span class='ocr_line' id='line_1_96' title="bbox 2079 3659 3672 3732; baseline 0.002 -20"><span class='ocrx_word' id='word_1_678' title='bbox 2079 3669 2174 3713; x_wconf 90' lang='lat' dir='ltr'><strong>aut</strong></span> <span class='ocrx_word' id='word_1_679' title='bbox 2206 3661 2312 3714; x_wconf 91' lang='lat' dir='ltr'><strong>rari</strong></span> <span class='ocrx_word' id='word_1_680' title='bbox 2341 3669 2492 3723; x_wconf 88' lang='lat' dir='ltr'><strong>sunt,</strong></span> <span class='ocrx_word' id='word_1_681' title='bbox 2523 3669 2616 3732; x_wconf 86' lang='lat' dir='ltr'><strong>aut</strong></span> <span class='ocrx_word' id='word_1_682' title='bbox 2657 3659 2814 3726; x_wconf 90' lang='lat' dir='ltr'><strong>nulli,</strong></span> <span class='ocrx_word' id='word_1_683' title='bbox 2857 3661 3027 3714; x_wconf 90' lang='lat' dir='ltr'><strong>solam</strong></span> <span class='ocrx_word' id='word_1_684' title='bbox 3062 3663 3418 3716; x_wconf 87' lang='lat' dir='ltr'><strong>reverentiam</strong></span> <span class='ocrx_word' id='word_1_685' title='bbox 3448 3660 3672 3715; x_wconf 79' lang='lat' dir='ltr'><strong>exhibe-</strong></span> 
     </span>
    </p>
   </div>
   <div class='ocr_carea' id='block_1_97' title="bbox 2079 3751 3676 3823">
    <p class='ocr_par' dir='ltr' id='par_1_97' title="bbox 2079 3751 3676 3823">
     <span class='ocr_line' id='line_1_97' title="bbox 2079 3751 3676 3823; baseline 0 -17"><span class='ocrx_word' id='word_1_686' title='bbox 2079 3768 2224 3816; x_wconf 89' lang='lat' dir='ltr'><strong>mus,</strong></span> <span class='ocrx_word' id='word_1_687' title='bbox 2253 3754 2319 3806; x_wconf 92' lang='lat' dir='ltr'><strong>ad</strong></span> <span class='ocrx_word' id='word_1_688' title='bbox 2343 3751 2600 3805; x_wconf 86' lang='lat' dir='ltr'><strong>eremitas</strong></span> <span class='ocrx_word' id='word_1_689' title='bbox 2629 3759 2812 3805; x_wconf 88' lang='lat' dir='ltr'><strong>autem</strong></span> <span class='ocrx_word' id='word_1_690' title='bbox 2838 3766 3054 3807; x_wconf 90' lang='lat' dir='ltr'><strong>omnem</strong></span> <span class='ocrx_word' id='word_1_691' title='bbox 3096 3751 3255 3823; x_wconf 83' lang='lat' dir='ltr'><strong>hujus</strong></span> <span class='ocrx_word' id='word_1_692' title='bbox 3290 3751 3676 3820; x_wconf 83' lang='lat' dir='ltr'><strong>disputationis</strong></span> 
     </span>
    </p>
   </div>
   <div class='ocr_carea' id='block_1_98' title="bbox 2079 3840 2678 3894">
    <p class='ocr_par' dir='ltr' id='par_1_98' title="bbox 2079 3840 2678 3894">
     <span class='ocr_line' id='line_1_98' title="bbox 2079 3840 2678 3894; baseline 0.002 -2"><span class='ocrx_word' id='word_1_693' title='bbox 2079 3840 2366 3894; x_wconf 90' lang='lat' dir='ltr'><strong>articulum</strong></span> <span class='ocrx_word' id='word_1_694' title='bbox 2400 3840 2678 3894; x_wconf 86' lang='lat' dir='ltr'><strong>vertimus.</strong></span> 
     </span>
    </p>
   </div>
   <div class='ocr_carea' id='block_1_99' title="bbox 2687 3929 3063 3986">
    <p class='ocr_par' dir='ltr' id='par_1_99' title="bbox 2687 3929 3063 3986">
     <span class='ocr_line' id='line_1_99' title="bbox 2687 3929 3063 3986; baseline 0 0"><span class='ocrx_word' id='word_1_695' title='bbox 2687 3929 2916 3986; x_wconf 85' lang='lat' dir='ltr'><strong>CAPUT</strong></span> <span class='ocrx_word' id='word_1_696' title='bbox 2975 3932 3063 3986; x_wconf 80' lang='lat' dir='ltr'><strong>IV.</strong></span> 
     </span>
    </p>
   </div>
   <div class='ocr_carea' id='block_1_100' title="bbox 2083 4018 3676 4090">
    <p class='ocr_par' dir='ltr' id='par_1_100' title="bbox 2083 4018 3676 4090">
     <span class='ocr_line' id='line_1_100' title="bbox 2083 4018 3676 4090; baseline 0.003 -18"><span class='ocrx_word' id='word_1_697' title='bbox 2083 4018 2203 4083; x_wconf 85' lang='lat' dir='ltr'><strong>Qua</strong></span> <span class='ocrx_word' id='word_1_698' title='bbox 2231 4020 2506 4090; x_wconf 80' lang='lat' dir='ltr'><strong>diligentia</strong></span> <span class='ocrx_word' id='word_1_699' title='bbox 2550 4019 2894 4074; x_wconf 69' lang='lat' dir='ltr'><strong>resistendum</strong></span> <span class='ocrx_word' id='word_1_700' title='bbox 2935 4023 3113 4076; x_wconf 74' lang='lat' dir='ltr'><strong>carnis</strong></span> <span class='ocrx_word' id='word_1_701' title='bbox 3156 4039 3218 4075; x_wconf 84' lang='lat' dir='ltr'><strong>ac</strong></span> <span class='ocrx_word' id='word_1_702' title='bbox 3274 4022 3466 4075; x_wconf 85' lang='lat' dir='ltr'><strong>diaboli</strong></span> <span class='ocrx_word' id='word_1_703' title='bbox 3503 4033 3676 4079; x_wconf 76' lang='lat' dir='ltr'><strong>tenta-</strong></span> 
     </span>
    </p>
   </div>
   <div class='ocr_carea' id='block_1_101' title="bbox 2745 4091 2996 4146">
    <p class='ocr_par' dir='ltr' id='par_1_101' title="bbox 2745 4091 2996 4146">
     <span class='ocr_line' id='line_1_101' title="bbox 2745 4091 2996 4146; baseline 0.012 -3"><span class='ocrx_word' id='word_1_704' title='bbox 2745 4091 2996 4146; x_wconf 74' lang='lat' dir='ltr'><strong>tionibus.</strong></span> 
     </span>
    </p>
   </div>
   <div class='ocr_carea' id='block_1_102' title="bbox 2153 4198 3674 4269">
    <p class='ocr_par' dir='ltr' id='par_1_102' title="bbox 2153 4198 3674 4269">
     <span class='ocr_line' id='line_1_102' title="bbox 2153 4198 3674 4269; baseline 0.007 -19"><span class='ocrx_word' id='word_1_705' title='bbox 2153 4199 2411 4268; x_wconf 83' lang='lat' dir='ltr'><strong>Quisquis</strong></span> <span class='ocrx_word' id='word_1_706' title='bbox 2438 4199 2604 4269; x_wconf 82' lang='lat' dir='ltr'><strong>igitur</strong></span> <span class='ocrx_word' id='word_1_707' title='bbox 2635 4198 2884 4254; x_wconf 83' lang='lat' dir='ltr'><strong>cellulam</strong></span> <span class='ocrx_word' id='word_1_708' title='bbox 2915 4215 3037 4255; x_wconf 90' lang='lat' dir='ltr'><strong>cum</strong></span> <span class='ocrx_word' id='word_1_709' title='bbox 3070 4202 3288 4258; x_wconf 90' lang='lat' dir='ltr'><strong>diabolo</strong></span> <span class='ocrx_word' id='word_1_710' title='bbox 3315 4203 3674 4261; x_wconf 87' lang='lat' dir='ltr'><strong>dimicaturus</strong></span> 
     </span>
    </p>
   </div>
   <div class='ocr_carea' id='block_1_103' title="bbox 2082 4288 3672 4364">
    <p class='ocr_par' dir='ltr' id='par_1_103' title="bbox 2082 4288 3672 4364">
     <span class='ocr_line' id='line_1_103' title="bbox 2082 4288 3672 4364; baseline 0.005 -22"><span class='ocrx_word' id='word_1_711' title='bbox 2082 4288 2414 4358; x_wconf 82' lang='lat' dir='ltr'><strong>ingreditur,</strong></span> <span class='ocrx_word' id='word_1_712' title='bbox 2463 4298 2520 4344; x_wconf 91' lang='lat' dir='ltr'><strong>et</strong></span> <span class='ocrx_word' id='word_1_713' title='bbox 2565 4290 2618 4344; x_wconf 93' lang='lat' dir='ltr'><strong>in</strong></span> <span class='ocrx_word' id='word_1_714' title='bbox 2662 4303 2827 4346; x_wconf 82' lang='lat' dir='ltr'><strong>arena</strong></span> <span class='ocrx_word' id='word_1_715' title='bbox 2862 4292 3160 4361; x_wconf 85' lang='lat' dir='ltr'><strong>spiritualis</strong></span> <span class='ocrx_word' id='word_1_716' title='bbox 3193 4294 3358 4364; x_wconf 65' lang='lat' dir='ltr'><strong>praelii</strong></span> <span class='ocrx_word' id='word_1_717' title='bbox 3413 4293 3672 4352; x_wconf 85' lang='lat' dir='ltr'><strong>ferventis</strong></span> 
     </span>
    </p>
   </div>
   <div class='ocr_carea' id='block_1_104' title="bbox 2083 4378 3673 4448">
    <p class='ocr_par' dir='ltr' id='par_1_104' title="bbox 2083 4378 3673 4448">
     <span class='ocr_line' id='line_1_104' title="bbox 2083 4378 3673 4448; baseline 0.006 -18"><span class='ocrx_word' id='word_1_718' title='bbox 2083 4378 2424 4432; x_wconf 87' lang='lat' dir='ltr'><strong>animositate</strong></span> <span class='ocrx_word' id='word_1_719' title='bbox 2475 4380 2714 4448; x_wconf 90' lang='lat' dir='ltr'><strong>pectoris</strong></span> <span class='ocrx_word' id='word_1_720' title='bbox 2761 4380 3041 4447; x_wconf 90' lang='lat' dir='ltr'><strong>incitatur,</strong></span> <span class='ocrx_word' id='word_1_721' title='bbox 3098 4384 3166 4438; x_wconf 90' lang='lat' dir='ltr'><strong>ad</strong></span> <span class='ocrx_word' id='word_1_722' title='bbox 3209 4384 3312 4438; x_wconf 89' lang='lat' dir='ltr'><strong>hoc</strong></span> <span class='ocrx_word' id='word_1_723' title='bbox 3343 4393 3513 4439; x_wconf 91' lang='lat' dir='ltr'><strong>totam</strong></span> <span class='ocrx_word' id='word_1_724' title='bbox 3561 4400 3673 4440; x_wconf 80' lang='lat' dir='ltr'><strong>sua:</strong></span> 
     </span>
    </p>
   </div>
   <div class='ocr_carea' id='block_1_105' title="bbox 2086 4471 3668 4543">
    <p class='ocr_par' dir='ltr' id='par_1_105' title="bbox 2086 4471 3668 4543">
     <span class='ocr_line' id='line_1_105' title="bbox 2086 4471 3668 4543; baseline 0.003 -20"><span class='ocrx_word' id='word_1_725' title='bbox 2086 4472 2280 4524; x_wconf 89' lang='lat' dir='ltr'><strong>mentis</strong></span> <span class='ocrx_word' id='word_1_726' title='bbox 2304 4471 2656 4526; x_wconf 88' lang='lat' dir='ltr'><strong>intentionem</strong></span> <span class='ocrx_word' id='word_1_727' title='bbox 2686 4472 2902 4543; x_wconf 85' lang='lat' dir='ltr'><strong>dirigat,</strong></span> <span class='ocrx_word' id='word_1_728' title='bbox 2931 4483 2989 4526; x_wconf 94' lang='lat' dir='ltr'><strong>ut</strong></span> <span class='ocrx_word' id='word_1_729' title='bbox 3023 4474 3434 4540; x_wconf 82' lang='lat' dir='ltr'><strong>delectationem</strong></span> <span class='ocrx_word' id='word_1_730' title='bbox 3467 4475 3668 4543; x_wconf 86' lang='lat' dir='ltr'><strong>carnis,</strong></span> 
     </span>
    </p>
   </div>
   <div class='ocr_carea' id='block_1_106' title="bbox 2083 4561 3667 4633">
    <p class='ocr_par' dir='ltr' id='par_1_106' title="bbox 2083 4561 3667 4633">
     <span class='ocr_line' id='line_1_106' title="bbox 2083 4561 3667 4633; baseline 0.004 -19"><span class='ocrx_word' id='word_1_731' title='bbox 2083 4562 2167 4616; x_wconf 90' lang='lat' dir='ltr'><strong>vel</strong></span> <span class='ocrx_word' id='word_1_732' title='bbox 2219 4561 2284 4614; x_wconf 91' lang='lat' dir='ltr'><strong>ad</strong></span> <span class='ocrx_word' id='word_1_733' title='bbox 2320 4572 2650 4617; x_wconf 91' lang='lat' dir='ltr'><strong>momentum</strong></span> <span class='ocrx_word' id='word_1_734' title='bbox 2696 4563 2915 4633; x_wconf 87' lang='lat' dir='ltr'><strong>quidem</strong></span> <span class='ocrx_word' id='word_1_735' title='bbox 2954 4564 3066 4632; x_wconf 89' lang='lat' dir='ltr'><strong>jam</strong></span> <span class='ocrx_word' id='word_1_736' title='bbox 3105 4566 3244 4620; x_wconf 87' lang='lat' dir='ltr'><strong>ultra</strong></span> <span class='ocrx_word' id='word_1_737' title='bbox 3285 4581 3390 4621; x_wconf 91' lang='lat' dir='ltr'><strong>non</strong></span> <span class='ocrx_word' id='word_1_738' title='bbox 3440 4568 3667 4632; x_wconf 88' lang='lat' dir='ltr'><strong>sentiat;</strong></span> 
     </span>
    </p>
   </div>
   <div class='ocr_carea' id='block_1_107' title="bbox 2080 4653 3674 4719">
    <p class='ocr_par' dir='ltr' id='par_1_107' title="bbox 2080 4653 3674 4719">
     <span class='ocr_line' id='line_1_107' title="bbox 2080 4653 3674 4719; baseline 0.002 -11"><span class='ocrx_word' id='word_1_739' title='bbox 2080 4655 2175 4708; x_wconf 89' lang='lat' dir='ltr'><strong>sed</strong></span> <span class='ocrx_word' id='word_1_740' title='bbox 2207 4654 2448 4719; x_wconf 90' lang='lat' dir='ltr'><strong>sibimet,</strong></span> <span class='ocrx_word' id='word_1_741' title='bbox 2481 4653 2641 4708; x_wconf 88' lang='lat' dir='ltr'><strong>simul</strong></span> <span class='ocrx_word' id='word_1_742' title='bbox 2673 4664 2726 4709; x_wconf 90' lang='lat' dir='ltr'><strong>ct</strong></span> <span class='ocrx_word' id='word_1_743' title='bbox 2759 4658 2962 4710; x_wconf 89' lang='lat' dir='ltr'><strong>mundo</strong></span> <span class='ocrx_word' id='word_1_744' title='bbox 2994 4666 3242 4711; x_wconf 89' lang='lat' dir='ltr'><strong>mortuus</strong></span> <span class='ocrx_word' id='word_1_745' title='bbox 3277 4659 3441 4711; x_wconf 87' lang='lat' dir='ltr'><strong>vivat.</strong></span> <span class='ocrx_word' id='word_1_746' title='bbox 3470 4657 3552 4712; x_wconf 85' lang='lat' dir='ltr'><strong>Ad</strong></span> <span class='ocrx_word' id='word_1_747' title='bbox 3593 4665 3674 4712; x_wconf 89' lang='lat' dir='ltr'><strong>to—</strong></span> 
     </span>
    </p>
   </div>
   <div class='ocr_carea' id='block_1_108' title="bbox 2078 4744 3676 4818">
    <p class='ocr_par' dir='ltr' id='par_1_108' title="bbox 2078 4744 3676 4818">
     <span class='ocr_line' id='line_1_108' title="bbox 2078 4744 3676 4818; baseline 0.004 -21"><span class='ocrx_word' id='word_1_748' title='bbox 2078 4744 2328 4800; x_wconf 87' lang='lat' dir='ltr'><strong>lerandas</strong></span> <span class='ocrx_word' id='word_1_749' title='bbox 2354 4747 2534 4814; x_wconf 89' lang='lat' dir='ltr'><strong>itaque</strong></span> <span class='ocrx_word' id='word_1_750' title='bbox 2564 4746 2926 4811; x_wconf 89' lang='lat' dir='ltr'><strong>calamitates,</strong></span> <span class='ocrx_word' id='word_1_751' title='bbox 2960 4756 3121 4818; x_wconf 90' lang='lat' dir='ltr'><strong>atque</strong></span> <span class='ocrx_word' id='word_1_752' title='bbox 3155 4749 3405 4804; x_wconf 90' lang='lat' dir='ltr'><strong>miserias</strong></span> <span class='ocrx_word' id='word_1_753' title='bbox 3435 4751 3676 4804; x_wconf 89' lang='lat' dir='ltr'><strong>animum</strong></span> 
     </span>
    </p>
   </div>
   <div class='ocr_carea' id='block_1_109' title="bbox 2081 4839 3678 4909">
    <p class='ocr_par' dir='ltr' id='par_1_109' title="bbox 2081 4839 3678 4909">
     <span class='ocr_line' id='line_1_109' title="bbox 2081 4839 3678 4909; baseline 0.003 -19"><span class='ocrx_word' id='word_1_754' title='bbox 2081 4847 2368 4908; x_wconf 64' lang='lat' dir='ltr'><strong>praeparet,</strong></span> <span class='ocrx_word' id='word_1_755' title='bbox 2421 4839 2583 4893; x_wconf 86' lang='lat' dir='ltr'><strong>morti</strong></span> <span class='ocrx_word' id='word_1_756' title='bbox 2632 4853 2691 4893; x_wconf 90' lang='lat' dir='ltr'><strong>se</strong></span> <span class='ocrx_word' id='word_1_757' title='bbox 2735 4854 2834 4909; x_wconf 92' lang='lat' dir='ltr'><strong>pro</strong></span> <span class='ocrx_word' id='word_1_758' title='bbox 2863 4839 3080 4894; x_wconf 83' lang='lat' dir='ltr'><strong>Christo</strong></span> <span class='ocrx_word' id='word_1_759' title='bbox 3129 4840 3415 4904; x_wconf 88' lang='lat' dir='ltr'><strong>devoveat,</strong></span> <span class='ocrx_word' id='word_1_760' title='bbox 3443 4841 3678 4895; x_wconf 87' lang='lat' dir='ltr'><strong>diversis</strong></span> 
     </span>
    </p>
   </div>
   <div class='ocr_carea' id='block_1_110' title="bbox 2082 4928 3673 5001">
    <p class='ocr_par' dir='ltr' id='par_1_110' title="bbox 2082 4928 3673 5001">
     <span class='ocr_line' id='line_1_110' title="bbox 2082 4928 3673 5001; baseline 0.003 -21"><span class='ocrx_word' id='word_1_761' title='bbox 2082 4931 2339 4982; x_wconf 88' lang='lat' dir='ltr'><strong>virtutum</strong></span> <span class='ocrx_word' id='word_1_762' title='bbox 2376 4929 2494 4983; x_wconf 86' lang='lat' dir='ltr'><strong>telis</strong></span> <span class='ocrx_word' id='word_1_763' title='bbox 2521 4928 2734 4985; x_wconf 91' lang='lat' dir='ltr'><strong>lumbos</strong></span> <span class='ocrx_word' id='word_1_764' title='bbox 2761 4931 2958 4985; x_wconf 87' lang='lat' dir='ltr'><strong>mentis</strong></span> <span class='ocrx_word' id='word_1_765' title='bbox 3001 4932 3281 5001; x_wconf 85' lang='lat' dir='ltr'><strong>accingat;</strong></span> <span class='ocrx_word' id='word_1_766' title='bbox 3322 4931 3506 4985; x_wconf 89' lang='lat' dir='ltr'><strong>omnia</strong></span> <span class='ocrx_word' id='word_1_767' title='bbox 3538 4930 3673 4985; x_wconf 87' lang='lat' dir='ltr'><strong>sibi-</strong></span> 
     </span>
    </p>
   </div>
   <div class='ocr_carea' id='block_1_111' title="bbox 2087 5021 3674 5093">
    <p class='ocr_par' dir='ltr' id='par_1_111' title="bbox 2087 5021 3674 5093">
     <span class='ocr_line' id='line_1_111' title="bbox 2087 5021 3674 5093; baseline -0.001 -20"><span class='ocrx_word' id='word_1_768' title='bbox 2087 5029 2195 5075; x_wconf 91' lang='lat' dir='ltr'><strong>met</strong></span> <span class='ocrx_word' id='word_1_769' title='bbox 2223 5035 2434 5090; x_wconf 87' lang='lat' dir='ltr'><strong>aspera,</strong></span> <span class='ocrx_word' id='word_1_770' title='bbox 2469 5030 2525 5076; x_wconf 90' lang='lat' dir='ltr'><strong>et</strong></span> <span class='ocrx_word' id='word_1_771' title='bbox 2565 5021 2700 5075; x_wconf 91' lang='lat' dir='ltr'><strong>dura</strong></span> <span class='ocrx_word' id='word_1_772' title='bbox 2732 5032 3040 5093; x_wconf 65' lang='lat' dir='ltr'><strong>praeponat;</strong></span> <span class='ocrx_word' id='word_1_773' title='bbox 3079 5031 3139 5076; x_wconf 91' lang='lat' dir='ltr'><strong>ut</strong></span> <span class='ocrx_word' id='word_1_774' title='bbox 3181 5038 3306 5075; x_wconf 89' lang='lat' dir='ltr'><strong>cum</strong></span> <span class='ocrx_word' id='word_1_775' title='bbox 3353 5023 3674 5081; x_wconf 89' lang='lat' dir='ltr'><strong>acciderint,</strong></span> 
     </span>
    </p>
   </div>
   <div class='ocr_carea' id='block_1_112' title="bbox 2086 5109 3674 5178">
    <p class='ocr_par' dir='ltr' id='par_1_112' title="bbox 2086 5109 3674 5178">
     <span class='ocr_line' id='line_1_112' title="bbox 2086 5109 3674 5178; baseline 0.001 -17"><span class='ocrx_word' id='word_1_776' title='bbox 2086 5124 2192 5162; x_wconf 89' lang='lat' dir='ltr'><strong>non</strong></span> <span class='ocrx_word' id='word_1_777' title='bbox 2259 5110 2593 5178; x_wconf 87' lang='lat' dir='ltr'><strong>improvidus</strong></span> <span class='ocrx_word' id='word_1_778' title='bbox 2663 5111 2935 5164; x_wconf 87' lang='lat' dir='ltr'><strong>enerviter</strong></span> <span class='ocrx_word' id='word_1_779' title='bbox 2995 5111 3282 5175; x_wconf 87' lang='lat' dir='ltr'><strong>concidat,</strong></span> <span class='ocrx_word' id='word_1_780' title='bbox 3349 5111 3442 5166; x_wconf 89' lang='lat' dir='ltr'><strong>sed</strong></span> <span class='ocrx_word' id='word_1_781' title='bbox 3494 5109 3674 5164; x_wconf 87' lang='lat' dir='ltr'><strong>omnia</strong></span> 
     </span>
    </p>
   </div>
   <div class='ocr_carea' id='block_1_113' title="bbox 2085 5198 3676 5267">
    <p class='ocr_par' dir='ltr' id='par_1_113' title="bbox 2085 5198 3676 5267">
     <span class='ocr_line' id='line_1_113' title="bbox 2085 5198 3676 5267; baseline 0.002 -15"><span class='ocrx_word' id='word_1_782' title='bbox 2085 5200 2460 5267; x_wconf 69' lang='lat' dir='ltr'><strong>aequanimiter</strong></span> <span class='ocrx_word' id='word_1_783' title='bbox 2484 5198 2646 5253; x_wconf 90' lang='lat' dir='ltr'><strong>ferat.</strong></span> <span class='ocrx_word' id='word_1_784' title='bbox 2681 5199 2846 5254; x_wconf 90' lang='lat' dir='ltr'><strong>Plane</strong></span> <span class='ocrx_word' id='word_1_785' title='bbox 2886 5201 3027 5256; x_wconf 89' lang='lat' dir='ltr'><strong>sicut</strong></span> <span class='ocrx_word' id='word_1_786' title='bbox 3055 5199 3252 5255; x_wconf 85' lang='lat' dir='ltr'><strong>fluvius</strong></span> <span class='ocrx_word' id='word_1_787' title='bbox 3294 5216 3365 5255; x_wconf 56' lang='lat' dir='ltr'><strong>ex</strong></span> <span class='ocrx_word' id='word_1_788' title='bbox 3397 5201 3478 5254; x_wconf 90' lang='lat' dir='ltr'><strong>sui</strong></span> <span class='ocrx_word' id='word_1_789' title='bbox 3509 5198 3676 5255; x_wconf 85' lang='lat' dir='ltr'><strong>fontis</strong></span> 
     </span>
    </p>
   </div>
   <div class='ocr_carea' id='block_1_114' title="bbox 2086 5270 3678 5364">
    <p class='ocr_par' dir='ltr' id='par_1_114' title="bbox 2086 5270 3678 5364">
     <span class='ocr_line' id='line_1_114' title="bbox 2086 5270 3678 5364; baseline -0.001 -20"><span class='ocrx_word' id='word_1_790' title='bbox 2086 5290 2294 5359; x_wconf 83' lang='lat' dir='ltr'><strong>origine</strong></span> <span class='ocrx_word' id='word_1_791' title='bbox 2317 5291 2641 5361; x_wconf 76' lang='lat' dir='ltr'><strong>percxiguus</strong></span> <span class='ocrx_word' id='word_1_792' title='bbox 2666 5279 2862 5356; x_wconf 68' lang='lat' dir='ltr'><strong>uritur,</strong></span> <span class='ocrx_word' id='word_1_793' title='bbox 2893 5292 2986 5346; x_wconf 89' lang='lat' dir='ltr'><strong>sed</strong></span> <span class='ocrx_word' id='word_1_794' title='bbox 3013 5270 3270 5364; x_wconf 76' lang='lat' dir='ltr'><strong>processu</strong></span> <span class='ocrx_word' id='word_1_795' title='bbox 3300 5291 3561 5361; x_wconf 83' lang='lat' dir='ltr'><strong>longioris</strong></span> <span class='ocrx_word' id='word_1_796' title='bbox 3591 5290 3678 5344; x_wconf 66' lang='lat' dir='ltr'><strong>deo</strong></span> 
     </span>
    </p>
   </div>
   <div class='ocr_carea' id='block_1_115' title="bbox 2085 5380 3673 5444">
    <p class='ocr_par' dir='ltr' id='par_1_115' title="bbox 2085 5380 3673 5444">
     <span class='ocr_line' id='line_1_115' title="bbox 2085 5380 3673 5444; baseline 0 -10"><span class='ocrx_word' id='word_1_797' title='bbox 2085 5380 2250 5444; x_wconf 82' lang='lat' dir='ltr'><strong>clivii,</strong></span> <span class='ocrx_word' id='word_1_798' title='bbox 2287 5382 2418 5435; x_wconf 85' lang='lat' dir='ltr'><strong>rivis</strong></span> <span class='ocrx_word' id='word_1_799' title='bbox 2440 5382 2566 5436; x_wconf 89' lang='lat' dir='ltr'><strong>hinc</strong></span> <span class='ocrx_word' id='word_1_800' title='bbox 2595 5381 2718 5438; x_wconf 92' lang='lat' dir='ltr'><strong>inde</strong></span> <span class='ocrx_word' id='word_1_801' title='bbox 2745 5380 3138 5437; x_wconf 84' lang='lat' dir='ltr'><strong>confluentibus</strong></span> <span class='ocrx_word' id='word_1_802' title='bbox 3161 5381 3417 5436; x_wconf 89' lang='lat' dir='ltr'><strong>dilatatur</strong></span> <span class='ocrx_word' id='word_1_803' title='bbox 3443 5400 3454 5434; x_wconf 86' lang='lat'><strong>:</strong></span> <span class='ocrx_word' id='word_1_804' title='bbox 3486 5382 3566 5435; x_wconf 89' lang='lat' dir='ltr'><strong>sic</strong></span> <span class='ocrx_word' id='word_1_805' title='bbox 3589 5381 3673 5434; x_wconf 80' lang='lat' dir='ltr'><strong>in-</strong></span> 
     </span>
    </p>
   </div>
   <div class='ocr_carea' id='block_1_116' title="bbox 2085 5473 3675 5530">
    <p class='ocr_par' dir='ltr' id='par_1_116' title="bbox 2085 5473 3675 5530">
     <span class='ocr_line' id='line_1_116' title="bbox 2085 5473 3675 5530; baseline 0.003 -5"><span class='ocrx_word' id='word_1_806' title='bbox 2085 5473 2256 5525; x_wconf 88' lang='lat' dir='ltr'><strong>terior</strong></span> <span class='ocrx_word' id='word_1_807' title='bbox 2285 5482 2472 5527; x_wconf 89' lang='lat' dir='ltr'><strong>noster</strong></span> <span class='ocrx_word' id='word_1_808' title='bbox 2498 5474 2662 5528; x_wconf 87' lang='lat' dir='ltr'><strong>homo</strong></span> <span class='ocrx_word' id='word_1_809' title='bbox 2689 5476 2741 5530; x_wconf 91' lang='lat' dir='ltr'><strong>in</strong></span> <span class='ocrx_word' id='word_1_810' title='bbox 2770 5486 2970 5530; x_wconf 71' lang='lat' dir='ltr'><strong>sancta:</strong></span> <span class='ocrx_word' id='word_1_811' title='bbox 3011 5476 3440 5530; x_wconf 81' lang='lat' dir='ltr'><strong>conversationis</strong></span> <span class='ocrx_word' id='word_1_812' title='bbox 3482 5475 3675 5529; x_wconf 86' lang='lat' dir='ltr'><strong>itinere</strong></span> 
     </span>
    </p>
   </div>
   <div class='ocr_carea' id='block_1_117' title="bbox 2085 5565 3674 5638">
    <p class='ocr_par' dir='ltr' id='par_1_117' title="bbox 2085 5565 3674 5638">
     <span class='ocr_line' id='line_1_117' title="bbox 2085 5565 3674 5638; baseline 0.001 -20"><span class='ocrx_word' id='word_1_813' title='bbox 2085 5565 2284 5628; x_wconf 89' lang='lat' dir='ltr'><strong>tenuis,</strong></span> <span class='ocrx_word' id='word_1_814' title='bbox 2308 5573 2363 5619; x_wconf 91' lang='lat' dir='ltr'><strong>et</strong></span> <span class='ocrx_word' id='word_1_815' title='bbox 2390 5565 2537 5620; x_wconf 84' lang='lat' dir='ltr'><strong>velut</strong></span> <span class='ocrx_word' id='word_1_816' title='bbox 2560 5567 2744 5623; x_wconf 89' lang='lat' dir='ltr'><strong>aridus</strong></span> <span class='ocrx_word' id='word_1_817' title='bbox 2774 5569 2962 5638; x_wconf 88' lang='lat' dir='ltr'><strong>incipit</strong></span> <span class='ocrx_word' id='word_1_818' title='bbox 2987 5586 2999 5622; x_wconf 91' lang='lat'><strong>:</strong></span> <span class='ocrx_word' id='word_1_819' title='bbox 3026 5567 3284 5638; x_wconf 87' lang='lat' dir='ltr'><strong>paulatim</strong></span> <span class='ocrx_word' id='word_1_820' title='bbox 3313 5581 3440 5620; x_wconf 84' lang='lat' dir='ltr'><strong>vero</strong></span> <span class='ocrx_word' id='word_1_821' title='bbox 3469 5580 3564 5634; x_wconf 91' lang='lat' dir='ltr'><strong>per</strong></span> <span class='ocrx_word' id='word_1_822' title='bbox 3593 5567 3674 5620; x_wconf 82' lang='lat' dir='ltr'><strong>in-</strong></span> 
     </span>
    </p>
   </div>
   <div class='ocr_carea' id='block_1_118' title="bbox 2084 5660 3672 5730">
    <p class='ocr_par' dir='ltr' id='par_1_118' title="bbox 2084 5660 3672 5730">
     <span class='ocr_line' id='line_1_118' title="bbox 2084 5660 3672 5730; baseline 0 -18"><span class='ocrx_word' id='word_1_823' title='bbox 2084 5668 2362 5713; x_wconf 89' lang='lat' dir='ltr'><strong>crementa</strong></span> <span class='ocrx_word' id='word_1_824' title='bbox 2401 5661 2662 5714; x_wconf 88' lang='lat' dir='ltr'><strong>virtutum</strong></span> <span class='ocrx_word' id='word_1_825' title='bbox 2694 5660 2849 5730; x_wconf 89' lang='lat' dir='ltr'><strong>quasi</strong></span> <span class='ocrx_word' id='word_1_826' title='bbox 2892 5661 3022 5716; x_wconf 89' lang='lat' dir='ltr'><strong>rivis</strong></span> <span class='ocrx_word' id='word_1_827' title='bbox 3072 5661 3308 5728; x_wconf 88' lang='lat' dir='ltr'><strong>undique</strong></span> <span class='ocrx_word' id='word_1_828' title='bbox 3339 5671 3672 5713; x_wconf 82' lang='lat' dir='ltr'><strong>concurren-</strong></span> 
     </span>
    </p>
   </div>
   <div class='ocr_carea' id='block_1_119' title="bbox 2089 5751 2602 5809">
    <p class='ocr_par' dir='ltr' id='par_1_119' title="bbox 2089 5751 2602 5809">
     <span class='ocr_line' id='line_1_119' title="bbox 2089 5751 2602 5809; baseline -0.004 -3"><span class='ocrx_word' id='word_1_829' title='bbox 2089 5751 2228 5807; x_wconf 89' lang='lat' dir='ltr'><strong>tibus</strong></span> <span class='ocrx_word' id='word_1_830' title='bbox 2254 5751 2602 5809; x_wconf 86' lang='lat' dir='ltr'><strong>convalescit.</strong></span> 
     </span>
    </p>
   </div>
  </div>
