4276 6350
150 400 263 453 541

1014 399 1254 456 OPUSC.
1288 398 1403 455 XV.
1427 397 1596 452 -ΒΕ
1634 394 2021 452 lNSTlTUTlS
2060 396 2225 452 0RD.
2258 396 2534 453 EREMIT.

3324 399 3431 455 δη

148 512 255 581 qui
288 526 322 580 p
360 525 483 565 nem
504 525 625 565 cum
658 512 767 565 sale
810 520 864 565 et
905 525 1043 579 aqua
1069 510 1389 582 percipiunt.
1419 507 1519 563 Ubi
1550 516 1743 575 przeter
1773 514 1813 568 Α
1845 506 1989 562 tibus
2014 548 2028 571 ,
2066 507 2241 561 sancti
2272 507 2477 562 scilicet
2505 507 2756 572 Andreae,
2803 503 2861 558 Β.
2896 506 3207 571 Benedicti,
3241 514 3293 559 et
3324 506 3431 561 Do-

151 604 283 657 ltznc
321 599 463 654 al'ud
511 601 637 668 quid
670 601 903 666 additur,
934 603 989 656 in
1033 614 1212 654 eremo
1233 598 1493 668 jejunium
1522 611 1629 651 non
1654 612 1746 649 vo-

150 701 339 743 catur.
371 691 585 744 l?ual.us
621 700 799 743 auzem
845 690 950 743 illis
994 687 1418 757 quadragesimis
1444 685 1604 757 335
1630 700 1747 753 quae

149 778 247 829 vel
280 774 327 830 Ν
362 777 467 830 tale
494 775 734 840 Domini,
772 778 853 830 vel
896 787 1137 832 sanctum
1179 776 1386 829 Pascha
1416 775 1744 844 prmeedttnt,

154 869 409 925 nonnulli
461 869 655 923 fratres
702 868 788 923 hic
834 878 998 935 sunt,
1040 870 1129 937 qui
1162 877 1325 923 tutam
1356 868 1746 922 hebdomadam

148 960 453 1030 jejnnando
481 966 856 1012 transcurrunt
881 976 894 1019 ;
924 968 978 1012 ct
1006 958 1276 1028 quotidie,
1304 958 1545 1025 exceptis
1569 955 1749 1010 Domi-

158 1052 327 1116 nicis,
357 1052 410 1104 in
442 1064 579 1120 pane
605 1060 657 1105 et
698 1066 836 1119 aqua
868 1052 1070 1103 vivunt.
1104 1050 1331 1115 Quidam
1362 1049 1526 1103 etiam
1553 1046 1748 1101 fratres

158 1141 220 1196 in
271 1140 552 1209 utriusque
603 1154 710 1209 qua
748 1140 1026 1210 Νεεεὶωέθ
1073 1153 1179 1193 non
1228 1136 1398 1192 solum
1448 1135 1749 1205 quibusque

159 1232 592 1295 fest'vitatibus,
646 1233 740 1286 sed
812 1240 869 1286 et
939 1230 1231 1285 Domiu'cis
1302 1227 1491 1281 diebus
1560 1226 1746 1293 coqui-

161 1323 383 1387 uaLibus
437 1323 727 1377 abstinent.
766 1322 919 1389 Quod
969 1339 1068 1376 nos
1111 1322 1166 1376 in
1218 1318 1511 1374 Dominicis
1562 1319 1749 1372 diebus

155 1394 343 1482 primo
372 1412 587 1482 quidem
628 1421 847 1481 propter
890 1411 1259 1467 excellentiam
1309 1419 1513 1464 sancta:
1545 1407 1746 1463 Resur-

159 1502 427 1557 rectionis
473 1502 781 1556 curavimus
833 1502 1119 1569 prohibere
1146 1539 1161 1565 ,
1206 1500 1301 1555 sed
1344 1513 1529 1553 rursus
1575 1499 1749 1552 coacti

158 1605 355 1644 sumus
391 1588 628 1644 fraterna
656 1590 1049 1658 supplicatione
1082 1587 1416 1658 permittere.
1445 1585 1751 1641 Vescuntur

157 1689 347 1733 autent
392 1680 565 1747 pomis
591 1719 604 1743 ,
636 1689 690 1732 et
721 1680 1008 1734 herbarum
1040 1679 1308 1734 radicibus
1333 1717 1347 1744 ,
1376 1692 1439 1733 ac
1470 1676 1750 1744 legumini-

156 1770 267 1823 bus
298 1768 512 1832 infusis,
551 1769 633 1822 vel
660 1770 820 1822 etiam
846 1769 1020 1823 elixis.

1849 600 2044 653 minica
2068 600 2390 668 palmarum,
2419 607 2471 653 et
2493 598 2656 653 Coena
2683 600 2893 652 Domini
2920 614 2934 650 :
2960 598 3152 665 quibus
3177 598 3434 651 nimirum

1848 689 2226 743 sacratissimis
2278 689 2465 742 diebus
2512 689 2716 756 pisces,
2748 697 2801 741 et
2844 688 3026 741 vinum
3056 686 3437 741 excellentium

1848 779 2249 833 solemnitatum
2272 778 2454 830 laetitia
2486 778 2748 831 invitante
2774 777 3094 845 percipiunt.
3116 775 3170 829 in
3196 775 3438 830 Sabhato

1850 877 2027 920 autem
2062 874 2285 931 sancto,
2336 880 2436 921 nec
2468 882 2575 920 non
2616 874 2670 919 et
2702 865 2880 934 vigilia
2934 863 3141 918 Natalis
3186 863 3435 928 Domini,

1849 964 1908 1009 ut
1939 956 2087 1009 labor
2127 956 2485 1010 ecclesiastici
2527 955 2795 1010 relevetur
2826 955 2985 1009 cilicii
3019 964 3185 1008 totum
3217 968 3438 1023 panem,

1848 1044 2011 1115 336
2037 1044 2128 1112 qui
2166 1044 2468 1108 voluerint,
2501 1048 2789 1099 comedunt
2820 1062 2833 1099 :
2872 1045 3034 1099 alium
3064 1059 3192 1098 vero
3233 1043 3437 1108 cibum,

1850 1137 1961 1190 sive
1996 1136 2137 1211 laici,
2170 1136 2282 1190 sive
2313 1136 2565 1192 monachi
2596 1137 2812 1205 penitus
2833 1152 2939 1189 non
2966 1136 3276 1189 admittunt.
3305 1133 3441 1188 Tres

1850 1237 2028 1281 autem
2061 1226 2401 1280 solummodo
2430 1236 2635 1281 octavae
2664 1240 2761 1296 per
2794 1242 2993 1279 annum
3041 1226 3112 1278 ita
3154 1225 3438 1279 celebran-

1849 1324 1956 1374 tur.
1989 1323 2047 1369 ut
2069 1314 2317 1384 jejunare
2347 1316 2434 1371 hic
2465 1330 2621 1370 nemo
2658 1326 2903 1385 cogatur,
2954 1316 3005 1368 id
3035 1324 3116 1369 est
3146 1314 3441 1369 Dominica:

1850 1405 2265 1461 resurrectionis
2284 1446 2299 1469 ,
2326 1414 2380 1460 et
2406 1414 2609 1460 sanctae
2634 1406 3011 1469 Pentecostes,
3041 1415 3203 1473 atque
3234 1403 3441 1458 Natalis

1849 1493 2082 1549 Domini.
2118 1494 2222 1549 Sed
2248 1496 2595 1563 quibusdam,
2631 1495 2756 1565 quia
2789 1504 3007 1564 propter
3033 1493 3443 1549 desuetudinem

1849 1601 2011 1653 grave
2041 1595 2124 1640 est
2162 1586 2324 1639 totius
2357 1587 2705 1641 hebdomadas
2740 1586 2919 1639 hinatn
2947 1588 3267 1640 continuare
3306 1583 3441 1638 refc-

1848 1676 2083 1731 ctionem
2105 1716 2118 1740 ,
2150 1677 2406 1744 quoniam
2440 1677 2656 1746 quidem
2705 1678 2806 1731 hoc
2855 1678 3130 1731 humiliter
3158 1684 3441 1745 expetunt,

1842 1765 2088 1837 jejunare
2110 1767 2505 1835 aliquantulum
2525 1784 2622 1838 pro
2646 1768 3017 1823 misericordia
3038 1768 3438 1822 conceduntur:

233 1858 346 1914 Nec
379 1859 506 1912 illud
536 1859 692 1929 plane
740 1859 962 1915 silenter
1006 1859 1323 1927 omittimus,
1356 1859 1578 1929 quodin
1610 1875 1743 1928 qua-
1776 1864 1819 1921 Β
1849 1872 2159 1925 quanquam
2210 1858 2264 1910 in
2312 1858 2520 1911 octavis
2580 1858 2927 1913 Pentecostes
2971 1866 3025 1911 et
3067 1856 3441 1911 ecclesiastica

158 1950 483 2019 dragesima:
511 1953 790 2020 utriusque
820 1950 1084 2020 principio
1112 1950 1599 2018 omnesmonachi,
1630 1966 1745 2006 nec-

156 2058 273 2099 non
318 2053 373 2098 et
414 2043 539 2099 laici
571 2046 872 2100 triduanum
917 2045 1178 2116 jejuniqu
1237 2046 1482 2099 districte
1525 2055 1743 2097 conser-

156 2142 297 2187 vant
324 2150 338 2185 :
366 2132 440 2186 ita
484 2142 542 2186 ut
569 2137 660 2203 qui
689 2150 718 2188 a
747 2135 1106 2205 percipiendis
1149 2133 1418 2188 alimentis
1443 2132 1663 2188 omnino
1689 2146 1748 2186 se

156 2236 513 2292 compescere
558 2235 867 2295 nequeunt,
918 2227 1033 2282 solo
1082 2236 1258 2281 tamen
1304 2240 1442 2295 pane
1486 2223 1643 2279 simul
1694 2232 1749 2278 et

158 2325 305 2382 aqua
352 2313 592 2370 contenti
640 2315 843 2370 vivant.
889 2316 984 2372 Est
1008 2325 1188 2371 autem
1212 2315 1546 2371 consuetudo
1568 2315 1748 2368 fratri-

157 2403 267 2457 bus
311 2404 460 2458 omni
490 2412 732 2474 tempore
774 2406 881 2461 duo
917 2406 968 2461 in
1002 2406 1296 2462 Dominicis
1327 2405 1516 2461 diebus
1543 2406 1747 2461 habere

157 2492 440 2563 pulmenta
464 2534 479 2558 ,
512 2503 733 2564 propter
773 2495 905 2551 duas
952 2496 1157 2550 scilicet
1184 2496 1624 2565 quadragesimas
1653 2510 1745 2548 su-

157 2583 350 2653 perius
394 2584 701 2641 nominatas
732 2601 747 2637 :
775 2585 827 2638 in
870 2586 1065 2655 quibus
1101 2601 1198 2655 per
1226 2601 1414 2641 omnes
1440 2626 1454 2651 ,
1485 2596 1539 2639 et
1569 2585 1749 2640 Domi-

160 2671 318 2727 nicas
350 2671 637 2738 videlicet,
666 2682 722 2727 et
760 2684 1069 2728 sanctorum
1095 2672 1416 2729 festivitates
1444 2716 1457 2739 ,
1488 2690 1594 2728 uno
1623 2675 1750 2729 dun-

162 2771 318 2816 taxat
344 2763 643 2831 probantur
668 2776 787 2818 esse
809 2763 1068 2819 contenti.
1086 2764 1306 2817 Cazteris
1335 2773 1515 2817 autem
1538 2764 1745 2829 diebus,

164 2851 362 2922 quibus
389 2852 647 2907 nimirum
674 2861 972 2923 temperato
986 2853 1192 2924 jejunio
1215 2854 1495 2909 remissius
1524 2854 1710 2909 vivunt
1730 2896 1745 2919 ,

165 2944 211 2998 si
248 2944 331 2999 bis
382 2945 439 2997 in
480 2944 566 2999 die
610 2946 937 3009 comedunt,
969 2946 1073 3000 duo
1120 2945 1224 2999 illis
1274 2944 1547 3014 pulmenta
1593 2944 1748 3010 fiunt,

164 3034 560 3102 prantlentibus
582 3049 765 3098 unum,
788 3038 1089 3089 coenaturis
1110 3036 1335 3089 alterum
1363 3034 1746 3089 exhibendum.

167 3121 263 3175 Sin
292 3128 470 3175 autem
505 3136 610 3175 una
640 3122 711 3176 sit
740 3121 963 3178 refectio
993 3132 1197 3178 tantum
1224 3165 1239 3189 ,
1265 3140 1429 3178 unum
1454 3124 1524 3179 sit
1550 3124 1747 3179 nihilo-

1852 1949 2089 2011 traditio.
2120 1957 2174 2002 et
2204 1947 2423 2001 Patrum
2455 1948 2715 2002 decernat
2744 1948 3040 2002 auctoritas
3062 1946 3437 2017 jejunandutn.

1848 2040 1905 2095 In
1954 2041 2173 2109 reliquis
2220 2054 2352 2094 vero
2400 2040 2607 2094 octavis
2651 2040 3017 2109 qnarumllbct
3067 2038 3439 2101 festivitatnm,

1849 2129 2277 2185 ecclesiasticum
2300 2128 2539 2196 quidem,
2559 2137 2719 2198 prout
2742 2128 3007 2197 regularis
3027 2126 3161 2181 ordo
3182 2123 3440 2196 postulat.

1852 2229 2097 2273 tenemus
2120 2217 2380 2284 ofﬁcium,
2412 2226 2657 2273 tenorem
2689 2232 2818 2273 vero
2843 2216 3091 2273 consueti
3114 2214 3301 2284 jejunii
3335 2229 3443 2270 non

1851 2318 2138 2365 mutamus.

2454 2396 2683 2454 CAPUT
2729 2396 2835 2452 VII.

2292 2487 2370 2541 De
2404 2504 2671 2541 servorum
2709 2486 3006 2557 disciplina.

1924 2576 1995 2631 Ut
2025 2588 2204 2632 autem
2243 2586 2355 2631 tota
2397 2578 2589 2633 domus
2627 2576 2721 2632 Dei
2753 2578 2853 2631 sub
2897 2576 3130 2646 regulari
3175 2574 3444 2639 custodia,

1853 2678 1906 2724 et
1935 2669 2215 2738 disciplina
2254 2677 2537 2733 teneatur,
2579 2678 2633 2723 et
2678 2670 3094 2739 unumquodque
3141 2670 3445 2723 membrum

1853 2770 2107 2828 operetur
2137 2759 2188 2813 in
2219 2773 2470 2828 corpore,
2492 2758 2648 2826 juxta
2678 2773 2788 2813 sua;
2817 2758 3165 2829 proprietatis
3188 2757 3447 2821 cilicium,

1854 2849 2041 2905 famuli
2085 2865 2333 2920 quoque,
2364 2851 2456 2920 qui
2503 2851 2628 2905 huic
2664 2850 2780 2905 loco
2812 2851 3125 2904 deserviunt
3153 2890 3166 2914 ,
3213 2851 3281 2903 ab
3313 2850 3449 2904 assi-

1855 2953 2018 3014 gnato
2044 2944 2146 2998 sibi
2172 2944 2385 2999 vivendi
2414 2944 2603 2999 ordine
2650 2959 2755 2999 non
2799 2944 3101 2999 recedunt:
3144 2945 3235 3013 qui
3282 2944 3446 2998 nimi-

1859 3049 1975 3087 rum
2007 3049 2104 3103 per
2133 3034 2299 3089 totius
2343 3034 2555 3089 annalis
2599 3036 2757 3104 spatii
2783 3050 3004 3089 cursum
3035 3035 3206 3089 tribus
3235 3049 3331 3103 per
3355 3035 3446 3086 he.

1855 3124 2176 3179 bdomadam
2205 3126 2397 3180 diebus
2432 3134 2615 3181 tenent
2641 3140 2707 3182 ex
2736 3141 2887 3181 more
2924 3125 3209 3195 jejunium.
3256 3126 3312 3180 In
3346 3126 3450 3179 ill’s

166 3213 349 3267 minus
398 3223 454 3269 et
510 3213 866 3282 pulmentum.
914 3216 1068 3281 Quod
1113 3226 1293 3270 autem
1341 3215 1394 3268 in
1456 3207 1821 3269 DominicisC
1853 3222 2031 3265 autem
2081 3213 2292 3267 duabus
2335 3213 2765 3284 quadragesimis
2812 3225 3045 3284 quatuor
3087 3217 3202 3270 dies
3240 3213 3453 3282 jejunio

166 3304 362 3358 diebus
407 3305 515 3357 duo
544 3304 632 3359 hic
678 3304 796 3358 fieri
847 3305 1022 3360 solere
1066 3306 1338 3373 pulmenta
1386 3305 1752 3368 meminimus,

168 3402 388 3448 constat
432 3402 590 3447 extra
653 3393 988 3448 eremiticam
1048 3392 1289 3464 regulam
1342 3393 1545 3447 idcirco
1592 3392 1756 3449 fuisse

166 3486 493 3553 permissum
520 3524 535 3547 ,
566 3484 691 3552 quia
722 3498 945 3553 perraro
974 3485 1080 3538 huc
1122 3483 1189 3537 ab
1233 3484 1506 3537 extraneis
1532 3482 1757 3537 oblatio-

168 3587 298 3626 num
352 3571 626 3627 deferatur
677 3574 952 3627 exenium.
1003 3571 1267 3627 Caeterum
1307 3572 1395 3625 ubi
1450 3571 1599 3626 locus
1654 3572 1757 3625 fre-

167 3669 465 3730 quentatur
511 3660 795 3715 devotione
846 3660 1080 3715 ﬁdelium
1110 3701 1125 3725 ,
1155 3668 1334 3715 cessat
1373 3661 1561 3731 procul
1594 3662 1755 3717 dubio

168 3751 460 3821 geminatio
487 3750 901 3820 pulmentorum.

243 3838 395 3894 Unde
420 3841 479 3893 fit
518 3851 576 3893 ut
623 3842 677 3895 in
717 3842 803 3895 illa
832 3858 1015 3897 eremo
1039 3884 1053 3907 ,
1096 3858 1258 3913 quam
1294 3854 1515 3902 auctore
1544 3846 1653 3902 Deo
1701 3849 1753 3902 in

165 3929 338 3984 latere
370 3928 665 3985 Snavicinii
696 3932 892 3987 montis
920 3934 1018 4001 ipsi
1065 3935 1482 4002 construximus,
1514 3938 1755 4006 pulmen-

166 4030 281 4075 tum
309 4027 509 4090 praeter
536 4035 703 4074 unum
730 4062 745 4087 ,
773 4023 982 4079 cunctis
1003 4039 1153 4095 atque
1188 4027 1516 4096 temporibus
1541 4028 1755 4097 penitus

167 4109 467 4179 ignoretur.
508 4110 555 4163 Α
583 4112 710 4166 vino
744 4121 923 4167 autem
967 4114 1243 4184 aliquanto
1291 4125 1535 4187 tempore
1583 4120 1756 4173 conti-

168 4200 407 4264 nuimus,
432 4200 503 4253 ita
530 4212 589 4254 ut
616 4216 792 4271 neque
816 4202 956 4269 laici,
984 4219 1158 4272 neque
1181 4205 1519 4261 extrinsecus
1540 4209 1757 4262 venien-

168 4299 276 4355 tes,
324 4290 405 4344 vel
435 4291 597 4344 etiam
629 4292 682 4346 in
714 4292 920 4349 Pascha
966 4295 1177 4349 Domini
1203 4296 1404 4367 aliquid
1445 4298 1533 4353 hic
1562 4308 1755 4367 printer

166 4396 366 4451 aquam
414 4381 662 4436 Liberent
687 4400 701 4437 :
726 4398 899 4453 neque
943 4386 1129 4440 vinum
1158 4385 1279 4451 hic,
1308 4386 1411 4441 nisi
1450 4402 1547 4456 pro
1589 4389 1755 4442 sacri-

165 4472 292 4526 ﬁcio
320 4470 635 4526 haberetur.
677 4470 783 4528 Sed
811 4476 1067 4544 quoniam
1116 4486 1171 4532 et
1218 4476 1614 4533 hic~manentes
1643 4494 1752 4534 cce-

166 4568 363 4630 perunt
390 4562 705 4630 aegrotando
725 4562 979 4629 deficere,
1003 4573 1060 4618 et
1081 4566 1297 4633 quidam
1324 4566 1389 4621 ad
1416 4568 1749 4622 ercmiticam
1780 4546 1828 4605 Ῑ)

164 4654 334 4703 vitam
378 4652 607 4705 tt-ans're
634 4652 930 4720 cupientes,
962 4654 1117 4722 hujus
1143 4656 1334 4725 rigoris
1354 4657 1751 4712 observantiam

165 4738 492 4793 vi.!eban:ur
538 4741 753 4808 penitus
800 4744 1129 4809 abhorrere,
1170 4747 1421 4803 fraterna:
1453 4790 1465 4811 ,
1497 4750 1643 4814 sive,
1695 4757 1755 4804 ut

166 4830 349 4883 vetius
396 4830 569 4884 dicam
602 4870 618 4894 ,
659 4836 931 4888 communi
980 4836 1333 4891 imbecillitati
1362 4838 1754 4908 dispensatoric

168 4921 665 4977 condescendeutes
712 4923 1048 4991 indulsimus,
1080 4936 1141 4981 ut
1185 4928 1366 4981 vinum
1412 4938 1627 4985 servato
1660 4945 1751 4987 so‘

165 5011 415 5066 brietatis
438 5010 804 5068 moderamine
827 5014 1119 5072 hiberetur.
1153 5016 1221 5072 Ut
1240 5020 1381 5088 quod
1402 5035 1521 5074 cum
1543 5020 1749 5077 Joanne

168 5118 274 5158 non
323 5118 613 5172 possumus
657 5120 721 5159 es
777 5114 888 5162 toto
937 5110 1241 5178 relinquere
1282 5109 1431 5181 (Luc.
1466 5112 1530 5181 ι),
1557 5113 1747 5168 saltem

168 5192 608 5247 cumTimotheo
637 5191 785 5249 Pauli
814 5196 1079 5265 discipulo
1101 5200 1508 5255 meminerimus
1536 5202 1749 5257 infirmo

166 5286 447 5341 stomacho
460 5299 704 5355 parcere,
720 5294 774 5341 et
793 5286 1068 5343 humiliter
1089 5289 1393 5343 ministrare
1408 5288 1658 5357 (Timoth.
1676 5292 1714 5361 ι)
1730 5308 1745 5356 ;

166 5391 222 5435 et
265 5381 357 5449 qui
412 5392 638 5449 prorsus
666 5378 910 5432 abstemii
958 5393 1077 5435 esse
1126 5395 1227 5434 non
1282 5390 1599 5449 possumus,
1631 5397 1753 5439 esse

165 5469 555 5525 saltemsobrii
603 5469 931 5524 studeamus.
965 5468 1346 5525 Verumtamen
1380 5472 1435 5527 in
1485 5473 1753 5543 praedictis

164 5560 376 5616 duabus
427 5558 857 5627 quadragesimis
907 5562 1236 5616 consuetudo
1266 5563 1466 5626 tenuit,
1492 5572 1551 5616 ut
1576 5578 1752 5633 neque

163 5650 451 5707 monachis
476 5688 491 5710 ,
522 5662 699 5716 neque
725 5647 876 5704 laicis
915 5649 1026 5704 vini
1051 5690 1064 5712 .
1092 5651 1177 5706 vel
1208 5652 1371 5706 etiam
1421 5654 1584 5722 piscis
1624 5668 1746 5722 pcr-

161 5746 339 5814 ccptio
389 5738 727 5798 concedatur
758 5754 772 5795 :
812 5742 1053 5812 exceptis
1091 5741 1174 5797 his
1204 5752 1435 5813 quatuor
1489 5744 1749 5799 festivita-

1858 3299 2133 3367 dedicant,
2163 3304 2405 3369 exceptis
2432 3303 2540 3367 his,
2571 3304 2664 3373 qui
2696 3304 2749 3358 in
2779 3304 2921 3358 viam
2964 3305 3176 3373 longius
3206 3304 3449 3374 dirigun-

1858 3404 1967 3449 tur.
1991 3395 2160 3451 Porro
2189 3410 2514 3465 quocunque
2547 3396 2841 3466 prodeant,
2876 3397 3024 3450 omni
3058 3406 3298 3465 tempore
3328 3411 3450 3450 car-

1858 3487 2016 3540 nibus
2041 3501 2145 3539 non
2172 3494 2464 3539 vescuntur
2490 3503 2501 3539 :
2530 3486 2809 3555 proprium
2834 3487 2995 3541 etiam
3021 3486 3220 3555 aliquid
3246 3488 3450 3541 habere

1858 3578 2230 3643 nihilominus,
2272 3578 2413 3631 sicut
2453 3586 2507 3633 et
2552 3578 2829 3643 monachi,
2876 3579 3249 3647 prohibentur.
3306 3577 3448 3631 Non-

1858 3666 1987 3721 nulli
2018 3680 2233 3736 quoque
2272 3666 2338 3719 ad
2376 3667 2626 3722 audiendi
2660 3666 2903 3721 Psalterii
2939 3668 3149 3738 vigilias
3184 3670 3450 3722 maturius

1856 3765 2103 3827 surgunt,
2133 3770 2256 3809 cum
2288 3756 2373 3809 his
2397 3756 2650 3811 videlicet
2680 3754 2962 3821 fratribus,
2987 3757 3079 3826 qui
3102 3758 3242 3826 apud
3271 3757 3448 3813 eccle-

1856 3848 1992 3902 siam
2025 3854 2452 3900 commorantur.
2478 3845 2901 3902 Promissionem
2934 3855 3113 3901 autem
3144 3847 3449 3918 ingredien—

1858 3945 1939 3993 tes
1982 3937 2123 3992 hanc
2157 3936 2364 3991 faciunt
2406 3955 2417 3990 :
2465 3937 2577 4008 Ego
2610 3938 2777 4007 frater
2818 3936 2892 3992 N.
2933 3940 3179 4009 promitto
3206 3939 3449 3992 obedien-

1856 4028 1984 4080 tiam
2013 4037 2060 4081 et
2101 4028 2537 4096 perseverantiam
2577 4029 2815 4083 omnibus
2856 4028 3038 4083 diebus
3084 4030 3199 4083 vita
3241 4044 3369 4082 mete
3394 4028 3449 4081 in

1856 4118 1957 4172 hac
1990 4134 2195 4182 eremo,
2236 4135 2354 4186 qua:
2388 4127 2464 4172 est
2511 4118 2777 4186 wdiﬁcata
2820 4119 2889 4173 ad
2930 4119 3176 4173 honorem
3220 4116 3350 4183 Dei,
3399 4128 3449 4171 et

1855 4218 2051 4263 sancta:
2084 4207 2304 4274 Crucis;
2340 4225 2435 4278 pro
2470 4208 2656 4262 timore
2687 4207 2901 4263 Domini
2941 4210 3107 4262 nostri
3134 4208 3261 4262 Iesu
3294 4205 3446 4261 Chri-

1855 4299 1942 4364 sti,
1972 4308 2019 4352 et
2052 4298 2277 4352 remedio
2305 4299 2496 4352 animi:
2537 4314 2687 4353 mete.
2718 4297 2872 4364 Quod
2911 4300 2957 4353 si
3000 4298 3176 4367 aliqua
3216 4314 3447 4368 unquam

1858 4400 2085 4457 tempore
2113 4388 2233 4442 hinc
2264 4388 2463 4457 fugere,
2493 4387 2567 4441 vel
2595 4388 2739 4442 abire
2768 4398 3065 4453 tentavero;
3093 4388 3247 4442 liceat
3283 4389 3443 4442 servis

1861 4477 1955 4532 Dei
1983 4479 2071 4547 qui
2100 4479 2183 4532 hic
2216 4478 2427 4544 fuerint,
2458 4492 2539 4531 me
2575 4476 2728 4546 plena
2757 4479 2841 4532 sui
2861 4478 3003 4547 juris
3031 4480 3343 4533 auctoritate
3369 4494 3443 4531 re-

1855 4570 2091 4639 quirere,
2132 4578 2177 4623 et
2225 4576 2431 4621 coarcte
2479 4584 2541 4620 ac
2599 4569 2846 4623 violenter
2888 4570 2943 4621 in
2987 4585 3142 4623 suum
3179 4570 3446 4623 sem‘tium

1855 4673 2118 4712 reuocare.
2173 4655 2399 4725 Scripta:
2456 4671 2587 4725 ergo
2639 4656 2766 4713 huic
2826 4658 3173 4726 promissioni
3232 4659 3447 4727 signum

1854 4750 2032 4804 crucis
2079 4749 2183 4819 ipsi
2231 4747 2514 4819 praefigunt
2557 4767 2569 4802 :
2612 4758 2666 4803 et
2714 4750 2780 4803 ab
2823 4749 3003 4819 aliquo
3052 4748 3219 4802 fratre
3258 4763 3446 4802 coram

1855 4840 2105 4895 omnibus
2131 4840 2325 4894 lectam
2353 4847 2560 4908 ponunt
2587 4853 2750 4908 super
2774 4838 2962 4893 altare.
2988 4837 3234 4893 Monachi
3264 4845 3446 4891 autem

1859 4930 2058 4985 nullam
2097 4931 2510 5000 promissionem
2554 4929 2797 4995 faciunt,
2840 4938 3037 4997 praeter
3060 4944 3178 4983 eam
3213 4937 3444 4991 tantum,

1856 5036 1976 5091 quae
2023 5021 2077 5074 in
2123 5021 2463 5075 monasteriis
2512 5020 2630 5075 fieri
2677 5020 2992 5085 consuevit;
3030 5019 3147 5074 solo
3180 5018 3448 5074 duntaxat

1856 5112 2024 5167 eremi
2055 5113 2271 5166 nomine
2306 5120 2631 5181 permutato.
2670 5112 2959 5166 Enimvero
2982 5118 3040 5165 et
3079 5108 3359 5165 monachis
3390 5116 3448 5165 et

1856 5202 2008 5257 laicis
2054 5202 2279 5256 introire
2323 5202 2666 5265 volentibus,
2723 5200 2903 5257 omnia
2950 5202 3082 5255 dura
3146 5208 3200 5255 et
3252 5214 3440 5269 aspere

1858 5302 2234 5362 proponuntur
2262 5311 2274 5346 :
2300 5292 2551 5346 videlicet
2574 5292 2911 5356 extremitas,
2933 5290 3015 5345 vel
3040 5290 3202 5345 etiam
3227 5290 3444 5345 nuditas

1856 5385 2107 5447 vestium,
2140 5398 2365 5455 penuria
2399 5383 2663 5446 ciborum,
2704 5383 2935 5453 propria:
2962 5380 3254 5437 voluntatis
3286 5394 3444 5434 aver-

1854 5473 1968 5540 sio,
2000 5472 2304 5527 durissimze
2341 5470 2699 5540 correptionis
2745 5472 3039 5541 asperitas,
3080 5468 3441 5533 contumelia,

1856 5562 2355 5633 reprehensionum,
2387 5561 2619 5625 laboris,
2649 5568 2705 5613 et
2734 5560 2962 5615 assidua:
2990 5558 3316 5629 fatigationis
3354 5558 3443 5611 in-

1851 5654 2068 5709 stantia.
2100 5654 2242 5717 Htec,
2273 5662 2327 5709 et
2355 5652 2659 5725 huiusmodi
2688 5653 2875 5718 multa,
2908 5668 3025 5722 qua:
3054 5651 3310 5707 nimirum
3342 5664 3444 5707 nos

1854 5746 2056 5803 idcirco
2083 5748 2359 5818 prosequi,
2384 5756 2782 5805 et'cnutncrare
2806 5742 3143 5816 negligimus,
3169 5740 3295 5810 quia
3323 5739 3440 5797 haec
