5514 6648
23 6366 877 6550 μμ

24 0 3139 249 ν--η

2148 502 2255 559 545

2608 503 2667 560 S.
2693 504 2893 561 PETRI
2925 504 3205 561 DAMIAN
3241 506 3390 562 OPP.
3421 505 3653 564 TOMUS
3689 505 3820 564 SEU
3859 506 4037 564 PARS
4074 506 4157 564 Ill.
4182 536 4250 548 —
4271 505 4631 567 OPUSCULA
4654 509 4881 565 VARIA.

5274 511 5377 567 3N

2148 615 2338 670 eadem
2379 616 2431 671 in
2467 616 2804 672 monasteriis
2834 616 2949 671 fieri
2989 617 3217 687 regulari
3268 617 3551 672 traditione
3599 633 3714 672 me-
3743 625 3787 681 Α
3820 616 4095 679 uicalibns,
4128 632 4225 672 nec
4249 633 4352 672 non
4379 625 4433 672 et
4462 616 4627 673 totius
4660 618 5003 674 hebdomadas
5028 620 5254 675 canticis
5282 638 5378 675 ex-

2150 705 2421 761 minimus.

2637 793 2801 865 337.
2834 794 3059 851 CAPUT
3095 797 3224 852 vni.

2270 884 2345 939 De
2380 886 2531 955 panis
2573 901 2838 952 mensura,
2866 897 2915 942 et
2942 888 3296 957 spiritualibus
3321 889 3595 943 exercitiis.

2220 974 2387 1031 Panis
2411 986 2589 1032 autem
2616 980 2800 1034 eadem
2827 980 2877 1033 in
2899 994 3101 1045 eremo,
3132 995 3248 1049 qua
3278 989 3334 1035 et
3369 982 3420 1033 in
3444 989 3715 1037 monaste-

2151 1068 2232 1121 rio
2252 1076 2335 1123 est
2377 1084 2649 1134 mensura,
2686 1071 2789 1126 hac
2819 1081 2999 1130 tamen
3042 1072 3359 1128 discretione
3386 1082 3595 1128 servata
3616 1115 3629 1139 ,
3659 1082 3717 1129 ut

2149 1157 2207 1211 in
2236 1160 2422 1215 diebus
2444 1160 2656 1229 quidem
2685 1160 2989 1217 refectionis
3015 1163 3125 1217 sive
3154 1162 3397 1231 singulae,
3427 1164 3539 1217 sive
3557 1164 3711 1227 bime,

2151 1250 2196 1305 si
2232 1259 2401 1305 totum
2448 1250 2562 1307 vult
2610 1252 2775 1309 frater
2818 1253 3121 1318 comedere,
3169 1246 3574 1323 reprehensioni
3606 1270 3711 1309 non

2149 1340 2361 1408 cogitur
2384 1341 2678 1410 subjacere.
2710 1342 2766 1397 ln
2790 1344 2975 1398 diebus
3006 1359 3134 1399 vero
3155 1343 3364 1413 jejunii,
3387 1346 3511 1414 quia
3545 1360 3711 1401 unus-

2146 1429 2375 1499 quisque
2416 1430 2584 1485 frater
2631 1433 2811 1488 lanees
2865 1433 3029 1487 habet
3079 1433 3132 1487 in
3173 1433 3329 1501 cella,
3372 1434 3472 1487 illis
3499 1448 3713 1503 semper

2146 1517 2327 1583 librat,
2360 1522 2497 1589 quod
2541 1521 2756 1575 sibimet
2801 1532 3108 1578 cenaturus
3156 1534 3408 1594 apponat.
3462 1523 3711 1579 Mensura

2146 1619 2325 1667 autem
2376 1610 2464 1665 illa
2494 1612 2633 1668 hunc
2659 1613 2821 1669 habet
2848 1615 3087 1679 modum,
3123 1625 3183 1669 ut
3208 1616 3554 1684 superaddito
3581 1632 3711 1686 qua-

2144 1702 2254 1757 drae
2297 1704 2516 1758 dimidio
2560 1705 2837 1761 dimidium
2889 1707 3143 1761 buccellae
3181 1708 3344 1761 totius
3394 1708 3704 1775 appendat:

2144 1794 2351 1862 quadra
2395 1795 2641 1851 videlicet
2694 1808 3007 1852 remanente
3055 1800 3261 1868 integra
3313 1799 3497 1853 semis.
3545 1800 3611 1853 Et
3652 1810 3708 1853 ut

2143 1880 2287 1934 nulla
2326 1883 2569 1939 dubietas
2607 1901 2767 1955 sopor
2803 1886 3103 1956 huiusmodi
3132 1903 3381 1943 mensura
3410 1899 3707 1952 remaneat,

2142 1984 2333 2023 novem
2365 1972 2628 2039 ornicum,
2660 1974 2741 2028 vel
2772 1976 2869 2029 tria
2900 1990 3148 2029 anserum
3173 1992 3268 2031 ova
3301 1979 3509 2034 libratis
3547 1979 3709 2035 lanci-
3742 1968 3784 2025 Β

2142 2059 2242 2113 bus
2269 2062 2595 2116 tantumdem
2622 2074 2863 2132 pensant.
2898 2065 3281 2136 Etdejejuniis
3309 2071 3546 2137 quidem,
3578 2072 3710 2125 etde

2142 2163 2391 2204 mensura
2415 2150 2653 2206 ciborum
2683 2155 2779 2208 ista
2804 2152 3087 2209 sufficiant.

2213 2238 2269 2292 lu
2300 2241 2513 2296 caeteris
2550 2251 2728 2297 autem
2752 2245 3049 2313 spiritualis
3078 2247 3317 2301 exercitii
3350 2249 3559 2313 studiis,
3591 2265 3708 2319 qua:

2142 2330 2212 2384 sit
2239 2331 2600 2387 biecontiuui
2629 2334 2855 2390 ferveris
2908 2338 3196 2403 instantia,
3222 2354 3341 2407 qua:
3384 2340 3705 2406 sollicitudo,

2144 2435 2301 2489 quam
2335 2420 2455 2491 vigil
2491 2431 2546 2476 et
2593 2438 2812 2492 operosa
2840 2424 3169 2495 frequentia,
3217 2428 3379 2481 timeo
3429 2430 3703 2495 scribere;

2138 2522 2210 2562 ne
2234 2518 2293 2562 et
2341 2511 2599 2579 meipsum
2653 2512 2876 2568 forsitan
2919 2516 2997 2567 eis
3024 2515 3447 2586 cohabitantem,
3471 2521 3569 2573 etsi
3602 2537 3707 2576 non

2141 2607 2536 2665 coeperantem,
2591 2616 2727 2655 vana
2800 2602 2985 2656 videar
3045 2604 3273 2659 elatione
3314 2604 3543 2674 jactare.
3597 2608 3709 2664 Hoc

2141 2696 2350 2741 tantum
2384 2691 2514 2743 mihi
2538 2691 2717 2746 dicere
2744 2691 2925 2762 liceat,
2969 2695 3092 2763 quiia
3132 2710 3235 2749 non
3277 2712 3439 2764 parva
3466 2698 3551 2752 hic
3593 2700 3710 2752 dili-

2140 2780 2318 2847 gentia
2351 2790 2433 2834 est
2462 2781 2509 2833 in
2540 2780 2859 2837 flexionibus
2886 2801 3137 2853 genuum,
3168 2787 3220 2839 in
3271 2788 3563 2857 disciplinis
3595 2807 3712 2846 SCO-

2139 2882 2347 2935 parum,
2379 2878 2433 2923 et
2455 2870 2504 2923 in
2536 2874 2744 2926 cancris
2774 2872 3074 2941 huiusmodi
3108 2891 3121 2927 :
3156 2892 3274 2944 quae
3300 2878 3571 2943 nimirum,
3603 2882 3712 2935 fra-

2140 2964 2222 3011 ter
2252 2956 2583 3020 cbarissime,
2614 2963 2736 3030 quia
2765 2956 3084 3015 eorumdem’
3113 2964 3225 3018 lure
3248 2968 3599 3035 satagentinm
3632 2969 3710 3022 vi-

2141 3046 2221 3099 vis
2245 3047 2465 3102 vocibus
2487 3049 2686 3103 clarius
2730 3061 2880 3119 potes
2907 3053 3204 3118 addiscere,
3226 3069 3331 3109 non
3362 3058 3575 3126 expedit
3624 3058 3710 3113 hic

2140 3135 2323 3190 omnia
2363 3137 2555 3193 litteris
2580 3142 2856 3195 adnotare.

2742 3233 2968 3291 CAPUT
3005 3236 3098 3291 IX.

2707 3322 2785 3377 De
2833 3323 3147 3393 psalmodia.

2208 3410 2283 3463 De
2330 3410 2624 3479 psalmodia
2659 3428 2785 3470 vero
2815 3416 2941 3471 hac
2979 3419 3311 3473 consuetudo
3364 3429 3467 3483 est,
3494 3429 3553 3475 ut
3590 3437 3711 3476 cum

2139 3498 2246 3554 duo
2274 3501 2433 3554 simul
2463 3516 2865 3559 commorantur
2896 3506 2950 3560 in
2978 3507 3134 3573 cella,
3172 3510 3279 3564 duo
3328 3512 3633 3577 persolvant
3661 3514 3711 3566 in

2138 3592 2225 3647 die
2250 3591 2548 3660 Psalteria;
2582 3612 2743 3651 unum
2792 3614 2889 3666 pro
2930 3600 3084 3665 vivis,
3116 3600 3344 3657 alterum
3396 3619 3495 3673 pro
3525 3605 3716 3659 defun-

2136 3685 2259 3739 etis.
2313 3685 2378 3738 Et
2419 3686 2543 3739 illud
2577 3688 2789 3755 quidem
2814 3690 2956 3757 quod
3002 3699 3085 3744 est
3110 3693 3374 3756 vivorum,
3430 3710 3552 3748 cum
3610 3696 3713 3749 illis

2139 3774 2335 3828 dicitur
2366 3776 2766 3842 additamentis,
2813 3794 2932 3848 quae
2986 3779 3046 3833 Β.
3095 3780 3427 3836 Romualdus
3474 3787 3710 3853 apponit,

2140 3878 2257 3931 quae
2282 3867 2444 3918 etiam
2482 3883 2581 3921 nos
2611 3885 2713 3922 non
2742 3886 3027 3940 gravemur
3069 3872 3341 3935 inserere;
3374 3890 3440 3927 ne
3470 3891 3566 3928 nos
3590 3890 3714 3929 cou-

2139 3964 2396 4022 queratur
2444 3956 2581 4012 forte
2620 3960 2871 4023 novitius,
2922 3976 3040 4031 quae
3085 3961 3187 4016 sibi
3245 3978 3570 4033 niagqurre
3620 3981 3713 4019 no-

2140 4050 2335 4105 scenda
2378 4060 2521 4115 sunt,
2585 4054 2907 4121 praeterisse.
2959 4053 3212 4109 Decursis
3270 4055 3427 4123 plane
3474 4057 3712 4127 quinque

2140 4140 2377 4207 psalmis,
2408 4142 2651 4209 protinus
2681 4144 3011 4198 subin‘fertur
3041 4163 3052 4198 :
3088 4142 3271 4199 Gloria
3319 4148 3431 4210 tibi,
3459 4148 3709 4211 Trinitas.

2142 4231 2357 4299 aqualis
2389 4248 2491 4284 una
2545 4231 2746 4297 Deitas,
2782 4243 2830 4286 et
2860 4242 2979 4287 ante
3007 4250 3158 4287 omne
3200 4236 3472 4299 saeculum,
3500 4248 3546 4290 et
3576 4255 3712 4291 nunc

2141 4331 2187 4373 rt
2218 4322 2268 4374 in
2306 4331 2626 4389 perpetuum.
2664 4323 2825 4377 Orate
2854 4340 2948 4393 pro
2993 4324 3164 4390 nobis,
3196 4343 3371 4380 omnes
3392 4331 3563 4387 sancti
3596 4329 3710 4391 Dei,

2141 4421 2195 4463 ut
2219 4410 2363 4480 digiti
2391 4412 2675 4479 efficiamur
2712 4414 3143 4481 promi:.sionibus
3182 4410 3394 4468 Domini
3423 4415 3520 4469 Dei
3549 4420 3711 4471 nostri

2142 4500 2268 4556 Jesu
2292 4501 2503 4556 Christi.
2536 4501 2696 4556 Pater
2726 4514 2917 4557 noster.
2958 4504 3053 4560 llis
3099 4505 3343 4576 expletis,
3372 4523 3494 4560 mox
3526 4508 3709 4562 subdi-

2144 4601 2272 4645 tur:
2310 4612 2326 4643 s
2362 4592 2701 4661 Adjutorium
2753 4606 2993 4649 nostrum
3041 4597 3093 4651 in
3111 4597 3325 4652 nomine
3353 4598 3584 4663 Domini,
3617 4601 3708 4669 qui
3742 4624 3788 4681 υ

2142 4685 2271 4739 iecit
2298 4686 2489 4740 ccelum
2540 4695 2594 4741 et
2637 4696 2836 4742 terram
2867 4685 3037 4748 (Psal.
3067 4688 3281 4759 cum).
3322 4709 3339 4741 ›
3374 4690 3436 4744 Et
3484 4691 3709 4745 evolutis

2146 4775 2262 4829 aliis
2292 4779 2527 4845 quinque
2584 4777 2822 4847 psalmis,
2862 4786 2989 4833 tunc
3040 4779 3239 4832 dicitur
3267 4798 3278 4831 :
3313 4778 3382 4833 Te
3410 4780 3570 4834 Deum
3595 4780 3707 4836 Pa-

2146 4876 2271 4923 trem
2295 4868 2599 4936 ingenitum,
2622 4878 2669 4920 te
2696 4866 2949 4936 Spiritum
2964 4879 3197 4921 sanctum
3224 4871 3565 4939 paraclotum,
3588 4891 3710 4927 san-

2146 4963 2279 5007 ctam
2324 4966 2370 5008 et
2421 4956 2742 5009 individuam
2788 4956 3121 5020 Trinitatem,
3163 4969 3270 5012 toto
3314 4962 3468 5014 corde
3524 4974 3570 5016 et
3622 4979 3711 5018 ore

2145 5047 2467 5115 conﬁtemur,
2516 5047 2816 5109 laudamus.
2846 5056 2996 5116 atque
3038 5049 3403 5116 benedicimns,
3433 5053 3522 5106 tibi
3544 5056 3710 5121 gloria

2144 5134 2439 5188 insiccata.
2490 5136 2674 5190 Amen.
2728 5155 2747 5187 ε
2809 5136 3031 5191 Domine
3085 5138 3241 5202 Deus,
3277 5141 3330 5193 in
3389 5140 3710 5207 adiutorium

2148 5239 2321 5279 meum
2355 5226 2586 5287 intenae,
2616 5225 2861 5290 Domine,
2903 5226 2968 5281 ad
3000 5226 3356 5297 adjuvandum
3391 5246 3475 5281 me
3500 5228 3710 5283 festina.

2146 5316 2575 5380 Coufundantur,
2598 5327 2652 5370 et
2680 5329 3033 5372 revereautur
3054 5320 3253 5374 inimici
3296 5322 3419 5383 mei,
3452 5321 3541 5389 qui
3566 5336 3710 5389 quaa-

2148 5416 2268 5461 runt
2314 5409 2551 5461 animam
2628 5423 2820 5462 meam.
2878 5408 3103 5478 Adjutor
3147 5424 3319 5473 meus,
3360 5420 3414 5465 et
3460 5410 3717 5465 liberator

2150 5513 2297 5553 meus
2350 5508 2489 5562 esto,
2519 5497 2759 5561 Domine,
2794 5509 2859 5549 ne
2909 5496 3200 5552 tardaveris
3254 5497 3425 5570 (Prol.
3482 5501 3651 5567 unt).
3695 5521 3711 5549 ι

2151 5587 2331 5642 Gloria
2346 5587 2519 5653 Patri,
2534 5599 2581 5642 et
2600 5586 2757 5652 Filio,
2776 5598 2823 5643 et
2852 5586 3072 5657 Spiritui
3087 5601 3285 5644 sancto.
3303 5591 3417 5657 Quo
3436 5590 3586 5645 linito
3600 5607 3718 5644 rur-

2150 5694 2239 5737 sus
2267 5679 2465 5734 dicitur
2495 5698 2506 5733 :
2544 5681 2874 5750 Adjutorium
2901 5690 3133 5733 nostrum
3159 5680 3213 5732 in
3241 5683 3443 5734 nomine
3486 5681 3713 5735 Domini.

2152 5767 2314 5845 338
2334 5769 2459 5823 llaec
2484 5770 2643 5838 igitur
2667 5787 2761 5841 per
2785 5772 3121 5842 quinquenos
3150 5771 3382 5840 psalmos
3411 5773 3715 5827 alternatim

2159 5873 2369 5931 semper
2388 5860 2676 5929 adduntur,
2693 5863 2856 5917 donec
2876 5861 3193 5920 Psalterium
3215 5878 3334 5919 cum
3354 5864 3523 5921 tribus
3537 5864 3716 5919 Domi-

3819 706 4043 774 pleatur.
4078 706 4171 759 His
4197 707 4360 759 etiam
4391 722 4495 761 non
4543 708 4823 774 neglectis.
4852 720 4972 776 quas
5000 708 5051 761 in
5080 708 5185 761 fine
5226 706 5376 763 Psal-

3820 798 3936 850 terii
3964 797 4210 850 videntur
4229 798 4455 867 adjecta,
4483 796 4759 861 videlicet,
4786 795 4857 850 Te
4875 797 5041 850 Deum
5066 797 5375 857 undantes;

3821 887 3976 941 Nunc
4004 888 4223 939 dimittis
4242 928 4256 951 ,
4284 888 4521 951 Domine,
4547 904 4749 941 serestus
4774 897 4917 941 tum
4940 902 4961 950 ,'
5001 886 5210 941 duobus
5235 903 5379 957 sym-

3818 981 3977 1043 bolis;
4013 978 4196 1033 Gloria
4220 981 4274 1033 in
4302 978 4515 1033 excelsis
4547 980 4688 1042 Dee;
4720 978 4876 1032 Pater
4907 987 5099 1041 noster,
5124 993 5246 1033 cum
5279 978 5379 1034 ﬁde

3816 1073 4108 1137 catholica;
4154 1082 4428 1141 postremo
4467 1072 4664 1125 litanias
4719 1087 4839 1125 cum
4880 1068 5217 1123 orationibus
5267 1069 5379 1122 haec

3814 1166 3989 1219 omnia
4012 1174 4267 1219 consueto
4289 1164 4392 1217 fine
4416 1162 4761 1219 concludunt.
4789 1161 5106 1216 Psalterium
5134 1173 5264 1213 vero
5285 1174 5380 1227 pro

3813 1254 4078 1309 defunctis
4118 1272 4238 1308 cum
4271 1270 4459 1309 novem
4500 1255 4819 1308 lectionibus
4850 1253 5065 1313 dicitur.
5098 1252 5270 1306 tribus
5297 1252 5379 1303 ni-

3813 1344 4005 1397 mirum
4034 1356 4131 1412 per
4157 1343 4558 1413 Quinquageuos
4586 1342 4820 1411 psalmos
4850 1357 4864 1393 :
4894 1340 4986 1410 qui
5018 1347 5193 1393 autem
5233 1339 5381 1394 solus

3814 1443 4055 1485 moratur
4095 1428 4289 1494 frater,
4337 1430 4656 1486 Psalterium
4693 1430 4910 1499 quidem
4941 1428 5182 1482 vivorum
5211 1435 5380 1480 totum

3810 1534 3908 1589 per
3934 1520 4171 1590 singulos
4194 1520 4308 1573 dies
4330 1519 4617 1589 adimplet;
4650 1519 5024 1573 defunctorum
5053 1524 5234 1570 autem
5268 1516 5383 1571 sive

3812 1614 4042 1667 medium
4066 1655 4079 1677 ,
4123 1615 4235 1667 sive
4264 1612 4622 1680 totum,juxta
4653 1612 4794 1682 quod
4825 1611 5017 1664 virium
5054 1608 5383 1678 possibilitas

3812 1704 4175 1757 administrat.
4223 1702 4486 1757 Horarum
4545 1712 4724 1757 autem
4773 1700 5065 1770 psalmodia
5120 1700 5378 1754 canonica

3812 1792 4030 1845 omnino
4071 1793 4210 1845 sicut
4259 1792 4312 1844 in
4347 1792 4709 1855 monasterio,
4760 1791 4835 1844 ita
4861 1788 4948 1844 hic
4996 1801 5095 1857 per
5138 1786 5379 1842 ordinem

3812 1882 4155 1936 nihilonfinu.c
4185 1891 4288 1935 tota
4320 1881 4664 1950 persolvitur.

4437 1968 4662 2024 CAPUT
4700 1968 4768 2022 Χ.

4346 2058 4417 2112 De
4442 2060 4634 2113 silentii
4664 2062 4832 2128 rigore

3883 2151 3994 2205 lloc
4020 2160 4197 2203 autem
4224 2150 4365 2203 inter
4390 2160 4581 2204 caetera
4606 2146 5121 2219 praetermittendum
5147 2162 5250 2201 non
5279 2155 5379 2209 est,

3811 2243 3937 2311 quia
3984 2242 4037 2295 in
4082 2240 4284 2294 cellulis
4323 2240 4634 2295 continuum
4670 2249 4906 2303 tenetur,
4938 2237 5075 2292 sicut
5116 2252 5302 2292 revera
5326 2237 5379 2290 in

3812 2329 4069 2391 oratorio,
4102 2345 4165 2382 ex
4196 2344 4344 2382 more
4368 2329 4672 2383 silentium:
4696 2343 4795 2383 nec
4816 2327 5165 2397 permittitur,
5194 2336 5252 2380 ut
5278 2327 5383 2381 illic

3814 2419 3949 2473 alter
3978 2418 4208 2472 alterum
4236 2417 4319 2471 vel
4360 2433 4457 2487 pro
4495 2417 4835 2472 confessione
4861 2417 5129 2486 loquatur,
5160 2425 5382 2484 excepto

3812 2512 3855 2563 si
3882 2510 4045 2577 priori
4075 2510 4245 2563 visum
4278 2508 4459 2572 fuerit,
4486 2518 4544 2563 ut
4570 2510 4807 2573 novitiis,
4841 2523 5137 2577 eorumque
5171 2509 5381 2562 iustitu-

3815 2600 4022 2654 toribus
4070 2599 4136 2652 ad
4187 2608 4397 2666 tempus
4432 2598 4823 2667 aliquantulum
4876 2597 5123 2667 loquendi
5168 2596 5377 2651 licentia

3813 2689 4156 2744 concedatur.
4184 2688 4240 2741 Si
4271 2687 4399 2757 quid
4424 2697 4601 2741 autem
4634 2688 4777 2757 loqui
4809 2686 5079 2758 indigent,
5106 2687 5171 2741 ad
5198 2687 5383 2742 Eccle-

3813 2780 3946 2833 siam
3976 2780 4319 2848 prodeuntes,
4362 2793 4586 2848 quicque
4620 2787 4746 2833 sunt
4788 2780 5118 2841 necessaria,
5160 2777 5381 2832 manife-

3814 2879 3975 2923 staut.
4008 2870 4099 2922 Est
4122 2870 4261 2923 enim
4296 2885 4501 2932 revera,
4532 2878 4588 2922 ut
4623 2870 4991 2939 experimento
5013 2869 5377 2937 cognovimus.

3814 2960 4114 3012 animarum
4146 2972 4335 3028 magna
4362 2958 4658 3013 destructio
4677 2997 4692 3021 ,
4722 2957 4811 3011 ubi
4840 2956 5039 3026 passim
5084 2956 5199 3011 fieri
5225 2956 5379 3010 collo-

3813 3050 3995 3116 quinm
4021 3049 4072 3101 in
4101 3048 4231 3101 cella
4262 3049 4608 3117 permittitur.
4635 3048 4765 3102 Nam
4804 3048 4931 3101 dum
4956 3046 5153 3101 infirmi
5185 3048 5382 3116 quith

3816 3138 4028 3201 fratres,
4062 3138 4149 3205 qui
4181 3138 4279 3192 sub
4308 3137 4663 3193 confessionis
4691 3138 4869 3205 specie
4894 3152 4954 3193 se
4981 3138 5207 3190 invicem
5250 3138 5379 3191 visi-

3820 3240 3954 3293 tant,
3981 3231 4215 3284 breviter
4236 3230 4448 3299 explent
4472 3232 4611 3298 quod
4636 3240 4930 3299 cmperaut,
4954 3229 5019 3282 ad
5047 3228 5146 3281 alia
5179 3244 5237 3283 se
5261 3244 5381 3282 mox

3744 3293 3787 3350 (ἶ
3823 3324 4006 3375 frivola
4033 3337 4084 3376 et
4104 3324 4299 3384 otiosa,
4325 3323 4451 3376 data
4477 3320 4642 3376 semel
4671 3321 4883 3389 procaci
4918 3320 5111 3389 lingua:
5138 3317 5383 3374 libertate

3818 3414 4041 3467 dilatant
4070 3432 4083 3465 :
4113 3423 4162 3467 et
4190 3413 4336 3466 obliti
4383 3422 4603 3482 repente
4630 3426 4800 3483 quare
4844 3411 5225 3475 convenerint,
5260 3426 5381 3465 mox

3817 3503 4074 3556 fratribus
4118 3504 4261 3561 suis,
4313 3503 4395 3556 vel
4445 3503 4610 3557 etiam
4659 3502 4930 3571 prioribus
4968 3502 5297 3555 detrahunt:
5330 3510 5385 3554 et

3816 3612 3951 3664 quos
3993 3610 4174 3648 amare
4205 3595 4519 3657 sinceriter,
4564 3603 4617 3648 et
4656 3609 4787 3663 pure
4817 3594 5113 3648 debuerant
5142 3632 5157 3656 ,
5188 3592 5346 3645 dente
5366 3632 5381 3655 ,

3816 3694 3873 3739 ut
3904 3687 3973 3738 ita
4007 3685 4227 3753 loquar,
4258 3684 4421 3737 livido
4452 3684 4781 3739 mordaciter
4826 3682 5040 3738 rodunt.
5090 3680 5291 3736 Deinde
5316 3681 5383 3734 ad

3815 3774 4091 3828 secularia
4124 3781 4437 3837 transeunt,
4470 3780 4525 3827 et
4568 3772 4825 3841 quidquid
4850 3779 4949 3833 est,
4989 3770 5131 3840 quod
5158 3770 5210 3823 in
5238 3768 5384 3822 urbi-

3815 3868 3914 3919 bus
3942 3866 4148 3935 agitur,
4180 3864 4245 3917 de
4275 3877 4339 3916 eo
4372 3863 4424 3915 in
4470 3862 4659 3917 cellula
4699 3862 5019 3931 disputatur.
5058 3858 5295 3913 Necdum
5333 3859 5383 3912 id

3816 3956 3881 4008 ad
3916 3970 4072 4009 aures
4106 3953 4245 4023 vulgi
4282 3951 4420 4011 fama
4445 3952 4696 4020 pertulit,
4728 3951 4865 4005 unde
4892 3951 5201 4020 plerumque
5232 3963 5384 4002 mon-

3817 4044 3947 4099 tium
3968 4043 4079 4110 jam
4103 4050 4309 4096 secreta
4339 4040 4646 4110 complevit.
4674 4038 4826 4094 Adde
4847 4080 4862 4105 ,
4890 4041 5033 4110 quod
5069 4038 5384 4093 absentibus

3814 4136 4072 4198 arbitris,
4122 4141 4324 4202 quanto
4371 4130 4803 4201 reprehensionis
4863 4130 5163 4183 securiores
5211 4136 5335 4182 sunt
5365 4165 5379 4190 ,

3818 4238 3999 4289 tanto.
4029 4225 4289 4296 quidquid
4338 4224 4531 4291 linguae
4574 4219 4930 4276 conﬂuxerint
4955 4258 4969 4281 ,
5002 4217 5222 4272 liberius
5263 4216 5382 4270 fun-

3814 4320 3967 4374 dunt.
4004 4313 4321 4384 Sicque‘flt,
4363 4313 4527 4382 utqui
4558 4310 4815 4382 purgandi
4841 4323 4961 4363 sese
4999 4322 5162 4362 causa
5187 4321 5383 4361 conve-

3816 4415 4042 4469 nerant,
4069 4404 4342 4460 cumulato
4371 4403 4565 4475 lingua:
4591 4400 4837 4471 contagio
4868 4415 4899 4453 a
4928 4414 4988 4453 se
5013 4398 5241 4455 invicem
5266 4412 5381 4452 sor-

3815 4498 4047 4553 didiores
4074 4497 4413 4551 abscindaut.

4424 4583 4649 4641 CAPUT
4686 4582 4774 4638 XI.

4014 4678 4092 4732 De
4120 4677 4419 4731 monasticae
4445 4675 4783 4731 institutionis
4816 4672 5181 4727 observatione.

3884 4769 4015 4824 Illud
4046 4767 4207 4821 etiam
4231 4781 4334 4821 non
4362 4767 4580 4821 minima
4606 4780 4736 4837 pars
4749 4763 5091 4837 poenitentia:
5111 4771 5215 4825 est,
5236 4762 5378 4831 quod

3814 4858 3960 4915 omni
3994 4866 4232 4924 tempore
4256 4856 4370 4910 sive
4398 4863 4614 4918 aestate,
4644 4854 4757 4909 sive
4794 4854 4967 4908 hieme
4996 4866 5100 4905 non
5146 4852 5376 4915 calceis,

3818 4965 3926 5004 non
3957 4950 4131 5005 ocreis
4181 4955 4410 5001 utuntur
4440 4948 4491 5000 in
4540 4944 4778 5009 cellulis;
4826 4945 4919 4999 sed
4972 4944 5127 4998 nudis
5165 4952 5378 5014 semper

3816 5039 4084 5101 cruribus,
4127 5047 4180 5092 et
4212 5038 4434 5107 pedibus
4460 5039 4791 5092 consuetudo
4814 5046 4898 5091 est
4923 5051 5263 5106 permanere,
5287 5052 5378 5091 ex.

3816 5130 3985 5200 ceptis
4018 5132 4118 5196 his,
4138 5132 4225 5199 qui
4248 5131 4479 5199 graviori
4498 5131 4735 5185 molestia
4758 5128 5081 5183 infirmitatis
5102 5137 5375 5197 urgentur.

3818 5222 4079 5293 ltegulare
4137 5232 4317 5276 autem
4363 5232 4447 5277 est
4497 5223 4839 5278 monasteriis
4885 5221 4963 5292 (S.
5009 5220 5207 5274 Besso.
5250 5219 5373 5289 Reg.

3818 5325 3937 5378 cap.
3972 5311 4080 5378 51).
4131 5322 4187 5363 ut
4215 5311 4288 5375 ii,
4319 5312 4407 5379 qui
4454 5312 4505 5364 in
4556 5313 4696 5366 viam
4732 5310 5067 5379 diriguntur,
5100 5308 5228 5362 foris
5272 5324 5375 5361 non

3817 5402 4116 5463 comedam,
4149 5403 4191 5453 si
4226 5415 4292 5454 eo
4322 5402 4405 5455 die
4433 5414 4649 5470 sperant
4677 5400 4838 5471 339
4861 5399 5071 5454 reverti.
5104 5396 5200 5452 Cui
5234 5397 5378 5450 vide-

3818 5492 3941 5546 licet
3970 5492 4330 5546 observantia:
4368 5492 4494 5546 illud
4534 5492 4697 5545 etiam
4744 5492 4881 5560 apud
4910 5505 5005 5544 nos
5044 5488 5259 5542 additur
5281 5527 5296 5553 ,
5320 5497 5376 5541 ut

3818 5586 3929 5638 sive
3959 5586 4092 5652 ipso,
4119 5584 4231 5636 sive
4257 5583 4365 5636 alio
4390 5584 4475 5636 die
4511 5583 4672 5637 fuerit
4696 5584 4815 5652 quis
4849 5596 5117 5652 egressus.
5141 5582 5375 5649 exceptis

3818 5675 4099 5743 praecipuis
4132 5674 4527 5736 festivitatibus,
4548 5672 4764 5743 jejunus
4794 5687 5007 5741 semper
5034 5672 5101 5725 ad
5136 5686 5374 5727 eremutn

3819 5780 4119 5825 revertatur
4146 5789 4157 5823 :
4188 5771 4267 5823 sin
4304 5770 4436 5825 alias
4461 5770 4773 5839 paenitentia
4802 5785 4905 5823 non
4937 5768 5127 5822 deerit.

3894 5864 3964 5918 De
4007 5864 4213 5918 cmtcris
4238 5879 4363 5917 vero
4392 5864 4698 5917 monasticae
4727 5860 5076 5918 institutionis
5121 5857 5368 5916 observa-
