5514 6658
3199 133 3204 136 .
3313 127 3328 136 ιιι
3363 125 3388 142 τ,-
3436 126 3475 141 τζν
3524 124 3603 141 7"...—
3682 134 3687 135 γ
3730 128 3733 131 η
3770 130 3773 131 ν

2685 165 2698 168 -
2867 157 2948 166 -μ-
3007 141 3118 166 ,-¹“--¹
3166 158 3191 161 μγ
3233 159 3242 164 ,
3408 152 3479 167 ;,-Ἱ
3614 148 3629 151 -
3684 154 3687 155 ν
3738 162 3743 163 7
3816 162 3831 165 _
3866 160 3875 163 Δ

2913 179 2958 186 --
2985 179 3012 188 ι·-
3031 171 3040 180 ¹
3067 165 3144 186 "3-1-
3183 179 3188 182 -
3370 166 3379 171 ’
3488 164 3533 171 '-
3570 186 3581 193 ν
3610 164 3711 191 ζ”ηέ
3768 170 3805 187 -ιί
3834 182 3841 187 η
3898 174 3899 177 ‘

2547 217 2560 222 -
2657 215 2678 224 ι
2737 199 2918 224 *ν’-τ’
2939 193 3274 228 -*-"r‘::a:r.
3308 220 3319 225 ἦ
3442 198 3491 211 "‘
3586 220 3589 223 ι
3630 208 3651 215 ᾼ-
3686 198 3709 211 τ’
3750 202 3791 219 τν
3874 208 3877 211 ·

2823 225 2836 228 “
2877 225 2918 228 —
3125 229 3162 254 -,
3265 225 3408 258 ""__:':
3443 229 3486 236 ---
3659 228 3899 253 πλέην-..μέμ
4052 242 4055 243 ,

571 621 683 681 345

574 832 816 888 tenetur,
850 823 990 878 idem
1034 820 1197 875 etiam
1228 820 1316 876 hic
1348 828 1508 875 caute
1542 829 1599 875 et
1622 820 1851 875 solerter
1879 816 2156 873 nihilomiv

574 928 683 969 nus
714 911 1017 969 custoditur
1045 928 1060 965 :
1085 908 1340 965 videlicet
1366 910 1431 965 de
1458 910 1863 979 promptissima
1897 907 2155 963 obedien-

576 1003 679 1071 tia,
709 1013 766 1058 ut
792 1001 1148 1073 quodcunque
1176 1000 1516 1070 prmeipitur,
1546 999 1825 1055 humiliter
1856 1007 1913 1053 et
1939 996 2155 1052 ferven-

576 1092 788 1148 tissime
826 1098 1152 1162 peragatur;
1206 1088 1273 1144 de
1318 1104 1424 1142 non
1468 1087 1680 1152 dando,
1727 1086 1811 1142 vel
1837 1084 2154 1157 accipiendo

1382 618 1625 677 OPUSC.
1658 616 1773 674 XV.
1803 646 1875 657 —
1909 615 1999 671 DE
2036 612 2428 669 lNSTl'l‘UTlS
2467 612 2629 671 ORD.
2670 613 2954 671 EREMI'I‘.

574 733 835 797 tionibus,
858 727 1116 803 quidquid
1141 728 1196 783 in
1219 727 1451 800 regulari
1478 738 1537 785 et
1555 728 1803 784 districto
1824 724 2155 783 monasterio
2180 727 2233 788 Α
2257 724 2667 781 hebdomadam»
2690 723 2988 793 jejunando
3043 720 3205 779 facile
3256 723 3581 795 transigunt,
3622 727 3844 796 quidam

526 1218 529 1221 ν
575 1184 695 1239 sine
725 1181 969 1251 iussione
1010 1180 1228 1249 prioris,
1263 1179 1330 1235 de
1362 1178 1583 1249 proprio
1620 1194 1726 1233 non
1781 1176 2061 1241 habendo;
2096 1183 2167 1230 ut.
2200 1178 2203 1181 '

574 1276 702 1332 dum
763 1283 888 1330 sunt
942 1274 998 1328 in
1046 1272 1304 1335 claustro,
1335 1272 1475 1339 quod
1510 1279 1595 1325 est
1628 1270 1783 1340 juxta
1840 1266 2152 1332 ecclesiam,

572 1366 691 1422 sive
722 1363 950 1421 infestis
981 1363 1203 1427 diebus,
1234 1362 1350 1416 sive
1376 1360 1627 1415 omnibus
1666 1358 2155 1428 incompetentibus

570 1458 725 1513 horis
750 1456 1021 1511 silentium
1054 1462 1301 1519 teneant;
1329 1461 1391 1507 ut
1413 1452 1463 1506 in
1501 1451 1771 1522 capitulo,
1794 1452 1846 1506 in
1880 1450 2151 1515 oratorio,

570 1548 627 1603 in
657 1547 945 1603 refectorio
974 1545 1275 1617 regularem
1305 1544 1749 1601 consuetudinem
1797 1558 1904 1599 non
1934 1552 2156 1611 postpo-

568 1648 733 1705 nant;
769 1649 825 1694 ut
850 1654 973 1695 cum
1000 1636 1303 1707 hospitibus
1336 1652 1439 1691 non
1480 1635 1809 1705 loquantur;
1839 1646 2002 1704 atque
2032 1634 2153 1689 ideo

566 1744 599 1784 a
630 1729 836 1785 cellulis
882 1743 1052 1798 usque
1100 1726 1165 1781 ad
1210 1724 1494 1781 ecclesiam
1547 1727 1663 1780 sive
1706 1725 2004 1785 venientes,
2037 1724 2153 1777 sive

567 1820 880 1882 redeuntes,
912 1832 943 1870 a
974 1831 1201 1872 censura
1242 1809 1557 1870 silentiiuon
1571 1814 1918 1884 recedant(S.
1945 1812 2146 1867 Besso.

566 1907 695 1978 Reg.
712 1923 826 1978 cap.
847 1910 899 1971 ὃ,
914 1908 1004 1974 55,
1018 1907 1106 1972 54;
1122 1908 1177 1970 5,
1194 1906 1283 1971 55,
1296 1905 1469 1969 42,52
1483 1914 1531 1960 et
1545 1905 1635 1974 55)
1654 1920 2001 1960 :enumerare
2012 1912 2155 1974 post-

564 2000 842 2070 pouimus,
870 2000 993 2070 quia
1030 1998 1275 2055 laciniosi
1304 1997 1428 2067 styli
1468 1995 1746 2051 fastidium
1768 1997 2092 2052 devitamus.

1177 2088 1405 2145 CAPUT
1445 2088 1559 2144 XII.

983 2180 1058 2236 De
1082 2181 1271 2250 pietate
1289 2196 1413 2250 erga
1437 2180 1733 2249 defunctos.

636 2272 769 2329 Illud
809 2283 976 2329 etiam
1023 2272 1238 2328 silentio
1285 2268 1551 2342 prmte‘riri
1605 2272 1826 2342 dignum
1877 2288 2001 2329 esse
2044 2288 2155 2329 non

563 2364 834 2428 ducimus,
864 2363 991 2433 quia
1021 2377 1143 2417 cum
1172 2361 1342 2417 frater
1368 2361 1635 2432 quispiam
1678 2377 1745 2419 ex
1777 2362 1979 2418 nostris
2001 2362 2167 2419 obie-

564 2458 659 2521 rit,
686 2455 777 2525 qui
801 2454 1048 2509 videlicet
1073 2452 1353 2508 uobiscum
1384 2452 1605 2523 degunt,
1633 2468 1731 2522 pro
1757 2469 1824 2508 eo
1853 2455 2151 2523 unusquis-

562 2562 673 2619 que
722 2555 926 2617 septem
970 2546 1086 2600 dies
1127 2542 1339 2613 jejunat
1366 2583 1381 2609 ,
1421 2552 1627 2613 septem
1674 2543 1989 2613 disciplinas
2025 2557 2151 2598 cum

564 2638 802 2695 millenis
831 2650 1122 2708 scoparum
1160 2634 1358 2689 ictibus
1384 2634 1611 2702 accipit,
1644 2629 2012 2704 septingentas
2040 2648 2156 2688 ωας

562 2740 779 2786 tanteas
803 2729 955 2795 facit,
996 2727 1219 2798 triginta
1246 2727 1467 2794 insuper
1490 2725 1754 2781 Psalteria
1783 2742 1849 2781 ex
1880 2739 2032 2780 more
2062 2726 2156 2780 de-

562 2830 787 2886 cantat,
822 2828 877 2876 et
913 2818 1283 2889 unusquisque
1325 2817 1581 2873 sacerdos
1609 2828 1814 2888 septem
1853 2818 2049 2873 missas
2080 2816 2154 2871 illi

564 2928 664 2983 pro
691 2926 788 2965 sua
817 2925 1047 2981 persona
1079 2908 1367 2979 persolvit,
1398 2908 1547 2963 salvo
1578 2925 1643 2965 eo
1666 2952 1679 2975 ,
1708 2910 1850 2979 quo-l
1880 2909 2155 2965 continuis

563 3014 781 3071 quoque
805 3000 1025 3069 triginta
1056 2998 1245 3053 diebus
1270 3014 1369 3068 pro
1394 3014 1459 3053 eo
1493 3000 1781 3054 missarum
1813 2999 2073 3054 solemnia
2102 2999 2153 3053 in

568 3098 837 3147 conventu
871 3088 1233 3146 communiter
1254 3087 1618 3144 celebrantur.
1656 3089 1781 3145 ll:ec
1808 3090 1972 3160 igitur
1996 3089 2156 3160 hujus

566 3181 670 3236 loci
718 3181 897 3252 regula
944 3179 1089 3235 nulla
1132 3182 1244 3234 voti
1286 3179 1553 3237 varietate
1610 3182 1983 3250 postponitur;
2040 3182 2157 3236 huic

566 3271 898 3327 consuetudo
945 3271 1091 3325 circa
1132 3269 1419 3325 defunctos
1474 3272 1722 3333 districta
1777 3288 2004 3342 prorsus
2036 3314 2048 3338 ,
2099 3283 2157 3328 et

570 3362 863 3419 inviolabili
891 3377 1106 3432 semper
1127 3363 1503 3417 observatione
1532 3372 1763 3417 tenetur.

638 3456 695 3510 Si
723 3462 900 3509 autem
929 3452 1051 3523 quis
1075 3452 1302 3509 fortasse
1333 3454 1588 3516 novitius,
1621 3455 1701 3506 val
1730 3455 1970 3515 quolibet
1996 3458 2155 3509 modo

573 3545 869 3616 iniunctam
916 3544 1292 3614 paenitentiam
1350 3553 1523 3599 morte
1549 3556 1856 3613 praaveutus
1901 3559 2157 3601 consum-

572 3652 719 3692 mare
764 3651 873 3691 non
919 3635 1109 3707 potuit,
1143 3650 1264 3688 mox
1299 3644 1358 3689 ut
1398 3636 1464 3691 ad
1508 3634 1737 3691 fratrum
1786 3638 2034 3692 notitiam
2068 3652 2156 3691 res

570 3727 839 3797 patefacta
867 3725 1195 3797 pervenerit,
1222 3740 1344 3780 cum
1375 3741 1569 3795 magno
1598 3726 1809 3783 fervore
1839 3736 1950 3783 tota
1980 3728 2156 3797 poeni-

572 3819 758 3883 tentia,
784 3816 943 3887 parili
969 3814 1111 3871 facta
1141 3814 1284 3869 inter
1307 3829 1400 3870 eos
1424 3815 1689 3871 divisione
1718 3817 2014 3885 suscipitur
2045 3834 2058 3869 :
2100 3826 2153 3871 et

571 3906 907 3979 quantalibet
932 3905 1023 3970 sit,
1070 3904 1219 3959 brevi
1248 3906 1423 3973 spatio
1450 3919 1546 3973 per
1576 3906 1821 3961 diversos
1846 3906 2154 3962 afﬂictiouis

577 3995 758 4051 modos
801 4004 1027 4049 ovanter
1070 3993 1338 4063 expletur.
1381 3993 1557 4048 Pauca
1604 3995 1766 4065 igitur
1792 3996 1860 4051 de
1905 4002 2001 4059 ea,
2034 4012 2154 4065 qum

578 4101 717 4141 nunc
756 4093 868 4148 est,
916 4085 1075 4155 hujus
1097 4086 1263 4139 eremi
1312 4085 1727 4141 conversatione
1762 4066 2026 4142 sufﬁciant
2055 4106 2067 4141 :
2097 4100 2153 4144 ut

575 4191 666 4245 per
712 4180 848 4238 inec,
898 4190 1018 4245 qua:
1060 4176 1301 4231 breviter
1342 4176 1711 4243 adnotantur,
1757 4179 1934 4233 valeat
1975 4180 2151 4249 colligi

572 4265 697 4334 quid
724 4281 789 4319 ex
817 4265 920 4331 his,
950 4281 1070 4335 qua:
1112 4266 1328 4320 silentio
1371 4269 1738 4337 praetermissa
1769 4280 1917 4336 sunt,
1960 4271 2155 4326 debeat

574 4353 848 4409 :estimari.

1149 4446 1379 4503 CAPUT
1417 4446 1552 4503 Xlll.

1206 4538 1539 4594 Adhortatio.

640 4630 763 4687 [free
791 4630 995 4700 itaque,
1024 4629 1370 4686 dilectissime
1400 4630 1475 4686 illi
1494 4672 1507 4695 ,
1550 4647 1671 4701 quae
1694 4633 1759 4689 de
1788 4632 2014 4701 fratrum
2057 4652 2154 4692 no—

2184 3423 2227 3484 C

3733 617 3845 674 δίο

2256 830 2387 872 vero
2414 817 2579 871 etiam
2606 817 2753 871 bidui
2777 814 3043 886 jejunium
3082 814 3463 871 molestissime
3492 813 3673 879 ferunt
3706 834 3719 869 :
3751 817 3846 885 sed

2255 906 2311 961 in
2339 906 2427 962 bis
2452 906 2773 962 exhibendis
2805 921 2911 961 non
2961 905 3147 975 dispar
3176 905 3427 960 meritum
3462 914 3689 975 uterque
3727 921 3847 962 sor-

2256 998 2405 1061 titur,
2447 1007 2505 1052 et
2550 1000 2804 1053 robustus
2842 995 3117 1060 videlicet,
3174 996 3267 1065 qui
3313 988 3477 1050 fortia
3525 997 3850 1069 peragit;et

2253 1090 2469 1156 debilis,
2522 1092 2615 1161 qui
2666 1106 2762 1155 ea,
2821 1106 2943 1161 qua:
2989 1089 3294 1161 praevalet,
3342 1089 3569 1144 minima
3599 1104 3706 1145 non
3755 1105 3844 1145 re-

2251 1181 2468 1254 linquit.
3296 1256 3299 1257 ν

2324 1273 2670 1345 Quapropter
2696 1272 2911 1329 dimcile
2932 1282 3017 1329 est
3041 1272 3379 1328 detinitivam
3398 1286 3851 1349 communemque

2253 1365 2500 1434 regulam
2532 1380 2697 1435 super
2721 1365 2948 1436 jejuniis
2971 1365 3324 1430 constituere,
3350 1379 3419 1420 ne
3437 1378 3633 1434 cogere
3656 1364 3846 1420 videa-

2253 1471 2377 1509 mur
2398 1454 2481 1510 vel
2508 1454 2764 1510 fortiores
2800 1470 2829 1507 a
2857 1470 2953 1510 sua
2994 1453 3331 1525 perfectione
3370 1454 3739 1525 languescere,
3762 1454 3849 1510 vel

2254 1545 2457 1601 debiles
2509 1545 2717 1599 viribus
2762 1545 2877 1599 suis
2926 1543 3133 1613 majora
3188 1553 3402 1605 tentare
3441 1542 3850 1615 :Unusquisque

2253 1638 2398 1693 enim
2426 1638 2695 1708 praprium
2742 1636 2937 1692 donum
2964 1636 3117 1690 habet
3143 1653 3207 1690 ea:
3245 1636 3373 1700 Deo,
3403 1636 3543 1689 alius
3568 1636 3663 1703 sic,
3710 1634 3849 1690 alius

2254 1718 2435 1782 autent
2479 1729 2574 1782 sic.
2616 1726 2750 1781 Nam
2798 1736 2855 1782 et
2901 1726 3041 1797 apud
3085 1725 3341 1795 antiquos
3377 1720 3571 1780 Patres
3607 1734 3848 1785 nostros,

2252 1817 2541 1886 plerosque
2566 1816 2797 1887 legimus
2820 1815 3118 1880 exstitisse,
3142 1816 3234 1885 qui
3252 1815 3414 1869 etiam
3439 1813 3599 1869 simul
3626 1813 3679 1868 in
3696 1828 3849 1869 eom-

2255 1908 2402 1962 mnni
2453 1906 2877 1975 congregatione
2914 1906 3185 1968 viventes,
3227 1921 3332 1960 non
3386 1918 3731 1959 communem
3773 1902 3855 1957 vi-

2252 1999 2412 2054 vendi
2444 1998 2682 2069 regulam
2710 2004 3018 2055 tenuerunt.
3066 1996 3225 2053 Vires
3252 2012 3384 2068 ergo
3406 2011 3533 2053 suas
3557 1994 3855 2065 unusquis-

2183 2075 2234 2136 Β
2259 2104 2366 2163 que
2410 2092 2784 2153 considerans,
2840 2106 2948 2146 non
2997 2090 3351 2160 semetipsum
3384 2089 3620 2145 inaniter
3658 2086 3849 2143 fallat:

2255 2197 2363 2237 non
2391 2196 2451 2237 se
2480 2182 2734 2237 simulata
2754 2181 3035 2237 debilitate
3065 2182 3303 2251 decipiat
3333 2199 3347 2234 :
3376 2181 3471 2236 sed
3511 2164 3676 2251 prout
3702 2178 3857 2234 vide-

2254 2273 2329 2327 rit
2352 2286 2412 2327 se
2440 2286 2625 2343 posse,
2656 2272 2759 2328 sub
2802 2271 3120 2328 sobrietatis
3151 2269 3381 2343 legibus,
3412 2277 3469 2327 et
3508 2269 3854 2326 abstinentia

2254 2376 2315 2418 se
2337 2362 2522 2433 rigore
2542 2362 2903 2434 constringat.
3088 2433 3091 2441 ⁴

2847 2451 3079 2508 CAPUT
3118 2450 3257 2506 XIV.

2300 2541 2379 2596 De
2400 2542 2467 2598 iis
2486 2544 2578 2613 qui
2624 2543 2845 2597 arctiori
2872 2542 3077 2598 vivendi
3102 2559 3288 2613 genere
3312 2559 3368 2597 se
3394 2542 3809 2597 obstrinxerunt.

2325 2632 2499 2689 Porro
2532 2642 2588 2688 et
2610 2634 2752 2689 inter
2801 2648 2907 2689 nos
2928 2648 3144 2704 quoque
3176 2632 3417 2688 nonnulli
3460 2632 3658 2688 fratres
3705 2639 3854 2695 sunt,

2256 2724 2349 2795 qui
2386 2723 2546 2796 longe
2592 2724 2721 2790 alia,
2769 2740 2931 2795 quam
2972 2725 3060 2779 bic
3091 2724 3353 2793 scriptum
3376 2732 3479 2788 est,
3512 2724 3597 2778 via
3627 2737 3858 2777 conver-
3912 2745 3919 2751 ε

2256 2816 2483 2870 sationis
2516 2816 2796 2879 incedunt,
2845 2824 2901 2871 et
2936 2815 3163 2870 arctiori
3218 2828 3278 2869 se
3313 2817 3420 2868 no’n
3464 2813 3748 2869 minimum
3782 2810 3858 2864 vi-

2254 2904 2413 2959 vendi
2440 2905 2556 2976 lege
2588 2907 2987 2976 constringunt.
3013 2905 3117 2959 Alii
3148 2904 3415 2974 siquidem
3440 2902 3586 2957 nullo
3616 2915 3855 2971 unquam

2258 3004 2502 3065 tempore
2550 2997 2735 3051 vinum
2780 2998 2994 3062 bibunt,
3059 2998 3145 3051 vel
3191 3005 3403 3051 acetum
3450 2993 3858 3065 qnomodolibet

2258 3087 2519 3142 hauriunt
2545 3106 2559 3143 :
2589 3088 2681 3143 atii
2709 3103 2841 3144 vero
2869 3089 3006 3151 ovis,
3047 3088 3188 3144 lacte
3219 3087 3381 3144 simul
3408 3097 3463 3143 et
3491 3100 3671 3150 caseo,
3697 3085 3856 3140 suina

2257 3195 2476 3249 quoque
2506 3182 2833 3251 pinguedine
2872 3197 2979 3237 non
3008 3190 3341 3247 vescuntur;
3373 3180 3623 3250 plerique
3656 3184 3857 3231 matta-

2260 3286 2377 3324 rum
2410 3271 2557 3325 velut
2607 3273 2789 3326 mollia
2817 3282 2988 3328 strata
3012 3272 3343 3343 despiciunt,
3373 3280 3429 3327 et
3478 3268 3757 3341 papyrinis
3785 3266 3855 3322 ad

2262 3365 2652 3434 quiescendum
2679 3370 2921 3423 contenti
2954 3377 3081 3423 sunt
3111 3368 3329 3433 storeis,
3362 3367 3435 3421 ita
3468 3375 3528 3419 ut
3573 3362 3852 3435 palearum

2261 3473 2477 3528 quoque
2499 3469 2804 3515 stramenta
2853 3460 3044 3529 subjici
3090 3476 3318 3531 prorsus
3362 3459 3733 3517 abhorreant:
3764 3452 3855 3509 alii

2260 3549 2561 3615 asperrima
2608 3565 2838 3619 qumque
2883 3552 3062 3605 cilicia
3099 3560 3355 3619 tanquam
3392 3548 3597 3611 mollia,
3628 3562 3690 3601 ac
3720 3536 3856 3599 deli-

2259 3646 2378 3689 cata
2413 3638 2725 3693 indumenta
2759 3650 3138 3700 contemnunt,
3192 3649 3247 3693 et
3280 3639 3463 3693 loricis
3514 3638 3582 3690 ad
3632 3647 3853 3690 carnem

2259 3726 2452 3784 ferreis
2508 3729 2826 3785 induuntur.
2871 3730 2988 3786 Non
3020 3732 3194 3795 deest,
3244 3730 3334 3799 qui
3371 3732 3537 3784 totius
3567 3728 3692 3781 anni
3725 3734 3858 3780 tem-

2257 3834 2389 3888 pore
2428 3835 2525 3889 per
2572 3821 2816 3891 singulos
2846 3837 2953 3876 non
3006 3822 3166 3877 modo
3192 3836 3530 3886 communes,
3562 3819 3654 3875 sed
3686 3816 3855 3874 etiam

2257 3912 2499 3973 festivos,
2524 3920 2688 3981 atque
2715 3912 3027 3979 Dominicos
3052 3913 3195 3979 dies,
3218 3913 3442 3967 dimidio
3466 3912 3535 3967 sit
3573 3926 3709 3980 pane
3728 3926 3857 3965 eon-

2258 4009 2462 4056 tentus.
2496 4001 2595 4056 llic
2638 4002 2779 4056 idem
2814 4001 2987 4057 frater
3018 4018 3117 4072 per
3162 4002 3433 4071 integrum
3479 4008 3535 4055 et
3570 3999 3855 4055 dimidium

2255 4091 2482 4146 circiter
2532 4108 2738 4146 annum
2771 4095 3017 4164 quinque
3062 4093 3255 4149 diebus
3284 4080 3637 4148 hebdomadas
3670 4091 3853 4147 cibum

2255 4196 2364 4234 non
2393 4183 2589 4254 tetigit,
2644 4183 2775 4239 solis
2822 4194 3005 4238 autem
3056 4184 3361 4247 Dominica,
3411 4192 3467 4236 et
3493 4181 3683 4252 quinta
3713 4180 3859 4235 feria

2255 4274 2541 4330 comedere
2575 4283 2865 4329 contentus
2886 4273 3008 4330 fuit.
3041 4272 3197 4329 Nunc
3225 4274 3390 4328 etiam
3414 4271 3711 4329 Dominicis
3739 4270 3857 4326 die.

2254 4362 2377 4429 bus,
2424 4374 2480 4418 et
2524 4366 2713 4433 quinta
2762 4364 2897 4420 feria
2955 4374 3078 4435 post
3124 4365 3316 4419 horam
3354 4363 3606 4417 videlicet
3651 4375 3850 4416 nonam

2255 4454 2336 4509 sic
2368 4471 2474 4509 uno
2528 4454 2811 4525 pulmento
2862 4454 3130 4520 reficitur,
3192 4436 3250 4510 ut
3282 4455 3580 4512 secundum
3629 4469 3869 4525 prorsus.

2256 4546 2488 4618 ignoret.

2328 4638 2425 4693 Est
2462 4640 2628 4693 ctiam
2681 4640 2775 4711 qui
2830 4640 3184 4695 continentia:
3230 4649 3286 4696 et
3327 4638 3639 4696 sobrietatis
3662 4651 3856 4693 arnore

574 4729 802 4778 strorum
830 4721 925 4776 tibi
952 4721 1364 4777 conversatione
1376 4724 1725 4792 protulimus,
1752 4726 2046 4798 diligenter
2066 4730 2149 4783 in-
2182 4758 2232 4819 υ
2260 4748 2366 4789 non
2393 4733 2552 4787 modo
2592 4734 2790 4803 pomis,
2821 4734 2914 4790 sed
2945 4744 2999 4790 et
3023 4734 3188 4803 ca2pis
3218 4744 3275 4789 et
3302 4735 3501 4805 porris,
3534 4732 3747 4787 cunctis
3771 4729 3854 4783 vi-

575 4816 764 4869 tuenda
795 4829 905 4884 prae
948 4811 1120 4869 oculis
1160 4828 1331 4883 pone;
1366 4816 1513 4871 vires
1549 4818 1715 4872 etiam
1750 4828 1869 4873 tuas
1902 4819 2047 4875 velut
2096 4822 2147 4873 in

574 4912 767 4959 statera
786 4903 1043 4959 districta:
1066 4904 1485 4961 examinationis
1507 4908 1782 4977 appende:
1809 4916 1869 4963 ut
1888 4911 2003 4965 sive
2024 4911 2151 4966 sub-

575 4994 735 5061 sidus,
768 4995 882 5050 sive
914 4995 1085 5065 magis
1113 4995 1376 5061 eminens,
1411 4997 1539 5052 dum
1572 4998 1682 5055 triti
1710 5008 1908 5055 metam
1948 5002 2152 5072 jugiter

577 5086 952 5157 contemplaris
999 5086 1248 5152 itineris,
1299 5102 1399 5157 per
1444 5088 1784 5151 anfractuum
1819 5086 2149 5149 diverticula

576 5191 790 5243 prorsus
812 5177 1065 5231 oberrare
1090 5193 1196 5231 non
1220 5180 1413 5247 possis.
1433 5178 1565 5232 Nam
1583 5188 1635 5235 et
1652 5182 1832 5250 pictor
1857 5183 2146 5255 imaginem

577 5266 731 5339 340
754 5269 1150 5337 compilationis
1178 5270 1353 5339 gratia
1386 5271 1607 5326 sibimet
1656 5288 1755 5342 pro
1787 5275 1982 5331 scheda
2015 5292 2149 5332 con-

577 5358 762 5423 stituit,
795 5360 885 5429 qui
916 5368 1094 5413 tamen
1144 5361 1210 5412 ad
1239 5376 1547 5415 mensuram
1583 5364 1797 5429 tabulm,
1824 5381 1942 5435 quae
1972 5384 2148 5423 versa-

581 5455 660 5501 tur
678 5450 727 5503 in
760 5450 1030 5515 manibus,
1053 5452 1233 5505 omnia
1268 5451 1482 5523 redigit,
1513 5463 1569 5507 et
1594 5454 1720 5510 huic
1750 5466 1998 5528 cooptata
2033 5476 2147 5512 mu-

580 5535 702 5596 tuati
730 5544 908 5612 operis
942 5544 1256 5598 libramenta
1284 5548 1558 5614 componit
1615 5546 1695 5601 Tu
1744 5552 1908 5606 etiam
1948 5554 2145 5606 nihilo-

580 5630 745 5688 minus
790 5645 943 5704 juxta
977 5633 1193 5688 modum
1232 5635 1450 5701 virium,
1500 5653 1661 5707 quem
1708 5641 1810 5695 tibi
1845 5643 2148 5699 coslestium

579 5719 954 5778 charismatum
984 5724 1232 5795 Largitor
1252 5724 1528 5795 infuderit,
1556 5730 1669 5787 iure
1698 5734 1792 5787 tibi
1820 5736 1897 5790 sic
1922 5736 1973 5789 in
2001 5752 2151 5791 exer-

580 5810 755 5869 citium
788 5816 989 5885 arripe,
1021 5826 1078 5870 nt
1114 5820 1351 5883 noveris,
1377 5833 1638 5890 quantum
1665 5827 1880 5896 cogaris
1935 5844 2001 5883 ex
2056 5845 2151 5883 nc-

580 5906 823 5962 eessitatc
857 5910 1120 5974 minuere,
1156 5911 1239 5965 vel
1297 5921 1556 5981 quantmn
1612 5917 1725 5973 haec
1756 5920 1809 5972 in
1855 5928 1906 5973 te
1935 5936 2031 5990 per
2060 5936 2150 5975 ac-

582 6003 776 6049 cessum
806 5998 993 6070 gratiae
1023 5999 1195 6069 possis
1222 6016 1436 6071 augere.
1469 6002 1719 6062 Nonnulli
1750 6025 1945 6079 nempe
1977 6020 2145 6066 totam

2257 4823 2455 4879 delicet
2483 4824 2777 4881 herbarum
2807 4826 3181 4881 acruminibus
3219 4841 3279 4881 se
3331 4825 3637 4881 decreverit
3681 4822 3853 4877 absti-

2256 4928 2409 4969 nere.
2433 4914 2500 4968 Et
2531 4916 2624 4984 qui
2656 4924 2893 4986 utroque
2945 4918 3401 4989 quadragesimali
3449 4928 3689 4987 tempore
3740 4917 3854 4970 sin-

2257 5003 2399 5073 gulis
2426 5004 2735 5075 quibnsquc
2760 5006 2975 5072 diebus,
3005 5007 3147 5062 alliis
3183 5009 3458 5079 geminato
3482 5007 3685 5078 pugillo
3703 5007 3851 5061 eice~

2259 5097 2334 5151 ris
2362 5097 2536 5163 vivat,
2586 5100 2777 5167 quinta
2833 5115 2959 5153 vero
3011 5099 3145 5154 feria
3200 5115 3432 5171 semper,
3470 5102 3633 5157 tertia
3665 5110 3845 5154 autent

2260 5204 2383 5243 raro
2406 5205 2598 5259 panem
2631 5190 2970 5246 solummodo
2997 5193 3264 5247 comedat.
3306 5193 3403 5247 llic
3432 5194 3595 5247 etiam
3634 5191 3859 5247 lumbos

2258 5298 2386 5338 suos
2436 5283 2612 5339 ferrea
2664 5284 2821 5357 341
2880 5300 3092 5353 semper
3150 5295 3341 5341 catena
3392 5286 3716 5352 circumdat,
3780 5298 3851 5339 ne

2257 5376 2471 5445 quando
2503 5375 2717 5429 modum
2748 5378 2943 5431 sobria:
2973 5378 3284 5432 refcctionis
3306 5379 3551 5433 excedat.

2328 5468 2620 5523 Confessus
2666 5480 2750 5522 est
2775 5470 2905 5523 mihi
2950 5470 3169 5539 quidam
3194 5487 3259 5525 ex
3289 5472 3596 5525 senioribus
3627 5470 3850 5532 nostris,

2260 5559 2385 5628 quia
2418 5575 2538 5613 cum
2595 5559 2743 5614 solus
2769 5560 2819 5613 iu
2852 5560 2985 5614 cella
3014 5563 3350 5625 comedcrct,
3390 5578 3494 5616 non
3544 5561 3645 5615 sibi
3690 5561 3847 5631 juxta

2258 5649 2527 5719 pruritum
2558 5649 2716 5703 faunis
2767 5650 3022 5704 alimenta
3058 5652 3219 5704 citius
3267 5652 3590 5721 indulgeret,
3639 5652 3730 5706 sed
3766 5666 3850 5703 re-

2258 5741 2542 5804 morando,
2613 5755 2677 5793 ac
2726 5739 3121 5809 protrahenda,
3176 5756 3300 5795 raro
3359 5741 3630 5802 videlicet,
3684 5750 3849 5809 atque

2256 5831 2517 5885 minutius
2570 5833 2741 5887 miras
2789 5834 2969 5903 potius
3005 5849 3167 5902 quam
3231 5834 3429 5889 frustra
3474 5834 3630 5904 panis
3682 5831 3734 5885 in
3783 5846 3850 5888 os

2257 5921 2520 5987 mitteret,
2549 5932 2603 5976 ct
2630 5924 2708 5978 sic
2741 5940 2799 5977 se
2838 5924 2981 5978 inter
3010 5924 3123 5991 ipsa
3154 5926 3401 5995 corporis
3452 5924 3705 5978 alimenta
3745 5922 3849 5976 du-

2257 6013 2364 6068 rius
2423 6030 2517 6084 per
2565 6015 2802 6085 inopiam
2855 6016 3163 6073 cruciaret:
3207 6028 3265 6073 ut
3312 6018 3427 6089 ipse
3474 6017 3639 6071 etiam
3688 6013 3849 6076 cibus
