5514 6768
0 6279 1172 6668 ⁵

2047 376 2164 432 5ιῖ

2533 372 2593 427 S.
2614 370 2809 428 ΡΕτιῃ
2834 366 3111 426 DAMIANI
3152 366 3304 425 OPP.
3333 362 3569 422 TOMUS
3601 361 3731 418 SEU
3763 361 3939 417 PARS
3970 360 4055 417 Ill.
4090 390 4158 401 —
4182 358 4541 418 OPUSCULA
4577 357 4802 414 VARIA.

5202 361 5307 419 358

2051 500 2171 539 non
2216 494 2319 537 tam
2350 479 2642 537 resolveret
2670 497 2826 553 quam
2854 478 3087 547 puniret,
3122 486 3175 531 et
3200 476 3420 531 refectio
3449 472 3630 541 potius
3662 478 3708 534 Α
3735 482 3965 541 mgrotus
3994 474 4082 534 sit,
4110 471 4181 526 ita
4212 480 4267 525 nt
4304 470 4585 526 decumbat
4626 471 4842 540 quidem
4872 487 4923 525 tn
4954 468 5167 535 lectulo,
5200 483 5312 527 toto

2050 589 2112 632 ν.
2158 586 2339 633 e.'etur
2390 587 2509 628 (ssc
2561 573 2787 627 d'cenfa
2836 570 3103 632 defec'io,
3156 568 3284 620 dum
3328 581 3433 620 non
3484 562 3635 617 dele-

2054 667 2265 720 ctando
2317 664 2589 729 reﬁceret,
2645 660 2735 715 sed
2766 644 3045 728 aﬂligendo
3094 658 3271 727 potius
3319 655 3633 723 castigaret.

2055 755 2314 826 Corripui
2346 754 2737 810 adolescentem
2767 760 3007 804 nostrum
3031 746 3224 801 indolis
3254 743 3428 798 adhuc.
3473 741 3637 811 ephe-

2054 847 2175 913 lim,
2218 847 2413 901 acriori
2451 844 2672 912 insuper
2720 841 2943 895 verbere
2991 836 3270 908 castigavi,
3326 835 3449 904 quia
3508 848 3671 901 can-_

2056 937 2280 991 tibricii
2336 936 2488 1005 [anis
2538 933 2742 1001 quadra
2795 932 3004 985 vivebat
3051 930 3101 980 in
3155 928 3272 988 die,
3334 936 3386 979 et
3432 926 3505 979 ita
3549 926 3638 976 vix

2055 1027 2308 1088 denum,
2339 1036 2394 1079 ut
2430 1024 2497 1078 ad
2522 1023 2757 1076 medium
2804 1034 2968 1087 usque
2996 1018 3358 1078 relaxaretur,
3387 1014 3590 1069 obtinui
3622 1028 3633 1073 ;

2055 1115 2158 1184 qui
2189 1114 2441 1168 nimirum
2490 1124 2619 1166 tunc
2662 1110 2832 1163 ferrea
2876 1106 3133 1161 loricatus
3190 1103 3424 1158 interula
3477 1120 3505 1156 a
3539 1103 3632 1156 [io-

2055 1204 2268 1258 tninico
2307 1207 2390 1257 die
2427 1216 2595 1270 usque
2619 1200 2672 1253 in
2705 1199 2945 1266 quintam
2998 1196 3187 1251 feriam
3239 1194 3447 1249 nullum
3493 1192 3638 1262 peni-

2057 1300 2157 1345 tus
2185 1291 2360 1344 tilium
2414 1295 2739 1356 sumpserat,
2779 1286 2947 1340 tribus
2999 1299 3127 1338 vcro
3172 1281 3395 1351 rcl‘quis
3442 1280 3640 1335 hebdo-

2058 1382 2243 1433 madas
2294 1379 2379 1435 die
2417 1393 2481 1432 us
2531 1374 2645 1430 solo
2699 1390 2836 1444 pane
2897 1372 3135 1428 vivebat.
3186 1371 3640 1426 llabemusinter

2055 1485 2164 1524 nos
2205 1468 2425 1522 fratrem
2476 1466 2653 1520 adhuc
2702 1473 2757 1518 ct
2804 1474 2961 1518 aetate
3013 1463 3378 1531 iuvenculum,
3408 1468 3462 1514 et
3505 1473 3639 1513 con-

2059 1560 2324 1613 versione
2372 1559 2653 1620 novitinm,
2690 1556 2781 1623 qui
2829 1564 2999 1609 totum
3050 1553 3272 1621 implere
3319 1550 3638 1607 Psalterium

2055 1650 2300 1703 extensis
2332 1648 2384 1701 in
2411 1646 2577 1699 altum
2606 1644 2845 1698 brachiis
2892 1643 3207 1703 consuevit;
3243 1655 3339 1710 per
3381 1638 3640 1707 quinqua-

2056 1754 2229 1809 genos
2249 1737 2498 1792 videlicet
2532 1736 2767 1805 psalmos
2813 1733 3030 1787 brachia
3074 1730 3294 1801 fatigata
3340 1731 3635 1799 deponens,

2054 1808 2159 1883 sed
2210 1835 2500 1896 antequam
2565 1825 2647 1877 vel
2702 1838 2866 1876 unum
2915 1821 3315 1891 productiorem
3377 1816 3637 1887 psalmum
3676 1808 3713 1863 li

2054 1920 2359 1973 decurrere
2408 1915 2608 1977 valeat,
2667 1914 2861 1966 iterum
2913 1912 3215 1979 subrigens.
3272 1906 3545 1961 Habemus
3585 1912 3639 1957 et

2059 2009 2234 2062 aiiutn
2264 2007 2541 2061 incurvum
2568 2004 2681 2073 jam
2718 2016 2923 2064 senem,
2962 2002 3052 2068 qui
3094 2000 3196 2053 duo
3248 1996 3508 2050 Psalteria
3541 1993 3639 2048 sub

2056 2113 2172 2150 una
2203 2096 2543 2149 brachiorum
2596 2093 2910 2146 extensione
2943 2092 3233 2143 decantat:
3288 2100 3448 2139 unum
3502 2082 3642 2137 vide-

2058 2186 2199 2240 licet
2242 2200 2363 2239 cum
2422 2183 2649 2237 canticis
2702 2190 2757 2235 et
2803 2179 3039 2243 litaniis,
3094 2178 3381 2244 multisque
3436 2173 3638 2228 oratio-

2058 2276 2231 2329 nibus
2263 2291 2276 2337 ;
2316 2273 2544 2327 alterum
2577 2284 2705 2324 vero
2734 2283 2833 2340 pro
2880 2265 3149 2320 defunctis
3192 2279 3314 2319 cum
3346 2276 3537 2317 novem
3568 2259 3644 2313 le-

2062 2364 2359 2420 etionibus.

2142 2454 2348 2519 Dicam,
2370 2454 2467 2509 sed
2505 2452 2626 2522 quis
2657 2451 2813 2513 sciat,
2841 2458 3020 2503 utrum
3066 2446 3197 2500 [ἰόν-ι
3245 2443 3529 2500 assertioni
3584 2442 3646 2494 ti-

2064 2546 2363 2599 clclissimm
2410 2546 2713 2613 prrebeatur
2754 2542 2776 2593 ?
2832 2540 2937 2595 Sed
2998 2538 3487 2609 parvipendeiulum
3531 2544 3642 2596 est,

2060 2639 2113 2692 si
2150 2638 2380 2690 humana
2412 2635 2690 2688 temeritas
2730 2643 2943 2701 arguat,
2989 2646 3151 2701 quem
3192 2646 3400 2684 summa
3436 2628 3645 2682 Veritas

2058 2727 2321 2783 falsitatis
2351 2733 2591 2780 excusat.
2647 2724 2789 2777 Idem
2827 2737 3014 2785 senex,
3059 2721 3366 2775 Dominicus
3407 2718 3641 2781 nomine,

2057 2830 2454 2884 nonnunquam
2483 2830 2588 2869 uno
2612 2814 2699 2867 die
2729 2812 3047 2867 continuato
3075 2825 3196 2864 cum
3243 2818 3421 2869 nocte,
3453 2820 3643 2859 novem

2056 2905 2333 2963 Psalteria
2368 2902 2674 2957 meditando
2720 2902 2981 2964 decurrit,
3006 2910 3063 2953 et
3092 2900 3305 2952 interim
3343 2912 3481 2966 pene
3513 2911 3647 2950 sem-

2060 3012 2171 3067 per
2222 3006 2447 3063 utraque
2498 3008 2660 3047 manu
2703 2992 2881 3061 scopis
2940 2998 3149 3043 armata
3206 2989 3406 3041 nudum
3455 2999 3648 3052 corpus

2064 3086 2255 3140 aﬂicit.
2283 3085 2586 3138 Notandum
2615 3092 2818 3143 autem,
2850 3079 2975 3149 quia
3001 3079 3125 3131 dum
3153 3089 3407 3145 peragere
3430 3074 3644 3142 satagit,

2062 3186 2251 3240 nocte,
2285 3177 2365 3229 vel
2390 3177 2472 3229 die
2501 3175 2601 3228 sibi
2636 3174 2873 3227 dormire
2897 3187 3001 3224 non
3028 3179 3205 3234 vacat,
3234 3170 3325 3223 sed
3360 3165 3644 3235 aliquando

2061 3283 2243 3336 genua
2272 3266 2513 3328 flectens,
2553 3266 2675 3317 dum
2728 3270 2887 3331 caput
2921 3268 3079 3314 terras
3119 3258 3354 3327 deponit,
3402 3258 3479 3309 sic
3508 3254 3646 3308 nudo

2061 3369 2294 3430 repente
2346 3372 2569 3413 somnus
2619 3355 2851 3423 obrepit,
2908 3366 3014 3422 quo
3056 3350 3303 3406 videlicet
3355 3346 3469 3402 solo
3516 3360 3646 3399 con-

2065 3463 2255 3507 tentus
2287 3459 2387 3503 est.
2446 3449 2541 3501 llic
2573 3447 2702 3500 inibi
2746 3444 3031 3511 aliquando
3078 3442 3315 3495 fraterna
3373 3436 3645 3491 familiari-

2064 3553 2187 3597 tate
2223 3548 2549 3607 conquestus
2581 3547 2685 3595 est,
2718 3537 2843 3603 quia
2877 3549 2997 3587 cum
3032 3546 3221 3585 novem
3269 3530 3349 3582 sic
3386 3525 3643 3579 Psalteria

2058 3647 2211 3700 sepe
2240 3629 2558 3685 moiulatulo
2590 3629 2893 3695 perliceret,
2945 3623 3010 3675 ad
3063 3622 3331 3675 decitnz'tn
3376 3633 3643 3684 nunquam

2063 3722 2310 3792 potuerit
2367 3718 2674 3787 pervenire.
2727 3716 2859 3768 bovi
2915 3715 3156 3774 fratrem,
3213 3710 3303 3778 qui
3359 3724 3414 3759 se
3454 3706 3647 3760 fatere-

2062 3825 2157 3866 tur
2184 3812 2338 3865 toties
2376 3810 2581 3878 psailett
2605 3810 2653 3859 lo
2684 3823 2853 3876 gentia
2898 3807 3129 3864 flectere,
3164 3809 3293 3869 quot
3326 3800 3377 3851 in
3412 3812 3467 3850 se
3529 3812 3647 3849 ver-

2066 3917 2169 3956 ius
2226 3910 2394 3954 totum
2453 3900 2771 3954 l'salterium
2827 3896 3180 3958 contineret;
3240 3907 3360 3945 cum
3403 3889 3647 3943 videlicet

2069 3992 2396 4047 l‘salterium
2427 4007 2657 4060 quazuor
2688 3989 2801 4042 fere
2827 3987 2989 4040 tuillia
3041 4000 3291 4039 versuum
3343 3983 3539 4037 habere
3566 3980 3650 4033 di-

2062 4096 2250 4147 catur,
2291 4084 2429 4137 sicut
2482 4090 2730 4136 asserunt
2775 4079 2864 4147 qui
2910 4076 3266 4146 supputandis
3309 4087 3526 4143 operam
3556 4073 3647 4125 de—

2060 4184 2282 4235 derunt.

2142 4268 2251 4322 Sed
2308 4279 2361 4321 et
2407 4268 2522 4321 hzec
2577 4264 2839 4333 prolixius
2891 4262 3093 4315 idcirco
3150 4274 3254 4312 non
3305 4268 3644 4325 prosequor,

2068 4358 2202 4429 quia
2232 4365 2285 4410 et
2337 4372 2452 4418 eos,
2500 4357 2564 4409 de
2616 4353 2809 4421 quibus
2859 4351 3070 4419 loquor,
3112 4347 3385 4402 offendere
3440 4347 3644 4399 timeo:

2064 4459 2125 4505 ct
2166 4448 2271 4502 illis
2296 4447 2627 4509 cohabitare,
2672 4444 2865 4511 quibus
2914 4456 3018 4495 non
3068 4452 3347 4507 coiiperor,
3396 4434 3648 4488 aliorum-

2069 4552 2182 4608 que
2232 4552 2454 4590 narrare
2512 4534 2779 4588 fervorem
2834 4530 3061 4600 frigidus
3106 4528 3386 4581 erubesco.
3419 4525 3645 4594 Dignum

2072 4636 2257 4683 autem
2290 4627 2451 4681 credo
2508 4625 2740 4679 robustis
2795 4638 2857 4675 ac
2909 4618 3321 4690 perfectioribus
3369 4617 3493 4670 viris
3542 4616 3645 4669 ista

2076 4719 2429 4785 relinquere:
2466 4715 2557 4769 sed
2584 4724 2638 4768 et
2691 4714 2803 4767 lucc
2851 4712 2966 4780 ipsa
2998 4710 3207 4763 mitiora
3257 4722 3374 4776 quae
3400 4707 3646 4775 superius

2073 4810 2278 4875 seripta
2304 4815 2453 4870 sunt,
2499 4806 2891 4873 aliquantisper
2921 4802 3018 4855 sub
3044 4800 3284 4853 modesto
3308 4797 3645 4853 discretionis

2070 4900 2359 4952 libramine
2416 4906 2761 4966 temperare;
2814 4902 2871 4947 ut
2920 4894 3044 4946 dum
3075 4890 3403 4945 valentiores
3449 4890 3645 4958 quique

2074 5005 2173 5059 per
2201 4988 2366 5042 altum
2392 4990 2649 5041 virtutum
2689 4986 2934 5055 pelagum
2965 4984 3133 5037 citato
3168 4981 3377 5035 fervent
3422 4980 3642 5047 remigio

2076 5095 2325 5143 currere,
2360 5077 2655 5133 imbecilles
2701 5079 2863 5130 etiam
2905 5076 3099 5129 littoris
3151 5074 3323 5128 vicina
3371 5080 3640 5135 secantes,

2075 5190 2184 5229 non
2213 5172 2606 5240 compellantur
2625 5170 2847 5223 haerenti
2873 5168 3047 5223 lembo
3070 5167 3121 5221 in
3146 5168 3386 5222 arenOsis
3408 5165 3642 5234 syrtibus

2076 5276 2379 5319 remanere.

2571 5348 2732 5422 342
2777 5346 3004 5403 CAPUT
3039 5348 3155 5403 xv.

2509 5441 2583 5496 De
2629 5441 2961 5494 eremitarum
2998 5438 3221 5509 jejunio.

2149 5556 2533 5612 Verumtamen
2565 5570 2630 5608 ne
2660 5555 2798 5625 quod
2825 5553 3127 5615 scribimus,
3154 5567 3367 5621 prorsus
3393 5567 3424 5605 a
3448 5551 3643 5620 regulae

2079 5649 2312 5705 solutum
2347 5647 2460 5717 lege
2491 5658 2680 5702 nutare
2710 5646 2970 5712 videatur,
3002 5644 3267 5699 credimus
3292 5659 3641 5711 unumquem-

2082 5752 2185 5808 que
2220 5736 2439 5791 fratrem
2473 5737 2523 5791 itt
2572 5734 2759 5791 cellula
2791 5745 3235 5799 commorantem,
3276 5732 3374 5787 nisi
3422 5733 3639 5789 omnino

3741 564 3863 616 anni
3913 572 4147 631 tempore
4176 602 4190 624 ,
4231 564 4341 616 sive
4385 571 4570 616 aestate
4623 562 4909 626 videlicet,
4956 562 5069 617 sive
5110 564 5311 629 hieme,

3742 654 3909 707 tribus
3940 669 4033 722 per
4060 653 4446 707 hebdomadam
4494 653 4680 706 diebus
4717 651 4964 722 jejunare
5011 656 5063 707 in
5094 669 5233 723 pane
5261 663 5314 708 et

3742 758 3874 811 aqua
3896 759 4015 796 cum
4050 743 4140 796 Dei
4172 742 4437 810 adjutorio
4464 742 4712 797 facillime
4742 760 4897 813 posse
4931 763 4943 797 :
4969 754 5023 799 et
5053 744 5313 816 quoniam

3742 830 4235 902 Sabbatojejunare
4267 836 4426 888 etiam
4460 836 4732 889 canonica:
4759 836 5061 889 traditionis
5087 836 5313 889 authen-

3742 921 3902 973 ticum
3932 932 4032 985 est,
4064 938 4168 974 non
4207 937 4367 992 grave
4408 924 4650 977 videatur
4690 923 4838 977 fratri
4876 925 5035 977 etiam
5070 922 5313 978 Sabbato

3740 1011 4086 1069 refectionem
4115 1014 4179 1067 ad
4209 1031 4403 1070 nonam
4434 1018 4618 1070 horam
4646 1032 4817 1086 usque
4842 1018 5054 1073 diﬂ‘erre
5081 1034 5095 1083 ;
5141 1026 5200 1071 ut
5222 1033 5314 1071 se-

3742 1104 3842 1157 mel
3886 1104 4101 1173 quidem
4144 1106 4256 1174 ipso
4287 1105 4373 1159 die
4422 1106 4716 1172 reficiatur,
4765 1110 4857 1163 sed
4908 1118 5085 1163 tamen
5122 1109 5313 1161 vinum

3740 1208 3899 1266 atque
3925 1200 4256 1269 pulmentum
4297 1197 4569 1266 percipere
4593 1213 4654 1252 ex
4680 1197 4836 1267 hujus
4869 1210 5065 1255 nostra:
5096 1202 5317 1257 institu-

3741 1288 3899 1341 tionis
3957 1286 4280 1357 indulgentia
4344 1300 4447 1340 non
4503 1295 4733 1340 vetetur.
4800 1287 4866 1340 Et
4927 1288 5030 1343 hoc
5091 1290 5315 1359 quidem

3742 1388 3942 1431 aestate.
3970 1376 4100 1431 Nam
4127 1376 4194 1429 ab
4219 1376 4395 1431 Idibus
4422 1374 4753 1445 Septembris
4778 1393 4943 1448 usque
4965 1381 5029 1433 ad
5053 1380 5318 1437 Paschale

3742 1467 4014 1535 gaudium,
4051 1476 4279 1535 quatuor
4318 1481 4415 1536 per
4460 1466 4859 1521 hebdomadam
4879 1468 5065 1524 diebus
5101 1473 5317 1525 noverit

3736 1554 4082 1626 jcjunandum
4114 1575 4123 1608 :
4156 1556 4247 1609 sed
4278 1555 4377 1609 etsi
4403 1555 4688 1624 aliquando
4718 1564 4863 1610 tanta
4898 1558 5145 1612 debilitas
5169 1562 5316 1613 acci-

3743 1650 3900 1713 derit,
3926 1650 4150 1701 hiberno
4174 1649 4334 1700 etiam
4360 1658 4597 1715 tempore
4619 1646 4705 1701 die
4726 1645 4943 1700 Sabbati
4968 1658 5061 1700 aut
5088 1648 5321 1718 legumi-

3744 1740 3900 1794 nibus
3953 1738 4158 1799 infusis,
4194 1746 4286 1790 aut
4335 1738 4619 1791 herbarum
4673 1737 4964 1801 radicibus,
4999 1738 5114 1792 sive
5146 1742 5317 1793 etiam

3743 1832 3913 1899 pomis
3950 1830 4162 1883 solitum
4194 1829 4374 1883 licebit
4412 1829 4793 1899 aliquantisper
4839 1840 5143 1899 temperare
5171 1829 5317 1900 jeju-

3742 1923 3887 1975 nium
3938 1921 4012 1974 lta
4043 1930 4218 1973 tamen
4248 1928 4303 1972 ut
4330 1918 4370 1971 si
4394 1934 4556 1970 unum
4586 1917 4855 1985 quodlibet
4900 1920 5087 1972 borum
5112 1929 5315 1984 sumat,

3742 2011 3909 2075 aliud,
3951 2010 4048 2063 nisi
4098 2025 4237 2063 vera:
4290 2007 4626 2061 necessitatis
4670 2023 4826 2061 causa
4877 2009 5318 2074 dictaverit,non

3744 2102 3979 2171 adjiciat.
4006 2098 4283 2153 Postremo
4306 2108 4481 2152 tamen
4511 2108 4725 2168 propter
4746 2097 5129 2168 pusillanimes,
5156 2100 5200 2154 si
5230 2100 5320 2153 hic

3745 2191 4040 2246 necessitas
4092 2191 4309 2244 omnino
4339 2189 4678 2259 poposcerit,
4718 2202 4836 2257 quae
4888 2188 5000 2242 fieri
5049 2190 5317 2258 permissa

3744 2291 3828 2335 est
3859 2281 3911 2334 in
3952 2289 4158 2344 aestate,
4190 2280 4375 2333 eadem
4409 2277 4762 2333 Sabbatorum
4791 2279 5041 2333 discretio
5066 2288 5323 2335 servetur

3744 2376 3798 2428 in
3829 2372 4025 2427 hieme.

3815 2462 3891 2515 De
3938 2459 4320 2515 festivitatibus
4366 2471 4576 2528 quoque
4602 2498 4616 2521 ,
4658 2472 4776 2528 qum
4814 2456 5029 2513 hiemali
5075 2467 5325 2530 tempore

3745 2549 4105 2611 celebrantur,
4140 2551 4192 2603 in
4223 2549 4420 2617 quibus
4449 2563 4546 2601 nos
4576 2548 4903 2603 asseruimus
4938 2548 5103 2603 semel
5146 2549 5199 2603 in
5233 2550 5325 2606 die

3743 2640 3917 2695 solere
3954 2642 4251 2704 comedere,
4293 2639 4449 2693 liceat
4492 2638 4761 2707 geminare
4790 2638 4989 2703 cibum,
5024 2640 5167 2695 sicut
5201 2656 5324 2697 mos

3743 2737 3827 2783 est
3869 2730 4278 2783 emnobilarum.
4329 2728 4491 2781 l‘orro
4538 2728 4588 2779 in
4637 2729 4841 2782 duabus
4866 2729 5321 2799 quadragesimis,

3746 2819 4011 2883 videlicet,
4042 2836 4156 2887 quze
4186 2817 4515 2871 Dominicam
4543 2816 4909 2883 Nativitatem,
4943 2819 5325 2875 Resurrectio.

3747 2926 3971 2976 nemque
4010 2911 4334 2978 praecedunt,
4369 2909 4526 2961 tertia
4566 2910 4783 2977 quidem
4844 2909 4997 2973 feria,
5039 2920 5091 2964 et
5120 2914 5314 2980 quinta

3748 2998 4078 3066 pulmentum
4110 3008 4279 3051 sumat
4305 3014 4318 3061 ;
4364 2995 4659 3051 Dominicis
4688 3009 4863 3051 autem
4892 2999 5079 3053 diebus
5106 3010 5163 3053 et
5186 3015 5327 3068 prm-

3750 3088 3919 3155 cipuis
3963 3086 4339 3141 festivitatibus
4368 3126 4381 3148 ,
4431 3087 4609 3140 addita
4665 3086 4879 3155 insuper
4922 3087 5108 3156 quinta
5158 3088 5327 3155 feria,

3748 3179 3906 3231 etiam
3932 3176 4111 3229 vinum
4142 3177 4305 3229 bibat.
4357 3175 4638 3229 Pulmento
4669 3185 4847 3230 autem
4874 3192 4981 3231 uno
5018 3179 5329 3250 quadrage-

3748 3267 3920 3321 simali
3959 3277 4193 3338 tempore
4232 3267 4468 3321 contenti
4512 3267 4618 3320 sint
4648 3266 4859 3329 fratres,
4894 3270 5112 3337 quando
5153 3272 5327 3327 semel

3747 3359 4025 3423 reficiunt;
4068 3361 4277 3428 quando
4308 3373 4437 3411 vero
4483 3358 4828 3413 refectionem
4859 3361 5156 3428 geminant,
5190 3362 5327 3417 alte-

3745 3462 3863 3500 rum
3896 3448 4237 3515 praudentes,
4272 3446 4498 3499 alterum
4539 3455 4815 3499 cmnantes
4854 3449 5139 3517 accipiant.
5177 3449 5331 3505 Reli-

3746 3550 3851 3603 quo
3875 3544 4052 3588 autem
4083 3536 4205 3589 anni
4235 3544 4473 3602 tempore
4495 3534 4601 3587 duo
4627 3549 4837 3603 semper
4862 3536 5113 3593 habeant.
5139 3538 5327 3593 Domi-

3745 3627 3881 3681 nicis
3910 3642 4120 3694 quoque
4164 3626 4368 3685 diebus,
4420 3634 4474 3678 et
4518 3624 4810 3692 majoribus
4850 3625 5251 3697 festivitatibus,
5278 3631 5327 3686 si

3746 3715 3971 3769 facultas
3999 3714 4230 3779 aﬂ’uerit,
4260 3715 4420 3768 etiam
4444 3713 4657 3767 tertium
4689 3730 4791 3769 non
4822 3730 5102 3785 negamus.

4332 3822 4559 3877 CAPUT
4597 3822 4735 3876 XVI.

3917 3914 4167 3968 Discretio
4207 3913 4409 3982 prclati
4448 3914 4499 3964 in
4538 3913 4868 3966 moderandis
4908 3914 5149 3969 subditis.

3818 4004 4202 4057 Discretionem
4243 4012 4422 4056 tamen
4472 4002 4727 4055 debilium
4774 4003 4826 4055 in
4859 4004 5055 4072 prioris
5090 4005 5323 4063 arbitrio

3747 4094 4018 4162 ponimus,
4067 4094 4318 4146 nimirum
4365 4103 4420 4144 ttt
4459 4091 4571 4162 ipse
4604 4091 5015 4161 possibilitatem
5060 4094 5323 4151 uniuscu-

3742 4184 3937 4252 jusque
3964 4185 4265 4237 consideret
4293 4201 4304 4236 :
4338 4192 4391 4237 et
4412 4192 4568 4253 prout
4599 4184 4791 4252 cuique
4817 4183 5010 4238 viderit
5040 4188 5322 4255 expedire,

3748 4273 3831 4341 pie
3857 4274 3959 4327 illis
3983 4274 4234 4327 alimenta
4258 4273 4550 4339 dispenset.
4580 4270 4713 4324 Nam
4738 4282 4791 4325 et
4816 4288 4913 4325 nos
4935 4275 5321 4341 approbamus,

3746 4366 3884 4433 quod
3916 4366 4027 4420 suis
4058 4381 4199 4433 saepe
4222 4363 4497 4433 discipulis
4525 4362 4584 4414 Β.
4612 4363 4940 4417 llomualdus
4967 4364 5167 4419 dixisse
5198 4381 5323 4435 per-

3751 4453 4007 4507 hibetur:
4042 4452 4374 4515 Dummodo,
4412 4452 4617 4520 inquit,
4660 4450 4830 4504 fratcr
4858 4450 5080 4518 quilibet
5128 4451 5323 4507 cellam

3750 4558 3854 4595 non
3886 4542 4124 4604 deserat,
4173 4542 4333 4595 etiam
4377 4556 4570 4594 carnes
4612 4541 4953 4610 permittatur
5002 4554 5068 4594 ex
5114 4543 5318 4597 discre-

3747 4633 3889 4686 tione
3913 4632 4212 4696 comedere,
4247 4632 4290 4684 si
4324 4640 4430 4685 tam
4468 4631 4793 4685 inevitabilis
4826 4632 5067 4685 videatur
5090 4635 5323 4690 necessi-

3746 4731 3829 4775 tas
3858 4724 4156 4777 imminere.
4207 4722 4451 4778 Addebat
4499 4724 4716 4791 insuper
4744 4738 4758 4777 :
4797 4722 4921 4775 Tale
4950 4723 5091 4776 enim
5123 4740 5322 4796 prope-

3746 4812 3960 4866 modum
4003 4826 4085 4867 est
4112 4814 4174 4867 de
4196 4830 4377 4868 eremo
4410 4814 4475 4867 ad
4500 4817 4884 4869 monasterium
4916 4817 5132 4879 reverti,
5158 4816 5320 4885 quale

3746 4905 3811 4958 de
3836 4905 4198 4959 monasteriali
4228 4906 4418 4959 ordine
4456 4905 4523 4959 ad
4560 4905 4811 4960 smeulum
4844 4906 5129 4975 asportari;
5165 4907 5321 4964 Unde

3745 5010 3973 5069 necesse.
3990 5007 4107 5061 est,
4158 5007 4215 5051 ut
4259 4996 4417 5068 343
4446 4998 4752 5069 quicunque
4791 4998 5081 5053 eremiticze
5122 5009 5322 5067 praeit

3749 5086 4095 5149 fraternitati,
4141 5091 4302 5143 robur
4338 5090 4595 5159 cujusque
4622 5089 4904 5159 diligenter
4938 5091 5232 5157 examinet,
5267 5102 5322 5147 et

3739 5180 3891 5249 juxta
3925 5184 4119 5237 virium
4154 5183 4462 5241 facultatem
4501 5186 4805 5240 noeessaria
4836 5187 5224 5241 subministret.
5253 5187 5321 5242 Et

3745 5273 3957 5342 quidem
3989 5276 4031 5329 si
4071 5291 4258 5330 omnes
4289 5278 4388 5343 sub
4432 5278 4591 5331 unius
4630 5279 4823 5347 regula:
4856 5294 5105 5333 mensura
5134 5281 5320 5335 vivere

3749 5368 4060 5435 prtevalent,
4095 5369 4355 5438 optimum
4384 5379 4495 5435 est;
4530 5356 4763 5438 alie-Quin
4794 5371 4837 5424 si
4884 5387 5039 5435 unus,
5081 5380 5173 5425 aut
5202 5372 5317 5427 for-

3748 5466 3891 5514 tasse
3934 5459 4117 5530 plures
4164 5461 4423 5533 indigent,
4468 5465 4608 5533 quod
4639 5464 4695 5528 ii,
4739 5464 4829 5533 qui
4870 5464 5165 5519 incolumes
5192 5474 5319 5520 sunt

3752 5563 3976 5605 necesse
4014 5564 4119 5603 non
4164 5550 4386 5617 habent,
4414 5552 4551 5606 clam
4582 5552 4845 5617 videlicet,
4884 5561 4937 5606 et
4984 5553 5192 5609 occulte
5236 5555 5318 5612 sic

3744 5640 3974 5697 intirmls
4012 5643 4097 5711 pia
4148 5644 4465 5699 cxbibeatur
4494 5645 4904 5707 ιιιιηικηξιθςέιιι
4933 5645 5169 5701 valentes
5200 5647 5317 5702 sine

3748 5732 3960 5789 invidia:
3988 5733 4204 5790 stimulo
4233 5738 4281 5789 in
4306 5736 4384 5789 sui
4422 5736 4611 5807 rigoris
4635 5745 4983 5805 permaneant
5012 5735 5309 5804 disciplina.

5512 1270 5514 1329 l

5512 1430 5514 1497 l

5511 1580 5514 1651 ἱ

5512 1740 5514 1781 |
