4276 6332
426 346 540 408 349

1388 354 1627 412 OPUSC.
1662 353 1779 412 XV.
1811 382 1881 395 -—
1911 351 2001 408 DE
2029 348 2423 410 INSTITUTIS
2462 350 2624 408 ORD.
2665 351 2945 407 EREMIT.

3597 350 3703 408 550

427 458 621 529 Neque
666 459 809 514 enim
857 472 1075 517 necesse
1118 470 1230 525 est,
1279 465 1422 531 quod
1468 465 1559 521 uni
1590 481 1747 521 casus
1785 465 2006 534 irrogat,
2042 468 2083 521 Α
2116 461 2355 533 ingluvie
2391 464 2600 534 prandii
2641 463 2983 518 manifestum
3023 471 3106 519 est
3151 466 3459 535 provenire.
3502 466 3631 520 Nam
3658 468 3701 522 si

430 549 583 603 illico
610 550 855 618 regulare
877 550 1123 607 omnibus
1153 553 1241 607 tiat
1271 570 1283 607 :
1318 571 1439 610 cum
1466 566 1518 609 ct
1548 556 1684 610 idem
1710 555 1891 616 frater,
1918 554 2007 623 qui

429 640 599 694 hodie
637 642 909 695 subveniri
940 640 1039 694 sibi
1066 657 1162 712 per
1191 643 1581 699 humanitatem
1628 643 1887 716 postulat,
1918 660 2007 698 se-

434 731 615 785 cunda
662 730 909 785 fortassis
958 732 1291 790 confortatus
1346 737 1677 791 hebdomada
1708 778 1721 801 ,
1771 737 2010 807 ejusdem

432 821 797 876 humanitatis
827 824 1094 893 impendia
1133 842 1237 880 non
1280 828 1539 898 requirat.
1593 828 1726 882 Nam
1778 839 1830 883 et
1871 830 2010 883 idem

433 906 499 962 Β.
525 908 874 977 Roniualdus,
899 924 956 967 ut
981 916 1061 969 sui
1091 928 1487 971 consueverunt
1511 917 1713 974 referre
1739 919 2009 988 discipuli,

433 998 536 1053 sic'
560 1003 730 1056 aestivi
766 1006 1021 1071 temporis
1060 1006 1422 1061 hebdomadas
1450 1008 1783 1073 alternabat,
1820 1020 1876 1062 ut
1909 1025 2012 1063 una

432 1093 655 1163 quidem
686 1109 715 1146 a
748 1094 1020 1149 Dontinica
1067 1096 1119 1148 in
1152 1097 1480 1152 Dominicam
1530 1099 1583 1152 in
1625 1113 1761 1167 pane
1790 1108 1846 1152 et
1874 1113 2011 1168 aqua

426 1181 727 1253 jejunando
778 1185 1137 1255 transigeret;
1188 1185 1412 1241 alterius
1468 1203 1596 1242 vero
1664 1187 2014 1242 hebdomade

433 1272 773 1340 pulmentum
801 1272 983 1341 quinta
1028 1271 1161 1328 feria
1212 1278 1578 1331 manducaret.
1622 1277 1697 1330 De
1741 1278 2014 1331 conversis

434 1374 654 1430 quoque
678 1371 937 1429 quantum
959 1360 1224 1431 jejunent,
1248 1363 1485 1434 ejusdem
1513 1365 1707 1435 prioris
1735 1364 2017 1435 prm'ideat

436 1452 737 1522 diligentia.

1018 1545 1246 1600 CAPUT
1284 1545 1445 1601 XVII.

969 1636 1044 1690 De
1072 1639 1237 1692 somni
1272 1641 1489 1692 ratione.

509 1724 584 1778 De
619 1739 806 1779 somno
844 1740 1057 1793 quoque
1100 1742 1204 1780 non
1247 1735 1353 1782 tam
1403 1729 1532 1782 dura
1574 1728 1889 1797 quibusdam
1934 1730 2013 1783 di-

431 1814 645 1867 strictio
671 1829 832 1881 quam
865 1813 1107 1868 modesta
1135 1816 1391 1870 discretio
1438 1818 1741 1871 necessaria
1778 1826 1879 1871 est.
1907 1817 2015 1872 Me-
2044 1822 2092 1881 Β

431 1902 541 1958 lius
583 1904 780 1975 quippe
822 1916 906 1959 εει
943 1921 1191 1959 somnum
1242 1908 1393 1961 carni
1444 1916 1739 1978 temperata
1781 1909 2011 1977 quadam

432 1992 837 2062 dispensatione
887 1994 1211 2058 concedere,
1257 2004 1310 2048 et
1349 1994 1619 2051 ferventer
1673 1998 2012 2064 postmodum

434 2081 491 2134 in
523 2081 618 2136 Dei
658 2082 908 2137 laudibus
938 2084 1226 2147 excubare,
1266 2100 1428 2153 quam
1458 2096 1831 2139 summotenus
1858 2101 2033 2153 δορυ-δ

434 2180 615 2223 ratum
652 2170 928 2225 dissolutis
965 2180 1072 2227 tota
1110 2173 1194 2226 die
1229 2172 1385 2228 labiis
1427 2174 1678 2228 oscitare.
1728 2174 2014 2229 Enimvero

432 2261 766 2330 nuperrimis
795 2261 957 2315 etiam
1006 2263 1495 2330 prscdcc.‘ssoribus
1542 2265 1743 2318 nostris
1786 2280 2014 2319 consue-

435 2350 567 2404 tudo
598 2366 702 2408 non
732 2360 872 2416 erat,
899 2360 959 2404 ut
984 2352 1164 2420 aliquo
1195 2363 1436 2423 tempore
1459 2354 1756 2408 dormirent
1803 2354 1856 2408 in
1888 2354 2009 2418 die;

433 2454 538 2493 nos
562 2450 742 2495 autem
780 2442 984 2496 aestivis
1014 2443 1205 2498 diebus
1240 2444 1538 2499 dormimus
1567 2447 1807 2514 quidem,
1836 2448 1929 2503 sed
1959 2457 2015 2500 ut

434 2528 804 2585 indubitanter
844 2532 1053 2600 experti
1100 2548 1304 2597 sumus,
1339 2534 1599 2604 quidquid
1644 2546 1932 2605 provectus
1958 2538 2013 2591 in

435 2620 527 2673 die
558 2620 889 2674 dormientes
924 2620 1255 2685 amittimus,
1304 2621 1406 2677 hoc
1450 2633 1505 2678 et
1550 2625 1811 2679 maturius
1857 2639 2015 2680 nocte

436 2722 740 2780 surgentes,
769 2721 824 2765 et
851 2697 1152 2782 expeditius
1178 2712 1376 2768 divinis
1408 2714 1721 2770 insistentes
1742 2716 2015 2785 obsequiis

437 2817 875 2871 compensantus.

510 2891 813 2948 Notandum
862 2904 1079 2957 autem,
1123 2896 1248 2963 quia
1300 2904 1427 2950 ante
1475 2904 1752 2950 nocturna:
1798 2897 2016 2965 synaxis

438 2982 701 3048 ofﬁcisin,
732 2984 776 3038 si
826 2984 907 3036 vel
947 3001 1023 3053 pri
1047 2984 1262 3038 fundior
1306 2987 1483 3040 adhuc
1512 3002 1637 3048 nox,
1668 2988 1750 3039 vel
1779 2987 2016 3054 quolibet

438 3072 601 3126 modo
626 3088 816 3142 graves
847 3074 1095 3126 videntur
1133 3088 1252 3128 esse
1283 3074 1497 3143 vigiliae,
1528 3085 1772 3143 repetere
1801 3075 2019 3129 accubi-

2115 553 2443 625 frugalitatis
2474 566 2685 609 .metam
2729 556 2781 608 in
2819 556 3048 623 prandio
3079 572 3185 609 non
3227 558 3578 622 excederent,
3613 574 3704 613 ve-

2116 643 2413 712 spertinam
2470 658 2713 697 mensam
2770 659 2875 696 non
2928 650 3209 713 tantopere
3257 644 3582 708 fastidirent.
3635 647 3707 702 Ut

2118 747 2248 803 ergo
2275 748 2493 789 camare
2528 733 2650 802 quis
2700 731 2895 795 valeat,
2938 748 3002 787 ac
3050 749 3173 787 mox
3216 734 3514 801 quiescenti
3546 750 3708 804 sopor

2116 822 2411 886 incumbat,
2444 832 2499 876 et
2550 822 2733 876 sobrie
2774 822 3057 890 prandeat,
3100 832 3155 877 et
3184 824 3584 878 dormitationis
3630 825 3709 895 ἰε-

2117 912 2331 965 naviam
2362 927 2467 965 non
2527 912 2797 965 admittat.
2838 911 3089 966 Nonnulli
3141 924 3341 978 autem,
3380 916 3522 983 quod
3570 931 3707 984 pra:-

2117 1001 2434 1056 tereundum
2467 1017 2571 1056 non
2621 1009 2729 1067 est,
2791 1012 2851 1057 ut
2905 1011 3061 1058 nocte
3118 1008 3361 1060 securius
3413 1007 3703 1071 dormiant,

2118 1098 2171 1143 et
2224 1106 2393 1158 usque
2462 1090 2530 1145 ad
2585 1092 2895 1146 satietatem
2959 1091 3130 1162 longis
3186 1094 3439 1162 profundi
3496 1097 3707 1164 soporis

2117 1181 2514 1235 stcrtitionibns
2565 1181 2966 1245 intumescant,
3024 1183 3150 1237 dum
3211 1185 3385 1239 adhuc
3433 1186 3546 1240 dies
3599 1196 3705 1249 est,

2117 1272 2473 1341 psalmodiam
2547 1272 2851 1340 anticipare
2905 1272 3164 1327 festinant
3220 1293 3233 1328 :
3302 1276 3494 1344 quibus
3550 1276 3707 1329 nimi-

2120 1374 2245 1412 rum
2314 1360 2560 1414 districte
2624 1360 3019 1427 prohibendum
3083 1373 3166 1416 est
3204 1402 3220 1427 ,
3292 1378 3360 1416 ne
3415 1373 3706 1434 antequam

2116 1464 2216 1503 suo
2258 1457 2499 1519 tempore
2536 1448 2965 1519 Completorinm
3004 1452 3230 1519 dicant,
3268 1456 3506 1524 psalmos
3563 1456 3701 1511 inci-

2112 1538 2285 1609 piant.

2689 1630 2916 1686 CAPUT
2958 1630 3141 1686 XVIII.

2117 1719 2195 1775 De
2219 1721 2515 1792 psalmodia
2540 1724 2747 1806 privato
2801 1741 2863 1777 ac
2914 1725 3151 1806 publica,
3185 1742 3277 1779 nec
3318 1741 3421 1779 non
3444 1725 3564 1781 aliis
3590 1740 3704 1781 ers-

2638 1803 2887 1846 mt’tarum
2916 1803 3198 1848 exercitus.

2188 1898 2510 1955 Psalterium
2564 1911 2747 1957 autem
2820 1904 3187 1973 unusquisque
3253 1906 3419 1961 frater
3469 1908 3710 1976 quotidie

2116 2001 2281 2042 unum
2332 1990 2613 2053 decantet,
2640 1991 2855 2065 si'veru
2884 2008 2991 2061 pro
3036 1994 3305 2049 defunctis
3353 1995 3466 2048 vult
3512 1994 3711 2048 addere

2114 2075 2199 2129 vel
2241 2084 2408 2130 totum
2441 2078 2791 2142 Psalterium,
2826 2082 2909 2135 vel
2937 2083 3171 2136 medium
3193 2124 3205 2143 .
3237 2085 3350 2139 sive
3381 2085 3569 2139 saltem
3603 2094 3711 2139 ter-

2118 2164 2247 2217 tiam
2279 2176 2522 2234 partem,
2556 2178 2646 2221 aut
2676 2184 2741 2222 ex
2780 2178 2890 2223 toto
2920 2170 3221 2235 dimittere,
3256 2171 3493 2239 ejusdem
3527 2172 3713 2228 fratris

2116 2255 2453 2327 relinquatur
2478 2259 2743 2324 arbitrio;
2783 2260 2911 2314 dum
2957 2271 3134 2315 tamen
3164 2264 3470 2317 meminerit
3494 2278 3709 2317 omnem

2114 2344 2426 2413 psalmodize
2478 2348 2767 2412 ordinem,
2810 2349 3105 2404 viventium
3173 2353 3382 2407 scilicet
3448 2362 3506 2406 et
3563 2368 3709 2408 moro

2117 2444 2350 2498 tuorum,
2380 2436 2518 2492 sicut
2548 2436 2601 2491 in
2626 2440 2975 2494 monasteriis
3000 2442 3275 2505 actitatur,
3302 2441 3538 2511 explere.
3568 2441 3714 2508 Qua—

2118 2533 2239 2580 tuor
2290 2536 2470 2581 autem
2522 2528 2630 2583 illis
2681 2530 2911 2595 diebus,
2951 2533 3147 2600 quibus
3190 2532 3543 2602 jejunandum
3592 2549 3715 2587 esse

2113 2617 2424 2671 censuimus
2446 2656 2461 2679 ,
2489 2617 2764 2672 silentium
2799 2629 3016 2673 teneant
3044 2662 3058 2685 ,
3106 2622 3204 2676 nisi
3232 2621 3371 2676 forte
3414 2622 3715 2677 necessitas

2115 2708 2501 2775 superveniens
2527 2709 2688 2764 aliter
2717 2711 3089 2781 imperaverit.
3122 2712 3178 2767 In
3222 2714 3352 2781 ipsis
3387 2724 3568 2768 autem
3600 2714 3713 2768 cel-

2115 2797 2238 2852 lulis
2274 2812 2550 2867 nunquam
2592 2799 2887 2867 loquantur
2926 2801 3085 2857 alicui
3111 2842 3127 2867 ,
3173 2803 3275 2857 nisi
3304 2803 3446 2858 forte
3481 2812 3574 2856 aut
3602 2818 3716 2857 oni-

2117 2890 2244 2943 nino
2289 2900 2571 2944 morentur
2619 2890 2847 2956 inclusi,
2896 2902 2991 2947 aut
3037 2894 3201 2947 etiam
3240 2895 3350 2949 sint
3390 2894 3543 2963 juxta
3602 2910 3720 2949 mo-

2118 2980 2416 3033 nasterium
2448 2980 2752 3035 constituti.
2787 2980 2895 3036 Sed
2923 2998 3021 3037 nec
3050 2982 3216 3037 alium
3248 2999 3371 3038 cum
3414 2983 3521 3038 alio
3548 2983 3717 3037 fratre

2118 3084 2144 3122 s
2168 3084 2232 3123 ve
2268 3069 2334 3123 de
2379 3072 2597 3139 proprio
2635 3081 2925 3137 conventu,
2969 3073 3083 3127 sive
3126 3088 3249 3127 cum
3280 3082 3542 3129 extraneo
3579 3091 3720 3143 pra»

439 3173 554 3217 tum
582 3164 709 3218 licet
738 3178 752 3216 :
783 3173 902 3233 post
934 3174 1252 3217 nocturnum
1288 3174 1464 3220 autem
1496 3166 1715 3219 omnino
1746 3180 1849 3218 non
1874 3164 2016 3218 licet.
2047 3156 2091 3215 C
2124 3167 2303 3211 sumat
2344 3158 2633 3228 aliquando
2670 3162 2831 3215 simul
2881 3164 2932 3216 in
2974 3163 3107 3217 cella
3139 3164 3428 3219 comedere
3450 3206 3462 3228 ,
3514 3165 3595 3220 vel
3643 3167 3709 3219 ad

445 3254 597 3310 Unde
626 3270 745 3318 nos,
776 3262 835 3307 ut
869 3254 983 3308 lucc
1012 3256 1272 3323 regularis
1310 3256 1651 3309 observantia
1683 3264 1866 3323 posset
1893 3255 2019 3308 faci-

438 3344 545 3399 lius
588 3344 871 3405 custodiri,
911 3344 1013 3398 lioc
1055 3345 1406 3410 instituimus,
1444 3355 1502 3398 ut
1532 3346 1773 3413 quotidie
1808 3348 2018 3415 signum

437 3437 692 3505 primitus
721 3437 787 3490 ad
816 3436 1023 3506 vigilias
1061 3445 1211 3491 sonet
1234 3477 1249 3499 ,
1295 3437 1488 3491 deinde
1516 3438 1729 3505 expleto
1773 3453 1839 3491 ex
1873 3452 2022 3490 more

440 3530 727 3593 Psalterio.
760 3532 845 3583 vel
887 3539 1147 3598 quantum
1196 3531 1333 3585 ratio
1380 3530 1633 3599 temporis
1682 3530 2022 3583 considerata
2062 3511 2073 3522 ’

439 3620 739 3690 permittit,
785 3626 1016 3673 sonante
1046 3618 1243 3671 iterum
1306 3619 1492 3687 signo,
1532 3616 1850 3671 nocttirnale
1903 3632 2024 3686 per-

442 3721 640 3781 agatur
670 3708 904 3765 oﬂiciutn
940 3725 953 3761 :
990 3716 1048 3761 ut
1081 3705 1240 3775 juxta
1268 3708 1581 3771 diluculum,
1627 3723 1734 3775 quo
1775 3706 2025 3760 videlicet

442 3812 689 3870 tempore
706 3799 922 3870 gravius
951 3799 1209 3852 incumbit
1236 3799 1460 3857 accidia,
1488 3808 1698 3853 stantes
1725 3812 1823 3851 nos
1851 3805 1903 3850 et
1930 3812 2022 3851 ca-

444 3887 655 3942 nonicis
678 3886 918 3941 inveniat
948 3895 1237 3954 occupatos
1279 3885 1490 3940 officiis.
1527 3887 1681 3939 Absit
1722 3886 1866 3939 enim
1899 3895 2025 3939 tunc

441 3996 545 4037 nos
570 3981 751 4051 sapori
784 3979 868 4034 vel
918 3978 1144 4048 ignaviae
1181 3982 1406 4044 cedere,
1454 3994 1559 4048 qua
1606 3978 1855 4033 videlicet
1892 3979 2023 4033 liora

443 4078 660 4124 constat
710 4067 1122 4136 Redemptorem
1188 4078 1429 4122 nostrum
1497 4068 1776 4122 destructo
1836 4068 2025 4119 mortis

446 4158 675 4228 imperio
704 4157 1037 4223 suirexisse;
1075 4172 1143 4213 ne
1180 4159 1222 4212 si
1257 4168 1382 4212 tunc
1423 4158 1774 4223 dormiamus,
1812 4158 2027 4227 quando

446 4250 661 4304 oriente
705 4249 819 4303 solo
849 4264 1108 4319 corporeo
1129 4290 1144 4314 ,
1184 4251 1347 4304 etiam
1396 4252 1619 4305 interior
1650 4260 1833 4305 noster
1866 4251 2027 4304 homo

445 4341 624 4395 lucem
646 4339 804 4395 debet
828 4340 1161 4395 inocciduam
1183 4352 1522 4410 exspectare,
1546 4341 1688 4411 quod
1714 4342 1875 4405 absit,
1900 4341 2027 4395 irri-

448 4432 531 4487 sio
578 4429 733 4485 nobis
772 4431 1020 4485 videatur
1060 4431 1147 4485 illa
1198 4447 1493 4501 congruere
1527 4449 1539 4483 :
1579 4449 1595 4480 ι
1627 4430 1884 4501 Discipuli
1911 4430 2026 4500 ejus

2120 3250 2509 3305 comedendum
2554 3251 2692 3307 alios
2732 3254 3006 3316 invitare,
3060 3256 3147 3308 ubi
3188 3256 3442 3311 nimirum
3489 3270 3595 3309 non
3646 3256 3718 3310 li-

2121 3348 2207 3393 cet
2234 3341 2402 3394 etiam
2450 3341 2847 3398 confessionem
2875 3360 2999 3399 cum
3035 3344 3141 3399 alio
3186 3344 3354 3401 fratre
3386 3347 3564 3401 verbis
3596 3346 3717 3401 vul-

2122 3434 2340 3501 garibus
2370 3448 2551 3503 agere.

2198 3522 2256 3577 Si
2291 3524 2399 3578 duo
2450 3522 2613 3577 simul
2667 3523 2869 3580 fratres
2914 3525 2965 3580 in
3015 3526 3150 3581 cella
3207 3528 3544 3593 coliabitant,
3578 3544 3718 3583 unus

2124 3627 2338 3681 semper
2392 3615 2595 3683 praesit,
2643 3623 2701 3669 et
2736 3614 2876 3670 alter
2934 3616 3171 3679 obediat,
3212 3616 3368 3685 juxta
3415 3619 3719 3671 communis

2124 3701 2377 3756 videlicet
2404 3703 2602 3772 prioris
2637 3704 2955 3773 imperium:
2984 3706 3127 3773 quod
3168 3707 3211 3760 si
3245 3692 3499 3759 uterlibet
3527 3722 3718 3760 eorum

2125 3792 2363 3847 novitius
2416 3805 2524 3858 est,
2582 3795 2771 3858 semel,
2830 3804 2925 3849 aut
2963 3797 3046 3849 bis
3095 3796 3147 3849 in
3206 3797 3541 3851 hebdomade
3598 3807 3721 3867 post

2129 3896 2415 3949 vesperam
2441 3883 2785 3954 colloquendi
2842 3884 3115 3939 licentiam
3147 3885 3420 3941 habeant:
3463 3897 3520 3941 at
3572 3900 3718 3957 post-

2126 3988 2289 4042 quam
2327 3974 2563 4027 novitius
2597 3987 2719 4028 esse
2773 3974 3017 4038 desierit,
3048 3989 3077 4028 a
3112 3986 3296 4030 mutua
3325 3979 3579 4047 deinceps
3605 3980 3719 4033 col-

2127 4062 2403 4118 locutione
2445 4066 2755 4119 cessabunt.
2814 4063 2859 4117 A
2915 4064 3139 4121 cellulis'
3170 4068 3471 4131 venientes,
3516 4068 3598 4123 vel
3654 4070 3719 4123 ad

2127 4153 2345 4208 easdem
2384 4154 2696 4216 redeuntes,
2728 4154 2871 4208 sicut
2900 4155 3153 4224 superius
3180 4157 3383 4211 dictum
3414 4166 3517 4221 est,
3566 4173 3715 4212 sem—

2127 4259 2225 4313 per
2277 4243 2551 4297 silentium
2601 4251 2841 4299 teneant.
2900 4243 3034 4299 Cum
3089 4246 3303 4316 signum
3358 4248 3601 4301 senuerit
3649 4247 3718 4301 ad

2130 4333 2543 4403 congregandos
2584 4332 2808 4398 fratres,
2856 4335 3168 4404 quicunque
3217 4336 3564 4401 intellexerit,
3615 4352 3721 4391 non

2132 4422 2329 4477 habeat
2358 4422 2655 4487 licentiam,
2695 4422 2823 4477 dum
2878 4438 2937 4477 se
2985 4435 3279 4494 prreparat,
3328 4428 3633 4481 remorandi
3666 4426 3721 4481 in

448 4529 609 4575 nocte
644 4528 924 4581 veneruat,
970 4528 1023 4573 et
1055 4520 1205 4575 nobis
1234 4498 1642 4584 dormientibus,
1695 4498 1858 4572 furati
1901 4498 2025 4573 sunt
2059 4498 2103 4556 ι)
2130 4513 2346 4579 crllula,
2380 4515 2520 4569 ultra
2552 4530 2717 4585 quam
2766 4516 3004 4586 quinque
3044 4517 3280 4585 psalmus
3320 4518 3488 4573 valeat
3522 4521 3720 4574 decan-

449 4627 573 4665 eum
602 4610 818 4681 (Matth.
854 4610 1065 4680 xxvut).
1101 4630 1117 4656 ι

522 4700 831 4756 Cavendum
874 4709 958 4753 est
1000 4711 1199 4763 autem,
1231 4716 1297 4754 ne
1328 4715 1519 4753 somno
1556 4699 1677 4768 quis
1707 4698 1787 4752 vel
1817 4699 1883 4753 ad
1909 4714 2025 4751 mo-

450 4799 693 4844 mentum
737 4790 958 4859 quidem
1009 4790 1493 4859 incompeteuzibus
1540 4790 1690 4844 horis
1740 4789 2021 4843 assentiat.

452 4882 585 4937 Nam
632 4883 677 4937 si
725 4882 930 4937 sedenti
973 4882 1209 4951 quidem,
1256 4883 1338 4937 vel
1383 4884 1545 4936 etiam
1584 4883 1749 4937 stanti
1783 4882 2026 4951 frequen-

453 4981 537 5024 ter
600 4971 949 5039 olirepserit,
1021 4972 1359 5039 postmodum
1438 4988 1560 5025 cum
1642 4971 1877 5025 dormire
1942 4986 2036 5023 vo-

455 5060 637 5124 luerit,
685 5059 850 5132 355.
896 5062 965 5115 ab
1013 5060 1130 5127 ejus
1173 5063 1347 5116 oculis
1403 5077 1568 5131 sopor
1623 5062 1886 5117 abscedit.
1940 5060 2029 5115 Sic

455 5150 711 5205 nimirum
764 5152 1076 5205 dormitatio
1132 5152 1392 5220 vigiliam,
1441 5162 1494 5206 et
1549 5153 1730 5221 vigilia
1768 5152 2030 5206 dormita-

456 5244 657 5297 tionem
691 5242 873 5311 parit:
923 5253 1129 5297 cumet
1164 5246 1253 5311 qui
1304 5244 1585 5305 dormitat,
1634 5244 1833 5296 invitus
1882 5252 2030 5310 pos:-

454 5332 671 5386 modum
713 5331 915 5402 vigilet,
965 5341 1019 5386 et
1078 5348 1262 5387 rursus
1318 5333 1407 5400 qui
1456 5332 1653 5386 diutius
1702 5332 1906 5399 vigilat,
1961 5347 2025 5385 ex

455 5424 779 5478 necessitate
807 5423 1082 5477 dormitet.
1113 5423 1213 5477 Cui
1255 5424 1484 5477 similem
1533 5425 1695 5477 etiam
1744 5425 2030 5478 indiscrete

455 5511 864 5566 comedentibus
886 5526 1024 5579 sa'pe
1046 5512 1293 5580 contigit.
1324 5513 1458 5566 Ilinc
1493 5529 1725 5582 namque
1754 5525 1855 5578 cst,
1887 5515 2027 5581 quod

454 5600 695 5656 nonnulli
749 5601 972 5657 ri..icule
1020 5602 1328 5666 delirantes,
1370 5604 1639 5672 superfluo
1689 5620 2029 5673 conqucrnn-

455 5703 546 5749 tur
569 5710 627 5750 se
651 5707 865 5750 cmnarc
892 5710 997 5749 non
1028 5710 1206 5766 posse,
1239 5698 1380 5765 quod
1409 5706 1554 5751 certe
1592 5714 1656 5753 ex
1689 5698 2026 5754 immoderati

2133 4614 2270 4659 tare.

2202 4694 2402 4749 Caveat
2429 4705 2608 4752 autem
2636 4696 2783 4751 utilis
2816 4695 3003 4762 frater,
3055 4713 3125 4753 ne
3166 4714 3253 4753 res
3284 4700 3397 4754 suis
3425 4700 3721 4754 necessita-

2134 4790 2275 4845 tibus
2306 4793 2610 4862 deputatas,
2642 4809 2737 4847 seu
2759 4793 3012 4861 quaelibet
3040 4794 3291 4848 utensilia
3315 4796 3565 4849 deterere
3591 4813 3728 4863 prac-

2132 4893 2333 4946 sumat,
2353 4885 2435 4939 vel
2460 4886 2676 4939 incaute
2702 4893 2942 4941 tractare
2962 4905 2977 4940 :
3002 4896 3186 4955 utpote
3208 4874 3413 4951 vestes,
3430 4887 3729 4942 ferramen-

2142 4981 2215 5035 ta,
2234 4973 2485 5037 vasa,ch
2514 4975 2598 5028 bis
2624 4975 2842 5044 similia.
2871 4975 3182 5031 Praesertim
3211 4976 3380 5031 libros
3411 4986 3630 5031 sanctos
3654 4978 3726 5030 ita

2140 5065 2436 5127 custodiat,
2475 5074 2827 5133 utnunquam
2858 5082 3077 5120 manum
3103 5083 3267 5135 super
3290 5070 3499 5123 litteras
3524 5077 3725 5128 teneat.

2139 5169 2416 5222 nunquam
2447 5153 2597 5208 fumo
2630 5155 2959 5224 nigrescere,
2978 5155 3061 5209 vel
3087 5156 3222 5226 ignis
3248 5160 3469 5213 odorem
3488 5156 3550 5227 [f.
3569 5159 3729 5209 ardo-

2147 5244 2286 5316 retn]
2308 5245 2476 5317 35,5
2502 5248 2798 5314 permittat.
2833 5246 3004 5300 Ponat
3044 5257 3222 5302 autem
3246 5248 3398 5316 juxta
3422 5264 3479 5302 se
3500 5265 3728 5317 quaeque

2142 5337 2241 5390 sibi
2270 5346 2393 5391 sunt
2412 5337 2728 5393 familiarius
2756 5341 3083 5403 necessaria,
3110 5349 3169 5394 ut
3194 5356 3313 5393 cum
3346 5358 3499 5396 usum
3533 5341 3725 5394 horum

2138 5429 2433 5483 necessitas
2475 5430 2733 5501 postulat,
2785 5431 2897 5499 ipse
2941 5430 3006 5484 ad
3059 5431 3421 5486 exhibendum
3472 5431 3573 5485 sibi
3596 5430 3728 5483 -frt'-

2136 5521 2390 5588 qucntius
2436 5528 2641 5590 surgat.
2678 5520 2982 5589 'I‘antopcre
3028 5521 3228 5591 quippe
3254 5523 3469 5591 vagatio
3506 5532 3590 5576 est
3641 5522 3723 5574 vi-

2140 5611 2325 5675 tanda,
2358 5620 2415 5665 ut
2463 5628 2561 5667 nec
2594 5628 2689 5681 per
2743 5613 2911 5679 ipsum
2946 5613 3191 5667 cellulam
3230 5616 3451 5684 spatiari
3492 5614 3727 5668 inaniter

2140 5700 2298 5756 liccat
2344 5700 2514 5757 Porro
2538 5703 2580 5756 si
2610 5701 2861 5768 voluerit,
2892 5702 3091 5759 calceis
3144 5713 3326 5758 utatur
3356 5703 3407 5759 in
3437 5702 3651 5758 cellula.
