4276 6338
605 368 704 424 531

1056 367 1114 422 S.
1141 365 1344 423 PETRI
1379 363 1662 421 DAMIANI
1691 364 1840 423 OPP.
1873 363 2108 422 TOMUS
2148 364 2281 422 εει]
2321 365 2501 421 PARS
2529 365 2614 421 ΙΙΙ.
2639 396 2706 406 -
2731 364 3097 422 OPUSCULA
3128 365 3364 422 VABIA.

3772 367 3900 424 353

679 479 852 548 Super
896 479 1177 531 metauoeis
1216 492 1342 531 vero
1369 475 1665 545 disciplinis
1710 485 1872 545 atque
1901 475 2171 545 palmatis,
2203 489 2250 545 Α
2280 479 2650 532 tantummodo
2679 475 2848 532 fter
2875 479 2930 534 in
2977 479 3145 544 cella;
3182 479 3270 532 illa
3301 480 3676 536 habitatorem
3714 497 3899 538 suum

607 567 723 624 sive
744 569 900 622 etiam
929 567 1168 621 brachiis
1195 567 1546 621 extendendis
1564 566 1616 620 in
1638 565 1989 629 orationibus,
2017 573 2174 619 caete-

609 661 790 723 risque
812 657 984 711 sancti
1035 655 1264 709 fervoris
1308 656 1604 719 exercitiis,
1646 655 1784 708 nulla
1809 654 2028 709 fratrem
2059 655 2175 724 lege

611 748 1051 815 constringimus,
1079 748 1207 815 quin
1236 747 1410 814 potius
1439 762 1548 800 suae
1579 746 1958 799 committenda
1990 745 2171 814 provi-

610 843 778 896 sinuis
819 843 1041 895 arbitrio
1065 841 1390 910 judicamus.
1422 841 1558 894 Sunt
1581 841 1720 892 enim
1751 838 1943 906 quibus
1983 838 2174 891 borum

610 933 784 1001 aliqua
814 948 917 986 non
967 933 1308 992 conveniunt,
1351 940 1513 999 atque
1560 929 1680 982 ideo
1713 935 1883 982 tutum
1942 929 2173 991 videtur,

612 1033 770 1088 atque
798 1021 1037 1082 liberius,
1073 1030 1130 1072 ut
1161 1021 1213 1073 in
1240 1021 1433 1073 talibus
1460 1018 1626 1086 magis
1651 1018 2172 1086 optio-proponatur,

611 1126 771 1178 quam
800 1109 1070 1163 definitiva
1099 1109 1296 1178 regula)
1337 1109 1598 1162 sententia
1645 1108 2041 1176 praescribatur.
2065 1106 2174 1160 Ra-

611 1199 740 1270 dant
785 1209 964 1250 autem
1014 1207 1174 1266 caput
1219 1212 1314 1264 per
1365 1211 1576 1251 menses
1629 1197 1888 1266 singulos,
1940 1197 2176 1264 exceptis

611 1288 1034 1355 quadragesitnis
1071 1285 1292 1348 duabus,
1338 1301 1456 1354 qua:
1509 1287 1760 1340 nimirum
1799 1288 1917 1340 sine
1961 1287 2176 1339 lavacro

612 1378 844 1445 capitum
891 1377 1248 1446 transigenda:
1294 1387 1438 1430 sunt.
1472 1376 1685 1431 Balneis
1730 1393 1854 1431 vero
1899 1379 1941 1432 si
1979 1377 2180 1430 fuerint

612 1465 929 1528 incolumes,
974 1482 1077 1517 non
1111 1475 1354 1518 utantur.
1411 1465 1535 1519 llaec
1592 1466 1770 1532 itaque
1820 1479 1916 1518 nos
1973 1473 2179 1518 remoto

611 1553 756 1606 omni
806 1553 1139 1607 austeritatis
1187 1555 1383 1624 rigere,
1449 1555 1568 1608 ideo
1615 1555 1712 1608 sub
1765 1565 1871 1606 tam
1930 1555 2180 1607 modestae

616 1643 1265 1698 tliscretionislibratnine
1314 1644 1714 1705 constituimus,
1762 1652 1822 1696 ut
1870 1643 2058 1705 frater,
2085 1642 2177 1710 qui

615 1735 683 1787 de
711 1749 806 1787 sua
846 1743 929 1787 est
969 1735 1142 1787 salute
1193 1732 1476 1796 sollicitus,
1508 1733 1897 1786 institutionem
1938 1733 2181 1787 salutife-

2276 585 2492 624 omnem
2523 569 2737 624 Vivendi
2764 571 3011 625 ordinem
3036 571 3250 640 plenius
3270 572 3543 627 edocebit.

2853 660 3081 716 CAPUT
3115 661 3257 716 XIX.

2277 751 2353 805 De
2397 751 2797 821 cogitationibus
2828 751 2972 822 vanis
3023 753 3302 822 etunoeuis
3349 768 3457 805 non
3495 753 3897 822 suscipiendis,

2841 821 2920 874 vel
2945 820 3286 889 expellendis.

2345 908 2494 964 Nunc
2521 921 2698 962 autem
2723 924 2788 962 ex
2821 910 2906 963 bis
2933 925 3053 978 quae
3083 918 3375 963 versantur
3415 909 3472 964 in
3520 891 3737 974 mente,
3786 925 3899 981 pro

2276 1001 2398 1072 styli
2434 1001 2751 1070 compendio
2799 1001 3038 1054 breviter
3081 1001 3454 1070 disputemus;
3497 1010 3560 1057 ut
3609 1003 3665 1057 in
3717 1003 3904 1073 spiri-

2279 1092 2405 1145 tuali
2453 1092 2750 1146 certamine
2801 1091 3146 1145 dimicantem
3204 1091 3468 1146 adversus
3512 1094 3901 1162 cogitationes

2276 1180 2539 1249 pr0prias,
2579 1188 2634 1234 et
2672 1193 2877 1248 pugnas
2925 1179 3170 1234 diversas
3190 1179 3348 1248 quasi
3389 1180 3723 1249 quibusdam
3759 1182 3900 1238 telis

2278 1269 2730 1338 insuperabilibus
2783 1269 3138 1323 instruamus.
3196 1267 3255 1322 In
3303 1268 3501 1337 primis
3539 1270 3734 1341 igitur,
3784 1271 3897 1332 fili.

2276 1365 2586 1432 quicunque
2627 1378 2818 1416 manus
2846 1363 2913 1417 ad
2953 1361 3346 1433 conﬂigendum
3374 1376 3543 1430 paras
3573 1378 3702 1416 cum
3743 1363 3899 1417 invi-

2278 1453 2417 1508 sibili
2446 1454 2599 1506 hoste
2639 1465 2945 1517 conserere,
2979 1461 3167 1519 satage
3189 1459 3429 1505 mentem
3456 1461 3610 1505 tuam
3635 1451 3706 1506 ab
3732 1449 3900 1505 omni

2280 1543 2680 1613 snggestionum
2711 1542 3086 1611 obrepentium
3113 1542 3313 1608 impetu
3349 1541 3601 1608 pervigili
3633 1539 3898 1593 custodis

2280 1633 2616 1688 communire
2645 1650 2658 1684 :
2695 1639 2749 1686 et
2779 1633 2915 1685 sicut
2944 1629 3288 1700 quisquilias,
3319 1638 3376 1684 et
3399 1645 3638 1699 qumque
3670 1643 3900 1700 purga-

2283 1731 2480 1786 menta,
2505 1737 2623 1791 qua:
2647 1722 2714 1776 de
2742 1722 2996 1792 Operibus
3024 1734 3283 1774 manuum
3327 1729 3547 1774 tuarum
3598 1719 3895 1786 decidunt,

614 1837 727 1875 ram
763 1838 864 1875 non
905 1823 1233 1876 abhorreat:
1267 1833 1320 1874 et
1359 1829 1537 1874 tamen
1592 1821 1637 1874 si
1694 1822 1808 1875 haec
1840 1819 2028 1876 fecerit
2071 1821 2254 1890 ple-B
2283 1812 2335 1864 in
2366 1810 2539 1879 isnem
2571 1809 2816 1879 protinus
2866 1806 3086 1874 abiicis;
3143 1807 3218 1861 ita
3267 1807 3628 1862 nihilominus
3677 1809 3902 1878 cogita-

613 1908 834 1963 nissimc
863 1911 928 1964 de
967 1911 1355 1979 omnipotentis
1385 1909 1478 1963 Dei
1521 1910 1868 1965 miseratione
1920 1910 2174 1965 confidat.

613 1998 995 2052 Verumtamen
1029 2001 1141 2054 haec
1181 2000 1361 2070 regula
1398 2009 1518 2070 post
1572 2011 1812 2054 nostrum
1860 2010 2040 2055 teneat
2084 1997 2179 2056 ob-

617 2088 751 2141 itum
779 2107 789 2140 :
820 2105 941 2141 nam
969 2090 1094 2142 dum
1127 2090 1376 2154 vivimus,
1400 2099 1674 2144 assuetum
1715 2091 1904 2157 minui,
1943 2093 2052 2146 Deo
2076 2092 2184 2145 lar-

617 2181 817 2250 giente,
849 2197 949 2234 nou
975 2182 1208 2249 patimur
1236 2183 1560 2235 institutum.

688 2267 820 2321 lllud
869 2269 1022 2336 plane
1083 2283 1422 2337 summOpere
1469 2279 1553 2322 est
1595 2269 1912 2335 cavendum,
1961 2285 2029 2325 ne
2081 2269 2182 2325 sub

615 2358 798 2411 colore
829 2358 948 2424 quis
975 2357 1264 2410 eremiticze
1297 2358 1415 2411 vita:
1440 2357 1622 2427 jugum
1643 2361 1905 2414 detrectet
1933 2361 2184 2414 obedien-

622 2446 731 2508 tim,
769 2444 877 2498 imo
911 2453 1058 2498 tanto
1097 2460 1155 2498 se
1184 2447 1400 2498 arctiori
1437 2447 1754 2500 obedientia:
1781 2447 1895 2517 lege
1920 2441 2186 2502 constrin-

617 2547 728 2605 gat,
757 2546 956 2604 quanto
978 2537 1114 2590 hanc
1140 2536 1528 2590 institutionem
1556 2539 1977 2606 superexcedere
2003 2550 2187 2590 coeno-

617 2627 848 2680 bitarutn
877 2625 1111 2692 regulam
1151 2642 1252 2680 non
1308 2628 1531 2694 ignorat.
1567 2627 1719 2695 Saepe
1759 2627 1900 2680 enim
1927 2627 2096 2681 frater
2119 2626 2186 2680 de

616 2714 750 2768 Cella
773 2717 836 2770 ad
867 2716 1054 2767 cellam
1100 2713 1319 2783 jubetur
1362 2716 1700 2768 habitaturus
1747 2717 2054 2778 abscedere,
2086 2727 2186 2767 nec

618 2801 831 2868 aliqUud
856 2802 1184 2865 utensilium,
1210 2817 1327 2870 quae
1358 2817 1454 2855 suo
1493 2803 1654 2854 etiam
1681 2803 1791 2870 ipse
1820 2803 2000 2856 labore
2027 2817 2184 2870 para—

617 2901 790 2951 verat,
821 2893 1149 2958 permittitur
1195 2902 1492 2960 asportare.
1532 2890 1684 2958 Saepe
1728 2901 1974 2960 optantes
2017 2893 2068 2944 in
2105 2905 2187 2944 rer

622 2981 858 3033 motione
909 2982 1203 3048 quiescere,
1261 2979 1326 3031 ad
1370 2982 1732 3048 peragendum
1773 2994 1911 3047 opus
1953 2977 2188 3045 compel-

622 3069 802 3122 luntur
851 3069 1016 3123 exire.
1071 3070 1371 3138 Aliquando
1439 3069 1615 3124 clavis
1680 3069 1932 3123 cellarum
1984 3069 2190 3122 foribus

2285 1901 2492 1955 tionum
2527 1909 2737 1953 tuarum
2764 1907 2940 1953 motus
2970 1898 3024 1952 in
3059 1897 3229 1952 Deum
3255 1896 3481 1967 projice.
3519 1899 3590 1952 Et
3621 1900 3896 1969 quoniam

2283 1991 2396 2058 ipse
2422 1987 2559 2058 ignis
2592 2001 2920 2041 consumens
2942 1995 3055 2050 est,
3084 1985 3158 2040 illi
3187 1984 3459 2056 superﬂua
3495 1988 3796 2043 cordis-tui
3822 1989 3897 2044 ad

2283 2077 2710 2132 consumendum
2741 2078 2926 2141 trade;
2957 2091 3263 2131 memorans
3293 2076 3423 2131 illud
3469 2079 3844 2148 apostolicum
3877 2093 3894 2133 :

2289 2188 2307 2222 ι
2345 2168 2571 2224 Omnem
2625 2167 3041 2222 sollicitudinem
3097 2175 3338 2222 vestram
3409 2170 3774 2239 projicientes
3837 2171 3896 2226 in

2285 2277 2430 2324 eum,
2462 2261 2716 2330 quoniam
2766 2261 2865 2329 ipsi
2923 2271 3009 2315 est
3041 2275 3171 2316 cura
3203 2260 3271 2314 de
3313 2259 3470 2315 vobis
3526 2261 3723 2331 (Hebr.
3767 2279 3892 2328 xit;

2287 2349 2315 2403 Ι
2343 2349 2482 2403 Petr.
2512 2351 2585 2415 v).
2619 2368 2635 2400 ι
2671 2349 2736 2402 Et
2762 2348 3031 2418 Propheta
3061 2363 3076 2402 :
3113 2367 3131 2417 ᾳ
3158 2348 3332 2413 Jacta,
3360 2349 3557 2419 inquit,
3582 2351 3897 2420 cogitatum

2288 2451 2433 2492 tuum
2484 2439 2536 2491 in
2580 2438 2823 2499 Domino.
2855 2447 2910 2492 et
2947 2440 3064 2507 ipse
3103 2447 3156 2493 te
3203 2439 3443 2493 enutriet
3473 2438 3658 2509 (Psal.
3694 2441 3832 2513 Liv).
3870 2459 3891 2492 ι

2288 2529 2460 2584 Unum
2515 2529 2712 2598 quippe
2750 2529 2977 2582 viriliter
3026 2528 3322 2582 decertanti
3371 2542 3402 2581 e
3450 2527 3668 2583 duobus
3699 2530 3898 2584 deesse

2285 2633 2391 2671 non
2416 2620 2612 2687 poterit
2641 2636 2653 2670 :
2689 2627 2745 2670 ut
2781 2617 3032 2672 videlicet
3055 2617 3514 2688 suggestionibus,
3547 2627 3646 2670 aut
3673 2617 3896 2688 ingredi

2289 2707 2619 2760 tentantibus
2652 2707 2780 2776 vigil
2813 2721 3028 2775 semper
3066 2708 3323 2772 obsistas,
3354 2715 3450 2760 aut
3476 2707 3761 2777 ingressas
3794 2707 3898 2762 eli-

2290 2797 2498 2849 minare
2527 2797 2839 2848 contendas.
2874 2794 2979 2849 Sed
3011 2794 3224 2848 facilius
3257 2803 3341 2849 est
3376 2795 3610 2850 hostiles
3647 2797 3897 2866 impetus

2292 2889 2344 2941 in
2375 2885 2638 2940 vestibulo
2663 2885 2931 2955 frangere,
2960 2900 3124 2953 quam
3169 2885 3440 2938 admissos
3482 2896 3642 2939 extra
3680 2887 3895 2941 moenia

2291 2974 2643 3044 propulsare:
2670 2975 2836 3028 tutius
2862 2983 2953 3028 est.
2973 2989 3164 3028 arcere
3202 2989 3316 3043 prae
3348 2973 3582 3042 foribus,
3613 2991 3782 3046 quam
3813 2977 3898 3031 la-

2293 3068 2438 3119 ribus
2468 3065 2806 3119 intromissos
2831 3065 2883 3118 in
2913 3074 3063 3134 terga
3096 3063 3444 3133 compellere.

620 3159 1030 3222 subtrahuntur,
1059 3168 1112 3214 et
1151 3175 1310 3228 quam
1353 3159 1508 3227 longo
1540 3168 1776 3225 tempore
1807 3159 1907 3211 nisi
1952 3172 2047 3224 per
2069 3157 2183 3210 εἰη·
2213 3144 2257 3203 C
2359 3156 2502 3210 Pone
2542 3156 2723 3224 itaque
2753 3157 3108 3210 tentationem
3163 3157 3317 3225 quasi
3371 3166 3712 3225 serpentem.
3760 3157 3896 3214 Ser-

620 3250 771 3318 gulos
818 3251 932 3303 dies
978 3250 1284 3303 Dominicos
1339 3264 1443 3303 non
1503 3249 1819 3302 redduntur.
1887 3247 2187 3315 Aliquando

621 3341 918 3394 tlistriclatn
957 3342 1056 3393 sibi
1106 3341 1277 3393 victus
1323 3339 1710 3393 continentiam
1760 3338 2058 3392 indicentes
2097 3349 2188 3390 co-

621 3442 818 3502 guntur
870 3432 1144 3485 remissius
1215 3432 1433 3496 vivere;
1507 3429 1852 3497 volentesque
1923 3429 2188 3492 reticere,

622 3521 1014 3588 compelluntur
1037 3536 1064 3572 c
1085 3517 1637 3585 COIIII'al‘leOjUﬂal’C.
1666 3519 1816 3587 Saepe
1840 3527 1959 3586 post
1981 3533 2192 3587 sagma-

622 3611 733 3663 rios
761 3611 927 3662 frater
949 3609 1132 3678 procul
1185 3610 1260 3662 ire
1288 3610 1635 3677 praecipitur:
1672 3623 1813 3676 saepe
1857 3607 2188 3662 distrahendi

622 3705 708 3756 vel
738 3704 1014 3755 coemendi
1060 3704 1228 3771 gratia
1279 3702 1344 3754 ad
1395 3701 1662 3754 nundinas
1718 3701 2031 3754 destinatur.
2084 3698 2188 3753 Sed

627 3793 740 3848 hac
776 3803 828 3846 et
856 3794 956 3846 alia
988 3809 1319 3862 qtnecunque
1365 3807 1393 3844 a
1419 3793 1598 3860 priore
1624 3792 1966 3856 mandantur,
1994 3791 2066 3844 ita
2096 3790 2192 3860 pa-

628 3885 842 3948 tienter,
873 3894 929 3938 et
971 3885 1246 3939 humiliter
1295 3893 1420 3937 sunt
1473 3883 1761 3946 servanda,
1814 3897 1878 3936 ac
1918 3883 1960 3936 si
1992 3882 2194 3936 fuerint

627 3975 878 4030 divinitus
936 3974 1217 4043 imperata.
1294 3963 1609 4028 Obedientia
1677 3973 1874 4042 quippe
1939 3981 1994 4028 et
2051 3973 2192 4026 bona

627 4075 808 4120 nostra
840 4064 1178 4120 commendat
1205 4073 1260 4118 et
1307 4065 1640 4134 negligentiae
1671 4063 1904 4118 oﬂ'ensas
1949 4071 2187 4119 excusat.

698 4153 769 4214 Ut
804 4169 932 4224 ergo
958 4166 1137 4209 nostra
1166 4153 1236 4206 sit
1264 4155 1488 4206 remotio
1524 4153 1604 4207 vel
1635 4153 1849 4208 afﬂictio
1899 4153 2192 4218 fructuosa,

2287 3259 2420 3314 pens
2447 3259 2635 3314 nempe
2661 3246 2705 3299 si
2739 3247 2809 3300 ab
2841 3247 2956 3314 ipso
2986 3247 3134 3300 aditu
3169 3255 3368 3316 praesto
3412 3248 3716 3318 repellitur,
3752 3265 3891 3304 sana

2289 3347 2414 3394 sunt
2441 3340 2663 3392 omnia:
2706 3338 2780 3392 nil
2829 3339 3056 3392 omnino
3107 3339 3496 3408 corrumpitur,
3544 3341 3623 3394 nil
3667 3356 3889 3406 eorum,

2289 3444 2408 3497 que
2437 3429 2578 3481 intus
2611 3437 2758 3490 sunt,
2791 3428 3126 3496 inquinatur.
3173 3427 3228 3481 Si
3277 3427 3460 3481 autem
3509 3431 3678 3483 semel
3721 3430 3892 3485 fuerit

2289 3515 2572 3577 admissus,
2620 3515 2830 3568 tametsi
2877 3515 3070 3582 quavis
3109 3515 3365 3569 lnstantia
3397 3517 3748 3583 postmodum
3794 3532 3893 3572 co-

2289 3615 2446 3674 gatur
2473 3606 2779 3670 abscedere,
2812 3606 2878 3659 de
2909 3619 3118 3660 veneno
3145 3613 3325 3659 tamen
3351 3604 3490 3673 ejus,
3533 3607 3620 3662 vel
3657 3623 3888 3676 squam-

2289 3694 2394 3748 mis
2427 3708 2649 3748 necesse
2682 3695 2785 3748 erit
2812 3694 3014 3764 aliquid
3059 3694 3146 3749 vel
3188 3695 3542 3764 perexiguum
3574 3710 3884 3753 remanere.

2291 3783 2432 3854 Ergo
2465 3784 2724 3838 sollicitus
2752 3793 2870 3837 esto
2905 3798 3141 3853 semper,
3180 3793 3240 3837 ut
3286 3783 3570 3838 tentationi
3617 3787 3886 3854 principio

2289 3874 2531 3928 nascenti
2567 3873 2711 3927 velut
2740 3881 3006 3936 armatus,
3050 3881 3108 3926 et
3151 3871 3438 3941 expeditus
3480 3887 3744 3928 occurras
3791 3873 3885 3944 (11

2291 3960 2414 4016 Cor.
2445 3963 2500 4029 x)
2533 3975 2548 4012 :
2581 3969 2635 4014 et
2664 3961 2916 4030 parvulos
2942 3961 3234 4015 orientium
3264 3961 3658 4030 cogitationum
3701 3972 3890 4019 motus

2293 4055 2358 4108 ad
2386 4063 2618 4122 petram,
2645 4054 2736 4123 qui
2765 4063 2850 4110 est
2879 4054 3152 4119 Christus,
3183 4055 3396 4111 allidas.
3422 4056 3596 4112 Crede
3625 4055 3888 4126 frequen-

2293 4153 2377 4199 ter
2400 4155 2640 4216 experto,
2685 4161 2826 4216 saepe
2870 4155 3016 4201 certe
3057 4149 3412 4202 tentationem
3461 4151 3620 4218 quasi
3665 4151 3884 4206 delibe-

629 4242 920 4297 salutiferae
951 4245 1023 4298 sit
1065 4257 1279 4311 semper
1328 4243 1648 4296 obedientiaa
1707 4242 1820 4296 sale
1857 4243 2109 4297 condita:
2142 4251 2199 4297 et
2294 4247 2476 4294 rantes
2542 4240 2899 4306 admittimus,
2955 4241 3238 4296 nobiscum
3302 4241 3558 4297 videlicet
3626 4244 3886 4311 primitus

629 4351 973 4404 quoscunque
1005 4336 1130 4388 boni
1163 4334 1341 4406 operis
1363 4335 1469 4387 vita
1494 4344 1674 4388 nostra
1705 4349 1884 4388 ramos
1907 4334 2193 4404 expandat,

626 4413 684 4483 in
718 4429 895 4482 radice
919 4443 1129 4496 semper
1166 4425 1484 4480 obedienlim.
1527 4441 1748 4478 necesse
1782 4434 1865 4479 est
1905 4425 2191 4480 coalescat.

631 4515 919 4570 Enimvero
953 4529 1050 4568 nos
1099 4514 1278 4568 omnia
1336 4513 1493 4580 hujus
1543 4513 1891 4567 institutionis
1926 4521 2190 4581 praecepta

631 4605 887 4660 minutius
911 4618 1014 4657 non
1044 4603 1416 4663 describimus,
1455 4601 1545 4654 sed
1575 4601 1742 4653 multa
1772 4616 1891 4669 qua:
1916 4610 1967 4656 et
1992 4600 2188 4670 passim

634 4694 786 4748 nobis
826 4701 1139 4751 occurrunt,
1196 4707 1260 4744 ex
1315 4690 1491 4743 studio
1539 4691 1894 4756 prmterimus.
1926 4689 2192 4757 Quidquid

631 4785 775 4836 enim
803 4784 854 4836 in
887 4783 946 4836 Β.
979 4782 1253 4836 Benedicti
1296 4780 1515 4848 Regula,
1547 4780 1802 4848 quidquid
1832 4781 1881 4832 in
1915 4781 2189 4842 institutis,

632 4872 744 4926 sive
776 4874 826 4924 in
853 4873 1223 4927 collationibus
1251 4872 1469 4925 Patrum
1515 4879 1597 4924 est
1627 4871 1852 4935 dictum,
1899 4872 2019 4923 huic
2042 4886 2188 4924 com—

633 4973 816 5030 petere
846 4965 1132 5032 disriplinae
1154 4965 1568 5032 perpendimus;
1607 4972 1780 5016 tamen
1831 4963 1882 5015 in
1919 4979 2082 5016 unum
2104 4963 2191 5016 hic

631 5064 823 5106 cuncta
853 5053 1102 5121 colligere
1136 5052 1456 5121 superfluum
1483 5052 1809 5120 judicamus.
1835 5051 1948 5105 lluc
1990 5051 2194 5104 accedit

632 5142 772 5210 quod
799 5142 910 5210 ipsa
926 5141 1140 5204 cellula,
1162 5141 1472 5195 etdiuturna
1492 5143 1829 5197 conversatio
1844 5155 2195 5211 perSeveran-

633 5241 738 5283 tcm
761 5233 1046 5286 etlicacitcr
1062 5232 1301 5293 instruit,
1317 5243 1366 5285 et
1381 5248 1473 5300 per
1488 5248 1796 5300 processum
1833 5232 2090 5301 temporis
2114 5244 2195 5283 re-

634 5325 913 5389 bus-aperit
935 5322 1094 5393 346
1108 5322 1248 5392 quod
1273 5324 1447 5376 verbis
1463 5331 1763 5393 perstrepen
1773 5324 1913 5378 tibus
1928 5322 2198 5392 explicare

632 5413 809 5463 carnis
839 5412 1126 5480 linguanon
1160 5413 1342 5481 possit.
1378 5411 1528 5466 Unde
1543 5427 1638 5466 nos
1667 5427 1728 5465 ex
1752 5413 2197 5482 pluribuspauen,

633 5502 929 5568 eademque
1001 5503 1230 5557 breviter
1295 5504 1707 5572 perstringendo
1763 5505 2196 5568 transcurrimus,

637 5595 1002 5663 inajurcmqne
1053 5596 1208 5662 hujus
1237 5608 1431 5650 sancta:
1474 5596 1765 5666 disciplinas
1809 5599 2048 5667 peritiam
2101 5595 2200 5665 ipsi

636 5687 966 5753 potissimum
1019 5687 1218 5744 cellula:
1272 5704 1625 5743 reservamus.
1696 5687 2006 5742 Perseveret
2051 5688 2194 5738 enim

2293 4328 2646 4398 paciscentes,
2678 4329 2820 4398 quod
2861 4344 2982 4384 eam
3042 4331 3366 4400 quantocius
3414 4345 3747 4402 egeremus:
3787 4333 3886 4388 sed

2297 4419 2424 4479 licet
2468 4421 2864 4489 suggestionem
2911 4421 3056 4474 illam
3084 4421 3424 4490 postmodum
3453 4437 3552 4491 per
3601 4440 3885 4494 egressum

2297 4508 2650 4564 confessionis
2672 4509 2990 4574 emittimus,
3021 4509 3146 4564 licet
3169 4510 3501 4579 paenitentia:
3519 4514 3886 4581 nosmetipsos

2299 4598 2586 4653 afﬂictione
2635 4601 2905 4668 punimus,
2958 4603 3141 4657 nescio
3188 4618 3295 4672 quo
3345 4613 3508 4672 pacto
3556 4606 3883 4674 quibusdam

2299 4689 2610 4758 pollutionis
2633 4689 2863 4745 exclusae
2886 4691 3130 4760 reliquiis
3154 4693 3240 4746 diu
3265 4701 3386 4762 post
3413 4707 3600 4749 carere
3622 4705 3726 4748 nan
3760 4709 3885 4763 pos—

2299 4795 2513 4845 sumus;
2549 4789 2604 4833 et
2647 4780 2792 4848 justo
2830 4780 3059 4848 judicio,
3107 4782 3199 4850 qui
3249 4782 3399 4849 prius
3456 4784 3703 4839 volentes
3741 4798 3883 4838 vano

2301 4873 2674 4940 phantasmate
2686 4872 3048 4942 jactabamur,
3074 4873 3316 4927 nolentes
3337 4874 3682 4941 postmodum
3709 4874 3885 4930 acrio-

2300 4964 2449 5017 ribus
2481 4963 2752 5017 mordacis
2779 4964 3130 5017 conscientize
3163 4963 3400 5018 stimulis
3426 4966 3738 5036 pungimur.

2791 5052 2950 5123 357
2992 5053 3218 5107 CAPUT
3254 5053 3372 5108 xx.

2679 5145 2750 5198 De
2787 5145 2923 5214 gulae
2953 5145 3207 5200 illecebris
3233 5146 3518 5216 fugiendis.

2372 5235 2438 5288 Et
2467 5235 2592 5304 quia
2629 5235 2798 5303 prima
2840 5236 3079 5288 omnium
3117 5237 3234 5304 gula
3279 5237 3539 5290 adversus
3565 5237 3880 5307 insipientes

2305 5323 2550 5378 illecebra
2562 5339 2676 5377 rum
2703 5340 2919 5378 suarum
2945 5328 3224 5379 consuevit
3248 5341 3399 5379 arma
3423 5328 3660 5391 vibrare,
3686 5329 3877 5382 adver-

2307 5430 2396 5468 sus
2427 5416 2560 5468 hanc
2596 5416 2822 5469 bestiam
2855 5427 2910 5470 et
2939 5418 3050 5486 ipse
3079 5417 3316 5471 fervidus
3347 5418 3512 5482 irrue,
3535 5419 3880 5473 continenth

2310 5513 2358 5557 te
2392 5505 2508 5558 telis
2551 5506 2786 5575 accinge.
2833 5504 3036 5560 Suadet
3087 5507 3174 5560 illa
3208 5516 3265 5561 ut
3307 5508 3524 5562 modum
3567 5507 3879 5564 refectionis

2309 5599 2562 5661 excedas;
2591 5608 2644 5650 tu
2689 5599 2763 5650 tui
2807 5600 3050 5666 corporis
3097 5599 3308 5652 frenum
3343 5609 3532 5655 tenens
3562 5601 3632 5654 ad
3662 5601 3879 5654 satieta—

2311 5697 2415 5741 tem
2450 5706 2720 5757 nunquam
2776 5691 3062 5758 pervenias
3092 5709 3102 5743 :
3139 5691 3380 5762 suggerit
3443 5691 3582 5747 forte
3621 5691 3875 5746 lautiores
