4276 6330
435 391 547 446 553

1382 368 1624 429 OPUSC.
1664 365 1800 421 XV.‘
1820 391 1890 405 --
1918 359 2006 414 DE
2041 352 2430 412 lNSTlTUTlS
2456 353 2616 411 0RD.
2661 347 2924 407 EREMIT

3608 341 3713 397 35$

438 503 592 559 cibos
618 504 896 569 appetere;
946 501 1000 547 ιιι
1029 495 1151 561 post
1194 492 1470 556 peractum
1507 492 1719 538 munus,
1753 491 1864 569 quo
1907 473 2012 528 cibi
2045 473 2090 530 Α
2120 463 2750 569 ιιμθεετθνερςηςδγειίίξέ
2768 452 3713 569 εῗηιίξξέ

439 567 793 664 reponantur,
841 582 1075 639 attende.
1134 578 1189 632 Si
1217 577 1358 629 enim
1405 576 1563 643 digne
1610 567 2017 664 perpendimus,

438 656 683 752 ejusdem
712 677 822 732 fere
850 671 1083 728 vesaniae
1110 676 1193 723 est
1219 663 1615 752 esculentiores
1630 660 1819 730 epulas
1845 656 2017 752 inhia-

443 747 526 835 re,
557 779 611 824 ct
642 766 901 833 anitergia
943 776 1063 816 cum
1092 757 1293 813 eisdem
1322 755 1373 807 in
1406 750 1684 806 cuniculos
1730 747 2020 813 mergenda

443 838 737 930 depingere
765 871 780 910 :
808 866 959 922 aeque
985 849 1235 903 nimirum
1267 842 1492 898 ambitio
1522 849 1754 930 utraque
1794 835 2021 930 ridenda

443 926 533 1007 est
554 969 567 1002 :
605 926 732 1016 quia
774 946 915 999 sicut
939 938 1274 1009 egestionum
1341 931 1529 987 sordes
1584 927 1774 997 melius
1812 926 2020 995 pictura

443 1052 554 1093 non
586 1036 774 1106 tergit;
811 1033 882 1085 ita
922 1030 1084 1083 etiam
1130 1031 1320 1079 venter
1351 1019 1585 1076 hominis
1629 1030 1826 1106 suaves
1869 1016 2021 1070 cibos

444 1141 477 1181 a
510 1105 870 1197 grossioribus
917 1133 1019 1172 non
1072 1113 1347 1171 discernit.
1376 1110 1546 1165 Porro
1582 1118 1764 1161 autem
1810 1105 2022 1197 fauces,

442 1195 663 1284 etigula
694 1210 889 1265 callent
911 1206 1127 1276 quidem
1178 1201 1500 1257 suavitatem
1538 1197 1807 1259 ciborum,
1840 1195 1933 1249 sed
1961 1207 2025 1247 ea

443 1304 647 1359 diutius
673 1298 875 1369 perfrui
904 1302 1202 1364 nequeunt,
1228 1292 1353 1361 quia
1383 1290 1562 1343 ventri
1591 1290 1842 1358 protinus
1879 1299 2028 1354 qua:-

444 1407 550 1462 qne
576 1388 826 1445 dentibus
854 1385 1014 1439 atrita
1047 1380 1440 1437 transmittunt.
1477 1376 1571 1432 Sic
1592 1378 1775 1445 itaque
1801 1373 2025 1429 alternis

443 1482 653 1537 vicibus
684 1488 737 1535 et
760 1478 904 1548 gula,
929 1475 1013 1529 cui
1044 1473 1151 1529 cibi
1192 1471 1428 1539 sapiunt,
1457 1469 1525 1523 ab
1555 1468 1637 1521 eis
1666 1466 1720 1521 in
1753 1472 2025 1519 momento

443 1572 746 1637 deseritur:
777 1577 833 1622 et
858 1565 1038 1620 ventri
1068 1578 1173 1618 non
1197 1562 1433 1631 sapiunt,
1465 1573 1495 1612 a
1531 1573 1637 1627 quo
1668 1557 1873 1612 diutius
1910 1569 2027 1609 ser—

443 1673 658 1718 vantur.
691 1660 948 1730 Explorat
971 1664 1149 1710 autem
1171 1651 1415 1708 diabolus
1438 1650 1566 1719 quid
1595 1663 1696 1704 nos
1722 1649 1789 1702 ad
1810 1662 2027 1702 vescen-

444 1753 573 1807 dum
595 1751 820 1805 suavius
854 1747 1156 1818 judicemus
1192 1761 1205 1796 :
1245 1743 1349 1797 hoc
1394 1740 1556 1810 igitur
1582 1739 1785 1803 oblato,
1835 1737 2025 1792 suadet

2123 556 2268 609 tione
2318 552 2591 621 disponas,
2630 564 2956 619 omnemque
2991 547 3323 600 voluntatem
3364 556 3511 599 tuam
3553 563 3581 599 a
3620 545 3716 599 Dei

2120 644 2397 699 voluntate
2447 642 2767 711 suspendas.
2818 639 2912 695 Sic
2965 640 3146 708 itaque
3193 638 3259 691 ad
3305 639 3570 707 agendum
3618 637 3718 693 ali-

2121 733 2251 803 quid
2306 724 2646 786 extrinseCus
2693 739 2895 799 satage,
2943 739 3000 782 ut
3048 743 3296 797 supernze
3345 728 3719 796 dispositionis

2122 823 2406 877 arbitrium
2456 822 2690 876 assidue
2747 833 2996 875 versentr
3047 820 3100 873 in
3158 827 3338 872 mente
3380 836 3394 871 :
3451 826 3721 885 quatenus

2122 911 2168 965 si
2236 922 2462 964 conatus
2531 919 2654 963 tuus
2716 909 2972 963 obviantc
3040 907 3327 977 cujuslibet
3392 905 3722 962 diﬁicultatis

2122 1000 2405 1057 obstaculo
2449 999 2738 1070 frangitur,
2783 1014 2937 1054 mens
2978 1009 3066 1053 tua
3114 1000 3362 1069 protinus
3409 1002 3477 1054 ad
3527 1002 3725 1058 divinae

2123 1091 2476 1162 providentiae
2513 1091 2781 1161 judicium
2832 1098 3155 1145 revertatur.
3210 1090 3357 1146 Inter
3402 1089 3726 1148 ﬂuctuantes

2124 1181 2285 1251 plane
2336 1180 2727 1250 cogitationum
2768 1180 3140 1234 inundantium
3184 1180 3439 1249 impetus,
3488 1194 3727 1238 mentem

2127 1282 2277 1328 tuam
2328 1274 2482 1342 quasi
2540 1283 2657 1327 rete
2706 1272 2977 1326 constitue
3023 1287 3037 1325 :
3092 1286 3213 1342 quae
3266 1272 3517 1329 videlicet
3579 1283 3729 1330 recta

2126 1363 2371 1430 consilia,
2428 1356 2577 1419 velut
2632 1364 2831 1435 pisces,
2876 1364 3194 1428 contineat;
3248 1371 3305 1418 et
3359 1379 3525 1420 vanas
3578 1366 3730 1437 cogi-

2128 1456 2360 1510 tationes
2407 1453 2647 1518 eludere,
2692 1463 2856 1524 atque
2895 1453 3062 1519 elabi,
3110 1453 3257 1509 velut
3296 1456 3539 1526 repentia
3581 1473 3733 1527 quae-

2126 1558 2233 1613 que
2276 1544 2640 1599 abominanda
2688 1546 2986 1614 permittat.
3042 1544 3302 1600 Disceme
3352 1546 3726 1615 cogitationes,

2126 1644 2182 1688 et
2223 1650 2329 1689 non
2373 1634 2546 1689 solum
2588 1650 2708 1704 quae
2750 1635 2819 1689 ad
2862 1644 3098 1689 mentem
3146 1637 3386 1699 veniant,
3432 1640 3526 1692 sed
3560 1640 3726 1693 etiam

2126 1724 2271 1778 unde
2306 1724 2543 1789 veniant,
2580 1724 2867 1793 vigilanter
2900 1726 3135 1778 attende.
3173 1726 3557 1781 Animadverte
3584 1728 3731 1796 quod

447 1842 715 1897 tenaciam
751 1880 765 1905 ,
806 1813 870 1891 ut
916 1842 1146 1891 cxacuat
1176 1832 1355 1901 gulam
1391 1848 1402 1883 :
1432 1828 1689 1883 nimirum
1736 1828 1865 1880 dum
1922 1827 2026 1880 hoc
2057 1813 2359 1884 Bloquor;
2412 1822 2555 1884 stepe
2614 1830 2849 1885 namque
2903 1816 3171 1884 malignus
3233 1818 3403 1871 hostis
3454 1820 3728 1887 praeterita

444 1931 577 1987 nulli
614 1932 742 1984 dare
780 1926 1133 1997 disponimus,
1160 1933 1216 1978 et
1252 1932 1463 1989 tempus
1500 1918 1693 1975 edendi
1733 1932 2027 1988 congruum

443 2031 843 2093 exspectamus,
866 2019 1085 2073 interim
1113 2031 1267 2071 mens
1293 2024 1479 2068 nostra
1510 2012 1743 2081 crapula:
1766 2010 1824 2063 ﬁt
1857 2009 2025 2065 medi-

446 2113 724 2176 tatorium,
754 2118 809 2164 et
836 2108 973 2171 male
1005 2106 1291 2161 exundans
1332 2103 1479 2157 lebes
1511 2116 1779 2156 escarum.

518 2201 592 2256 Ut
618 2215 747 2270 ergo
773 2198 1053 2252 materiam
1104 2194 1264 2261 hujus
1298 2191 1602 2246 vexationis
1631 2192 1874 2255 amittas,
1903 2203 2029 2259 pro-

441 2292 552 2361 jiee
580 2290 721 2359 quod
769 2288 909 2341 male
926 2294 1186 2341 servatur
1216 2302 1229 2337 :
1269 2280 1324 2335 e't
1360 2282 1609 2351 protinus
1652 2294 1807 2334 mens
1835 2278 2025 2341 libera,

446 2380 691 2449 deposito
719 2377 864 2433 omni
918 2392 1024 2446 quo
1070 2375 1451 2443 premebatur,
1499 2364 1746 2440 erigitur.
1800 2367 2029 2434 Quidam

446 2485 577 2524 vero
599 2484 719 2523 cum
755 2467 1013 2521 lautiores
1054 2465 1203 2519 cibos
1250 2478 1357 2516 non
1387 2469 1661 2531 appetant,
1698 2459 1920 2513 obtentu
1950 2467 2031 2511 ta-

447 2576 569 2615 men
621 2559 817 2622 levati,
878 2557 1159 2612 levandive
1218 2553 1406 2624 jejunii
1467 2551 1774 2606 refectionis
1818 2548 2031 2602 frenum

448 2650 707 2722 praecipiti
759 2649 1008 2703 libertate
1052 2648 1315 2702 relaxant.
1372 2643 1478 2698 Sed
1508 2654 1713 2698 certmn
1746 2652 1847 2706 est,
1906 2641 2030 2710 quia

448 2743 690 2796 ciborum
722 2740 810 2793 illa
834 2739 1186 2794 immoderata
1214 2736 1509 2806 perceptio,
1541 2749 1744 2804 corpus
1777 2749 1882 2787 non
1919 2742 2031 2785 tam

448 2831 656 2884 viribus
680 2829 922 2892 roborat,
957 2842 1116 2897 quam
1150 2825 1289 2879 mole
1334 2832 1545 2892 gravat,
1576 2837 1792 2876 sensum
1834 2821 2028 2874 obtun-

450 2923 551 2986 dit,
580 2930 849 2990 torporem
881 2919 1097 2990 ingerit,
1129 2916 1542 2972 somnolentiam
1571 2914 1747 2982 parit;
1793 2922 1849 2965 et
1899 2914 2030 2964 dum

449 3016 640 3085 utique
680 3013 1060 3068 ventositatem
1093 3009 1405 3077 frequenter
1440 3006 1621 3060 efﬂare
1662 3003 2030 3072 compellitur,

449 3120 548 3161 cor
575 3105 739 3159 ﬁxum
775 3104 828 3157 in
854 3103 1104 3157 oratione
1130 3100 1213 3154 vel
1245 3099 1542 3169 psalmodia
1588 3107 1797 3160 tenere,
1834 3104 2035 3158 tumor,
2067 3146 2109 3169 ﬂ

447 3198 560 3261 vel,
589 3204 649 3249 ut
678 3196 752 3250 ita
784 3194 973 3258 fatear,
1003 3194 1232 3262 languor
1260 3189 1543 3244 incolumis
1575 3187 1883 3242 necessario
1908 3200 2034 3254 pro-

449 3286 686 3341 hibetur.
737 3284 793 3338 Si
831 3284 1015 3352 itaque
1060 3284 1202 3335 vires
1243 3280 1575 3334 insumendis
1622 3278 1891 3330 alimentis
1942 3290 2035 3329 ex-

448 3384 687 3444 spectas,
716 3387 988 3441 nunquam
1020 3371 1238 3425 modum
1269 3356 1577 3438 temperatre
1604 3369 1918 3422 sobrietatis
1942 3380 2036 3419 ex-

449 3464 615 3519 cedas
640 3481 653 3517 :
682 3462 827 3533 quia,
858 3461 1000 3533 quod
1023 3461 1241 3517 salubre
1266 3468 1350 3515 est
1384 3460 1619 3530 corpori,
1646 3458 2035 3514 constatetiam

449 3552 721 3623 corporali
746 3551 979 3605 amicum
1010 3549 1189 3604 inesse
1219 3548 1427 3602 virtuti.

1043 3636 1272 3693 CAPUT
1308 3634 1447 3690 XXI.

622 3728 701 3783 De
726 3730 940 3783 restium
962 3732 1286 3797 paupertate,
1315 3735 1361 3778 et
1397 3725 1592 3779 vilitate
1622 3724 1874 3777 amanda.

527 3819 781 3875 Vestibbs
811 3832 1025 3887 quoque
1050 3817 1244 3872 vilibus
1271 3826 1327 3870 et
1356 3817 1545 3885 paucis
1579 3825 1695 3869 esto
1719 3823 2036 3869 contentus.

453 3912 721 3965 Assuesce
746 3909 926 3979 igitur,
954 3917 1012 3961 ut
1039 3907 1139 3962 levi
1167 3923 1231 3962 ac
1260 3906 1555 3975 perexiguo
1595 3922 1807 3975 semper
1852 3905 2040 3959 indua-

456 4004 535 4058 ris
559 4003 778 4056 amictu.
821 4000 972 4067 Quod
1008 4000 1225 4069 quidem
1255 3998 1307 4053 in
1341 3999 1496 4052 initio
1538 4013 1642 4052 non
1692 3998 1811 4053 sine
1851 3998 2040 4050 labore

459 4090 543 4155 ﬁt,
576 4092 670 4146 sed
708 4090 1033 4159 procedente
1061 4087 1470 4150 consuetudine,
1505 4086 1631 4139 dum
1659 4087 1814 4155 quasi
1849 4086 1901 4138 in
1947 4101 2043 4139 na-

461 4190 638 4234 turam
665 4179 914 4244 vertitur,
942 4178 1361 4233 incommoditas
1388 4175 1606 4246 frigoris
1634 4175 1792 4230 facile
1830 4175 2042 4245 mitiga-

460 4274 568 4322 tur.
605 4265 777 4321 Porro
809 4267 1124 4321 extremitas
1148 4266 1403 4329 vestimn,
1432 4265 1789 4333 ciborumque
1816 4265 2042 4333 penuria

458 4372 674 4411 omnem
693 4358 973 4410 avaritiam
999 4356 1065 4409 de
1086 4356 1247 4409 corde
1272 4356 1518 4409 monachi
1550 4370 1773 4425 prorsus
1796 4354 2037 4425 expellit.

458 4448 542 4501 Ad
566 4447 694 4515 quid
716 4448 859 4500 enim
885 4446 1015 4499 mihi
1040 4446 1424 4514 concupiscere
1449 4448 1591 4514 quod
1616 4460 1715 4500 nec
1745 4446 2037 4509 alimentis,

461 4552 559 4591 nec
574 4536 897 4592 indumentis
916 4536 1406 4606 accrescat?lgitttr
1429 4546 1483 4590 et
1509 4538 1803 4591 nuditatem
1820 4537 2037 4607 pedum,

460 4630 877 4699 ctexiguitatem
901 4630 1157 4693 vestium,
1175 4629 1297 4684 lecti
1329 4630 1867 4693 duritiam,ciborum
1888 4644 2043 4697 aspe-

462 4717 699 4783 ritatem,
722 4715 886 4789 3&8
911 4731 1062 4786 aquae
1088 4718 1664 4787 potum,.percipicndo
1685 4717 2037 4787 pulmentum,

461 4817 515 4860 et
563 4816 757 4861 caetera
804 4807 1131 4875 bujusmodi,
1169 4807 1486 4876 incipientes
1521 4808 1733 4876 quidem
1778 4822 1887 4861 non
1928 4822 2043 4862 sme

460 4897 693 4967 quadam
747 4896 1030 4952 formidine
1084 4899 1579 4968 perhorrescimus;
1635 4908 2043 4967 perseverantes

461 4996 643 5041 autem
674 5026 689 5051 ,
740 4994 795 5041 et
845 4986 1219 5056 longanimiter
1264 4989 1612 5053 insismntes,
1669 4988 1843 5044 facilia
1897 5004 2050 5060 pror-

460 5089 573 5140 sus,
618 5084 673 5131 et
721 5075 1017 5131 tolerabilia
1066 5078 1403 5147 deputamus.
1455 5078 1818 5149 Asperitatem
1853 5080 2050 5149 quippe

460 5164 765 5235 frequentia
796 5166 1030 5236 mitigat,
1058 5168 1287 5237 rigorem
1319 5170 1650 5225 consuetudo
1676 5170 2044 5225 commendat.

1028 5274 1255 5332 CAPUT
1312 5276 1476 5331 XXII.

463 5369 539 5423 De
585 5368 717 5422 nillil
768 5384 864 5437 pro
916 5378 1054 5421 certo
1090 5369 1403 5435 deﬁniendo,
1445 5378 1493 5422 et
1540 5370 1604 5423 de
1643 5354 2043 5439 cogitationibus

1065 5440 1439 5493 discernendis.

534 5527 681 5581 lianc
728 5528 890 5581 etiam
932 5528 1142 5581 tibimet
1182 5528 1417 5584 indicere
1457 5530 1896 5585 consuetudinem
1937 5545 2042 5584 non

459 5616 737 5688 graveris,
785 5625 844 5668 ut
891 5632 1267 5686 aggressurum
1327 5627 1378 5672 lc
1428 5619 1649 5687 aliquid,
1708 5619 2046 5673 facturumve

463 5720 734 5774 nunquam
790 5722 885 5775 pro
941 5717 1091 5759 Certo
1136 5705 1400 5762 deﬁnias:
1434 5709 1525 5761 sed
1565 5708 1738 5776 potius
1766 5748 1780 5773 ,
1838 5710 1882 5761 si
1943 5709 2048 5763 Deo

2130 1916 2351 1974 peccata
2416 1906 2769 1983 adamentem
2826 1916 3090 1971 revocat,
3144 1917 3202 1961 ut
3248 1906 3451 1961 eisdem
3514 1925 3732 1963 rursum

2130 1996 2402 2051 illecebris
2457 1997 2742 2051 delecteris
2800 2013 2815 2049 :
2867 2014 3009 2067 saepe
3071 1999 3286 2058 divinus
3355 1998 3593 2070 Spiritus
3652 2003 3734 2056 id~

2132 2085 2305 2155 ipsum
2356 2086 2505 2150 facit,
2559 2096 2618 2139 nt
2672 2088 2726 2141 in
2773 2086 2986 2147 ﬂetibus
3040 2092 3459 2160 compungaris;
3505 2103 3558 2147 et
3607 2108 3732 2148 cum

2131 2191 2239 2229 una
2278 2178 2574 2247 eademque
2619 2180 2685 2233 ad
2736 2180 2978 2235 diversos
3020 2181 3198 2236 exitus
3244 2185 3448 2249 tendat,
3497 2185 3735 2254 plerum-

2132 2282 2236 2336 que
2286 2282 2437 2323 mens
2485 2270 2808 2337 improvida,
2858 2272 2986 2341 quid
3033 2274 3181 2327 circa
3246 2289 3304 2328 se
3347 2284 3540 2345 agatur
3580 2278 3737 2346 igno-

2131 2365 2237 2411 rat.
2272 2356 2427 2427 Srepe
2455 2374 2485 2412 a
2518 2362 2659 2414 bono
2705 2361 2897 2429 spiritu
2935 2362 3073 2416 bona
3108 2363 3368 2433 cogitatio
3415 2370 3737 2437 peragendze

2131 2446 2383 2502 videlicet
2412 2449 2642 2517 pietatis.
2663 2451 2995 2516 immittitur,
3040 2451 3195 2519 cujus
3225 2469 3283 2509 se
3312 2466 3590 2511 auctorem
3621 2458 3735 2512 cal-

2134 2535 2276 2591 lidus
2302 2538 2587 2592 insidiator
2614 2549 2787 2595 astuta
2816 2542 3170 2610 persuasione
3203 2547 3461 2599 mentitur
3489 2563 3502 2611 ;
3537 2564 3603 2602 ne
3626 2549 3701 2602 sci
3720 2579 3734 2589 -

2135 2623 2262 2677 licet
2291 2626 2489 2679 bonum
2523 2627 2639 2690 ﬁat,
2680 2630 2824 2696 quod
2868 2630 3091 2699 decepta
3126 2648 3280 2687 mens
3320 2633 3389 2686 ab
3422 2636 3737 2692 adversario

2135 2725 2445 2783 suggestum
2476 2716 2855 2795 putathaape
2922 2721 3049 2774 dum
3092 2722 3403 2795 psallimus,
3478 2735 3736 2794 tanquam

2136 2806 2387 2861 olliciosis
2458 2809 2876 2878 cogitationibus
2958 2826 2989 2865 a
3066 2812 3282 2868 diabolo
3365 2817 3739 2871 vehementius

2136 2908 2541 2964 Oppugnamur;
2577 2908 2636 2950 ut
2676 2898 2802 2952 dum
2853 2914 3006 2955 mens
3036 2911 3223 2956 nostra
3248 2906 3401 2972 quasi
3440 2907 3584 2973 pium
3609 2909 3740 2975 quid

2137 2986 2378 3053 cogitare
2405 3000 2462 3039 se
2482 2986 2819 3053 considerat,
2852 2989 2921 3044 ab
2949 2990 3317 3062 intelligendo,
3352 2995 3495 3064 quod
3525 2998 3737 3065 psallit,

2138 3076 2327 3129 oculos
2355 3075 2581 3131 licenter
2602 3088 2837 3133 avertat.
3734 3098 3737 3101 '

2210 3163 2381 3218 Porro
2409 3166 2534 3219 dum
2561 3168 2863 3236 psallimus,
2891 3170 3000 3225 Deo
3027 3180 3212 3227 nostro
3262 3176 3590 3232 sacrificium
3620 3179 3741 3232 lau-

2141 3253 2225 3308 dis
2255 3252 2555 3309 oli‘erimus.
2604 3256 2711 3310 Sed
2735 3258 2861 3311 huic
2908 3262 3174 3316 sacriﬁcio
3214 3266 3529 3332 pestilentes
3582 3271 3743 3339 spiri-

2141 3354 2249 3409 tus,
2270 3344 2416 3399 velut
2445 3344 2683 3415 harpyia:
2708 3348 3126 3417 circumvolant,
3146 3362 3203 3407 et
3224 3370 3420 3424 pravas
3445 3358 3741 3431 ingerendo

2140 3433 2496 3503 cogitationes
2521 3442 2774 3504 tanquam
2798 3435 3013 3507 injectis
3036 3440 3161 3495 illuc
3184 3444 3505 3511 quibusdam
3526 3458 3744 3508 sterco-

2139 3520 2291 3577 ribus
2322 3521 2567 3577 fcedant:
2607 3533 2701 3577 aut
2732 3534 2881 3583 certe
2908 3529 3130 3585 omnino
3158 3532 3439 3603 diripiunt,
3469 3539 3513 3593 si
3562 3548 3741 3595 tenta-

2141 3612 2379 3668 tionibus
2424 3628 2525 3669 nos
2570 3614 2900 3683 infestando,
2940 3620 3010 3675 ab
3059 3622 3307 3679 oratione
3368 3640 3740 3698 compescunt.

2141 3701 2249 3759 Sed
2286 3704 2429 3760 sicut
2466 3706 2733 3763 sacriﬁcia
2784 3709 3000 3778 placare
3047 3714 3235 3779 Deum,
3285 3718 3331 3772 si
3376 3722 3533 3775 nobis
3583 3736 3741 3793 rapta

2141 3802 2290 3859 sunt,
2326 3805 2602 3865 nequeunt
2635 3814 2649 3862 ;
2704 3798 2779 3851 ita
2822 3808 2876 3853 et
2913 3816 3033 3870 quae
3077 3800 3278 3859 fuerint
3318 3806 3623 3877 inquinata,
3646 3826 3742 3866 au-

2143 3883 2283 3937 ctori
2314 3884 2590 3939 munditia:
2607 3886 2821 3955 placere
2849 3904 2955 3942 non
2982 3901 3227 3958 possunt.
3257 3892 3410 3949 Unde
3436 3900 3551 3965 pari
3578 3902 3743 3955 modo

2142 3974 2438 4028 cavendmn
2472 3985 2575 4041 est,
2605 3993 2671 4031 ne
2698 3978 2779 4030 vel
2812 3994 2908 4033 nos
2937 3982 3343 4049 acquiescamus
3370 3987 3422 4040 in
3443 3992 3742 4046 tentationc

2143 4065 2398 4129 deiicere,
2450 4066 2535 4121 vel
2589 4068 2760 4123 hostis
2820 4070 3064 4127 insiliens
3105 4076 3431 4133 sacriﬁcium
3492 4090 3743 4139 nostrum

2143 4155 2490 4224 cogitationis
2522 4155 2677 4211 foeda:
2718 4161 3036 4229 contagione
3062 4162 3239 4218 valmt
3282 4166 3582 4235 inquinare.
3616 4170 3744 4227 Sive

2143 4259 2324 4301 autem
2366 4248 2771 4317 Scripturarum
2801 4253 3139 4308 meditationi
3181 4256 3417 4324 deditus,
3448 4260 3562 4315 sive
3590 4264 3743 4332 operi

2143 4340 2375 4410 cuipiam
2401 4340 2477 4394 sis
2490 4341 2751 4404 intentus,
2769 4340 3083 4412 frequenter
3098 4346 3163 4399 ad
3177 4350 3477 4404 orationem
3500 4366 3743 4417 recurre,

2144 4439 2197 4484 et
2245 4440 2401 4483 terrae
2471 4439 2748 4498 prostrato
2814 4446 3072 4500 corpore,
3127 4446 3364 4491 mentem
3419 4441 3487 4493 ad
3540 4444 3739 4498 caelum

2148 4523 2313 4592 erige.
2350 4522 2467 4589 Quo
2494 4523 2575 4587 ﬁt,
2600 4532 2659 4576 ut
2681 4531 2735 4578 et
2758 4539 2853 4578 cor
2878 4530 3105 4581 tentatio
3134 4532 3368 4595 deserat,
3422 4544 3477 4587 et
3504 4536 3573 4587 ab
3601 4552 3737 4591 ocu-

2150 4614 2216 4669 lis
2256 4616 2443 4669 acedia
2493 4616 2583 4669 ditt
2632 4616 2945 4672 sedentibus
2978 4619 3283 4689 importuna
3327 4625 3569 4680 discedat
3606 4646 3619 4681 :
3651 4645 3738 4683 ve-

2149 4704 2268 4759 rum
2296 4704 2462 4775 3&9
2490 4707 2597 4760 noli
2627 4706 2717 4759 diu
2744 4716 3048 4776 prostratus
3072 4709 3280 4777 jacere,
3311 4715 3438 4783 quia
3471 4726 3600 4772 tunc
3630 4720 3744 4773 dia-

2149 4798 2325 4861 belus,
2370 4806 2627 4867 tanquam
2660 4808 2714 4853 et
2752 4798 2869 4869 ipsa
2909 4815 3061 4857 mens
3094 4800 3295 4869 jaceat,
3327 4807 3393 4859 ad
3426 4811 3747 4866 tentandum

2154 4889 2333 4943 acrius
2382 4886 2641 4942 infestare
2684 4887 2927 4952 festinat,
2959 4899 3014 4944 et
3044 4892 3203 4946 mista
3232 4908 3427 4949 somno
3460 4898 3747 4964 cogitatio-

2154 4997 2281 5036 num
2307 4982 2687 5051 phantasmata
2710 4982 3109 5037 subministrat.
3133 4984 3571 5057 Quotiescunque
3596 4991 3747 5047 enim

2152 5074 2395 5130 occultus
2420 5077 2592 5130 hostis
2624 5077 2971 5132 dormitantis
3003 5078 3192 5133 oculos
3216 5080 3481 5151 palpitare
3513 5097 3747 5155 conspe-

2153 5166 2318 5229 xerit,
2354 5181 2477 5219 mox
2512 5166 2735 5221 tredioso
2763 5164 2911 5221 cordi
2930 5168 3170 5236 iaculum
3197 5185 3378 5239 prava:
3400 5173 3743 5243 cngitationls

2151 5255 2344 5326 inﬁgit.
2389 5256 2524 5323 Quia
2559 5269 2685 5311 tunc
2712 5259 2962 5313 videlicet
2991 5270 3357 5329 opportunum
3396 5265 3621 5319 nocendi
3657 5265 3738 5320 lo-

2152 5365 2274 5403 cum
2320 5350 2546 5404 callidus
2594 5350 2874 5404 insidiator
2923 5352 3151 5417 invenit,
3203 5368 3326 5407 cum
3379 5364 3612 5410 mentem
3648 5373 3742 5411 no-

2155 5450 2319 5493 stram
2353 5457 2381 5494 a
2414 5441 2672 5495 custodite
2719 5457 2830 5496 sua:
2871 5443 3357 5512 circumspectione
3396 5446 3747 5515 languescere

2156 5548 2253 5600 per
2304 5532 2445 5585 oculi
2494 5532 2782 5585 exterioris
2835 5533 3094 5587 indicium
3146 5535 3522 5603 deprehendit.
3590 5537 3745 5605 Saepe

2158 5636 2353 5675 manus
2384 5620 2450 5674 ad
2486 5621 2793 5674 orationem
2841 5622 2893 5674 in
2940 5624 3158 5675 modum
3196 5623 3333 5691 signi
3367 5624 3619 5678 salutaris
3650 5641 3745 5678 cx-

2162 5710 2339 5772 tcndc,
2383 5718 2441 5765 ut
2470 5710 2596 5765 dum
2642 5710 2823 5764 crucis
2857 5711 3143 5779 illlaglllt'lli
3172 5714 3388 5767 conaris
3417 5712 3723 5783 exprimere
