  <div class='ocr_page' id='page_1' title='image "/cluster/home/n/w/nwhite01/storage/ocr_20150623/144-145/uc1.31175001639262/717.png"; bbox 0 0 5514 6642; ppageno 0'>
   <div class='ocr_carea' id='block_1_1' title="bbox 29 6368 842 6642">
    <p class='ocr_par' dir='ltr' id='par_1_1' title="bbox 33 6372 838 6642">
     <span class='ocr_line' id='line_1_1' title="bbox 33 6372 838 6642; baseline -0.014 0"><span class='ocrx_word' id='word_1_1' title='bbox 33 6372 838 6642; x_wconf 44' lang='grc' dir='ltr'>ὲ</span> 
     </span>
    </p>
   </div>
   <div class='ocr_carea' id='block_1_2' title="bbox 2070 510 2175 568">
    <p class='ocr_par' dir='ltr' id='par_1_2' title="bbox 2070 510 2175 568">
     <span class='ocr_line' id='line_1_2' title="bbox 2070 510 2175 568; baseline 0 -1"><span class='ocrx_word' id='word_1_2' title='bbox 2070 510 2175 568; x_wconf 74' lang='lat'><strong>355</strong></span> 
     </span>
    </p>
   </div>
   <div class='ocr_carea' id='block_1_3' title="bbox 130 12 4431 259">
    <p class='ocr_par' dir='ltr' id='par_1_3' title="bbox 130 12 4431 259">
     <span class='ocr_line' id='line_1_3' title="bbox 130 12 4431 259; baseline -0.003 2"><span class='ocrx_word' id='word_1_3' title='bbox 130 12 4431 259; x_wconf 48' lang='grc' dir='ltr'><strong>μ-η</strong></span> 
     </span>
    </p>
   </div>
   <div class='ocr_carea' id='block_1_4' title="bbox 2526 496 4851 563">
    <p class='ocr_par' dir='ltr' id='par_1_4' title="bbox 2526 496 4851 563">
     <span class='ocr_line' id='line_1_4' title="bbox 2526 496 4851 563; baseline -0.004 -1"><span class='ocrx_word' id='word_1_4' title='bbox 2526 506 2582 562; x_wconf 89' lang='lat' dir='ltr'><strong>S.</strong></span> <span class='ocrx_word' id='word_1_5' title='bbox 2605 507 2800 562; x_wconf 78' lang='lat' dir='ltr'><strong>PETRI</strong></span> <span class='ocrx_word' id='word_1_6' title='bbox 2841 505 3122 563; x_wconf 71' lang='lat' dir='ltr'><strong>DAMIANI</strong></span> <span class='ocrx_word' id='word_1_7' title='bbox 3161 502 3312 560; x_wconf 82' lang='lat' dir='ltr'><strong>OPP.</strong></span> <span class='ocrx_word' id='word_1_8' title='bbox 3344 498 3576 556; x_wconf 77' lang='lat' dir='ltr'><strong>TOMUS</strong></span> <span class='ocrx_word' id='word_1_9' title='bbox 3614 497 3742 552; x_wconf 79' lang='lat' dir='ltr'><strong>SEU</strong></span> <span class='ocrx_word' id='word_1_10' title='bbox 3784 497 3961 554; x_wconf 78' lang='lat' dir='ltr'><strong>PARS</strong></span> <span class='ocrx_word' id='word_1_11' title='bbox 3997 496 4080 553; x_wconf 79' lang='grc' dir='ltr'><strong>ΙΙΙ.</strong></span> <span class='ocrx_word' id='word_1_12' title='bbox 4104 528 4180 558; x_wconf 81' lang='grc'><strong>,-</strong></span> <span class='ocrx_word' id='word_1_13' title='bbox 4216 496 4577 554; x_wconf 75' lang='lat' dir='ltr'><strong>OPUSCULA</strong></span> <span class='ocrx_word' id='word_1_14' title='bbox 4623 498 4851 555; x_wconf 71' lang='lat' dir='ltr'><strong>VARIA.</strong></span> 
     </span>
    </p>
   </div>
   <div class='ocr_carea' id='block_1_5' title="bbox 5187 503 5291 558">
    <p class='ocr_par' dir='ltr' id='par_1_5' title="bbox 5187 503 5291 558">
     <span class='ocr_line' id='line_1_5' title="bbox 5187 503 5291 558; baseline -0.019 0"><span class='ocrx_word' id='word_1_15' title='bbox 5187 503 5291 558; x_wconf 74' lang='lat'><strong>556</strong></span> 
     </span>
    </p>
   </div>
   <div class='ocr_carea' id='block_1_6' title="bbox 2071 589 5292 670">
    <p class='ocr_par' dir='ltr' id='par_1_6' title="bbox 2071 589 5292 670">
     <span class='ocr_line' id='line_1_6' title="bbox 2071 589 5292 670; baseline -0.003 -13"><span class='ocrx_word' id='word_1_16' title='bbox 2071 602 2266 658; x_wconf 90' lang='lat' dir='ltr'><strong>merito</strong></span> <span class='ocrx_word' id='word_1_17' title='bbox 2307 601 2441 670; x_wconf 89' lang='lat' dir='ltr'><strong>apud</strong></span> <span class='ocrx_word' id='word_1_18' title='bbox 2478 600 2802 654; x_wconf 80' lang='lat' dir='ltr'><strong>Crucifixum</strong></span> <span class='ocrx_word' id='word_1_19' title='bbox 2833 600 3042 654; x_wconf 87' lang='lat' dir='ltr'><strong>veniam</strong></span> <span class='ocrx_word' id='word_1_20' title='bbox 3074 597 3269 652; x_wconf 85' lang='lat' dir='ltr'><strong>debeas</strong></span> <span class='ocrx_word' id='word_1_21' title='bbox 3299 593 3504 648; x_wconf 73' lang='lat' dir='ltr'><strong>facilius</strong></span> <span class='ocrx_word' id='word_1_22' title='bbox 3535 591 3632 645; x_wconf 92' lang='lat' dir='ltr'><strong>im-</strong></span> <span class='ocrx_word' id='word_1_23' title='bbox 3661 602 3707 656; x_wconf 75' lang='grc' dir='ltr'>Α</span> <span class='ocrx_word' id='word_1_24' title='bbox 3736 589 3861 642; x_wconf 89' lang='lat' dir='ltr'><strong>dum</strong></span> <span class='ocrx_word' id='word_1_25' title='bbox 3893 591 4262 658; x_wconf 86' lang='lat' dir='ltr'><strong>abjectnmque</strong></span> <span class='ocrx_word' id='word_1_26' title='bbox 4293 590 4562 658; x_wconf 91' lang='lat' dir='ltr'><strong>pulverem</strong></span> <span class='ocrx_word' id='word_1_27' title='bbox 4604 605 4724 645; x_wconf 88' lang='lat' dir='ltr'><strong>esse</strong></span> <span class='ocrx_word' id='word_1_28' title='bbox 4771 589 5095 656; x_wconf 78' lang='lat' dir='ltr'><strong>consideras,</strong></span> <span class='ocrx_word' id='word_1_29' title='bbox 5120 595 5292 648; x_wconf 81' lang='lat' dir='ltr'><strong>cervi-</strong></span> 
     </span>
    </p>
   </div>
   <div class='ocr_carea' id='block_1_7' title="bbox 2073 704 2309 763">
    <p class='ocr_par' dir='ltr' id='par_1_7' title="bbox 2073 704 2309 763">
     <span class='ocr_line' id='line_1_7' title="bbox 2073 704 2309 763; baseline -0.013 -15"><span class='ocrx_word' id='word_1_30' title='bbox 2073 704 2309 763; x_wconf 85' lang='lat' dir='ltr'><strong>petrare.</strong></span> 
     </span>
    </p>
   </div>
   <div class='ocr_carea' id='block_1_8' title="bbox 2623 777 3069 836">
    <p class='ocr_par' dir='ltr' id='par_1_8' title="bbox 2623 777 3069 836">
     <span class='ocr_line' id='line_1_8' title="bbox 2623 777 3069 836; baseline -0.009 -1"><span class='ocrx_word' id='word_1_31' title='bbox 2623 780 2847 836; x_wconf 80' lang='lat' dir='ltr'><strong>CAPUT</strong></span> <span class='ocrx_word' id='word_1_32' title='bbox 2885 777 3069 833; x_wconf 68' lang='lat' dir='ltr'><strong>XXIII.</strong></span> 
     </span>
    </p>
   </div>
   <div class='ocr_carea' id='block_1_9' title="bbox 2072 865 3635 936">
    <p class='ocr_par' dir='ltr' id='par_1_9' title="bbox 2072 865 3635 936">
     <span class='ocr_line' id='line_1_9' title="bbox 2072 865 3635 936; baseline -0.007 -10"><span class='ocrx_word' id='word_1_33' title='bbox 2072 872 2265 926; x_wconf 74' lang='lat' dir='ltr'><strong>Contra</strong></span> <span class='ocrx_word' id='word_1_34' title='bbox 2291 889 2462 926; x_wconf 84' lang='lat' dir='ltr'><strong>omnes</strong></span> <span class='ocrx_word' id='word_1_35' title='bbox 2486 875 2810 928; x_wconf 77' lang='lat' dir='ltr'><strong>tentotiones.</strong></span> <span class='ocrx_word' id='word_1_36' title='bbox 2841 872 3021 922; x_wconf 78' lang='lat' dir='ltr'><strong>mortis</strong></span> <span class='ocrx_word' id='word_1_37' title='bbox 3045 865 3420 936; x_wconf 72' lang='lat' dir='ltr'><strong>sepultumque</strong></span> <span class='ocrx_word' id='word_1_38' title='bbox 3443 879 3635 917; x_wconf 83' lang='lat' dir='ltr'><strong>memo-</strong></span> 
     </span>
    </p>
   </div>
   <div class='ocr_carea' id='block_1_10' title="bbox 2520 940 3184 1006">
    <p class='ocr_par' dir='ltr' id='par_1_10' title="bbox 2520 940 3184 1006">
     <span class='ocr_line' id='line_1_10' title="bbox 2520 940 3184 1006; baseline -0.006 -13"><span class='ocrx_word' id='word_1_39' title='bbox 2520 943 2648 994; x_wconf 79' lang='lat' dir='ltr'><strong>riam</strong></span> <span class='ocrx_word' id='word_1_40' title='bbox 2677 940 2896 992; x_wconf 77' lang='lat' dir='ltr'><strong>multum</strong></span> <span class='ocrx_word' id='word_1_41' title='bbox 2923 941 3184 1006; x_wconf 73' lang='lat' dir='ltr'><strong>prodesse.</strong></span> 
     </span>
    </p>
   </div>
   <div class='ocr_carea' id='block_1_11' title="bbox 2141 1043 3633 1121">
    <p class='ocr_par' dir='ltr' id='par_1_11' title="bbox 2141 1043 3633 1121">
     <span class='ocr_line' id='line_1_11' title="bbox 2141 1043 3633 1121; baseline -0.007 -16"><span class='ocrx_word' id='word_1_42' title='bbox 2141 1051 2200 1105; x_wconf 85' lang='lat' dir='ltr'><strong>In</strong></span> <span class='ocrx_word' id='word_1_43' title='bbox 2239 1053 2382 1121; x_wconf 83' lang='lat' dir='ltr'><strong>omni</strong></span> <span class='ocrx_word' id='word_1_44' title='bbox 2431 1059 2607 1104; x_wconf 87' lang='lat' dir='ltr'><strong>autem</strong></span> <span class='ocrx_word' id='word_1_45' title='bbox 2653 1049 2922 1104; x_wconf 87' lang='lat' dir='ltr'><strong>titillantis</strong></span> <span class='ocrx_word' id='word_1_46' title='bbox 2965 1063 3154 1118; x_wconf 72' lang='lat' dir='ltr'><strong>pugnae</strong></span> <span class='ocrx_word' id='word_1_47' title='bbox 3197 1043 3512 1104; x_wconf 76' lang='lat' dir='ltr'><strong>certamine.</strong></span> <span class='ocrx_word' id='word_1_48' title='bbox 3549 1057 3633 1096; x_wconf 89' lang='lat' dir='ltr'><strong>sc-</strong></span> 
     </span>
    </p>
   </div>
   <div class='ocr_carea' id='block_1_12' title="bbox 2073 1134 3634 1214">
    <p class='ocr_par' dir='ltr' id='par_1_12' title="bbox 2073 1134 3634 1214">
     <span class='ocr_line' id='line_1_12' title="bbox 2073 1134 3634 1214; baseline -0.007 -17"><span class='ocrx_word' id='word_1_49' title='bbox 2073 1147 2315 1214; x_wconf 80' lang='lat' dir='ltr'><strong>pulcrum</strong></span> <span class='ocrx_word' id='word_1_50' title='bbox 2360 1146 2512 1198; x_wconf 88' lang='lat' dir='ltr'><strong>stnde</strong></span> <span class='ocrx_word' id='word_1_51' title='bbox 2555 1160 2765 1213; x_wconf 83' lang='lat' dir='ltr'><strong>semper</strong></span> <span class='ocrx_word' id='word_1_52' title='bbox 2792 1145 2857 1197; x_wconf 88' lang='lat' dir='ltr'><strong>ad</strong></span> <span class='ocrx_word' id='word_1_53' title='bbox 2889 1142 3198 1195; x_wconf 81' lang='lat' dir='ltr'><strong>memoriam</strong></span> <span class='ocrx_word' id='word_1_54' title='bbox 3241 1152 3513 1192; x_wconf 84' lang='lat' dir='ltr'><strong>revocare.</strong></span> <span class='ocrx_word' id='word_1_55' title='bbox 3555 1134 3634 1188; x_wconf 91' lang='lat' dir='ltr'><strong>Ira</strong></span> 
     </span>
    </p>
   </div>
   <div class='ocr_carea' id='block_1_13' title="bbox 2077 1224 3635 1298">
    <p class='ocr_par' dir='ltr' id='par_1_13' title="bbox 2077 1224 3635 1298">
     <span class='ocr_line' id='line_1_13' title="bbox 2077 1224 3635 1298; baseline -0.008 -11"><span class='ocrx_word' id='word_1_56' title='bbox 2077 1235 2320 1289; x_wconf 74' lang='lat' dir='ltr'><strong>fortassis</strong></span> <span class='ocrx_word' id='word_1_57' title='bbox 2362 1233 2515 1288; x_wconf 79' lang='lat' dir='ltr'><strong>effert</strong></span> <span class='ocrx_word' id='word_1_58' title='bbox 2551 1234 2821 1295; x_wconf 89' lang='lat' dir='ltr'><strong>animum,</strong></span> <span class='ocrx_word' id='word_1_59' title='bbox 2868 1230 3034 1298; x_wconf 81' lang='lat' dir='ltr'><strong>dirige</strong></span> <span class='ocrx_word' id='word_1_60' title='bbox 3079 1228 3323 1298; x_wconf 79' lang='lat' dir='ltr'><strong>protinus</strong></span> <span class='ocrx_word' id='word_1_61' title='bbox 3362 1225 3542 1279; x_wconf 89' lang='lat' dir='ltr'><strong>oculos</strong></span> <span class='ocrx_word' id='word_1_62' title='bbox 3570 1224 3635 1276; x_wconf 89' lang='lat' dir='ltr'><strong>ad</strong></span> 
     </span>
    </p>
   </div>
   <div class='ocr_carea' id='block_1_14' title="bbox 2072 1314 3633 1392">
    <p class='ocr_par' dir='ltr' id='par_1_14' title="bbox 2072 1314 3633 1392">
     <span class='ocr_line' id='line_1_14' title="bbox 2072 1314 3633 1392; baseline -0.008 -15"><span class='ocrx_word' id='word_1_63' title='bbox 2072 1323 2406 1392; x_wconf 85' lang='lat' dir='ltr'><strong>sepulcrum;</strong></span> <span class='ocrx_word' id='word_1_64' title='bbox 2457 1337 2578 1376; x_wconf 78' lang='lat' dir='ltr'><strong>mox</strong></span> <span class='ocrx_word' id='word_1_65' title='bbox 2622 1320 2760 1373; x_wconf 88' lang='lat' dir='ltr'><strong>enim</strong></span> <span class='ocrx_word' id='word_1_66' title='bbox 2799 1318 2974 1372; x_wconf 87' lang='lat' dir='ltr'><strong>omnis</strong></span> <span class='ocrx_word' id='word_1_67' title='bbox 3003 1316 3305 1369; x_wconf 77' lang='lat' dir='ltr'><strong>amaritudo</strong></span> <span class='ocrx_word' id='word_1_68' title='bbox 3332 1314 3633 1381; x_wconf 85' lang='lat' dir='ltr'><strong>deponitur,</strong></span> 
     </span>
    </p>
   </div>
   <div class='ocr_carea' id='block_1_15' title="bbox 2073 1401 3635 1479">
    <p class='ocr_par' dir='ltr' id='par_1_15' title="bbox 2073 1401 3635 1479">
     <span class='ocr_line' id='line_1_15' title="bbox 2073 1401 3635 1479; baseline -0.01 -14"><span class='ocrx_word' id='word_1_69' title='bbox 2073 1414 2200 1466; x_wconf 87' lang='lat' dir='ltr'><strong>dum</strong></span> <span class='ocrx_word' id='word_1_70' title='bbox 2227 1427 2332 1479; x_wconf 91' lang='lat' dir='ltr'><strong>quo</strong></span> <span class='ocrx_word' id='word_1_71' title='bbox 2359 1411 2508 1463; x_wconf 88' lang='lat' dir='ltr'><strong>furor</strong></span> <span class='ocrx_word' id='word_1_72' title='bbox 2537 1409 2798 1462; x_wconf 85' lang='lat' dir='ltr'><strong>humanus</strong></span> <span class='ocrx_word' id='word_1_73' title='bbox 2835 1413 3041 1475; x_wconf 78' lang='lat' dir='ltr'><strong>vergat,</strong></span> <span class='ocrx_word' id='word_1_74' title='bbox 3078 1418 3229 1457; x_wconf 90' lang='lat' dir='ltr'><strong>mens</strong></span> <span class='ocrx_word' id='word_1_75' title='bbox 3256 1401 3475 1470; x_wconf 87' lang='lat' dir='ltr'><strong>provida</strong></span> <span class='ocrx_word' id='word_1_76' title='bbox 3505 1414 3635 1454; x_wconf 88' lang='lat' dir='ltr'><strong>con-</strong></span> 
     </span>
    </p>
   </div>
   <div class='ocr_carea' id='block_1_16' title="bbox 2074 1488 3637 1566">
    <p class='ocr_par' dir='ltr' id='par_1_16' title="bbox 2074 1488 3637 1566">
     <span class='ocr_line' id='line_1_16' title="bbox 2074 1488 3637 1566; baseline -0.008 -12"><span class='ocrx_word' id='word_1_77' title='bbox 2074 1499 2376 1566; x_wconf 89' lang='lat' dir='ltr'><strong>templatur.</strong></span> <span class='ocrx_word' id='word_1_78' title='bbox 2427 1497 2701 1565; x_wconf 64' lang='lat' dir='ltr'><strong>Superbiae</strong></span> <span class='ocrx_word' id='word_1_79' title='bbox 2746 1495 2966 1563; x_wconf 86' lang='lat' dir='ltr'><strong>spiritus</strong></span> <span class='ocrx_word' id='word_1_80' title='bbox 3021 1492 3192 1554; x_wconf 87' lang='lat' dir='ltr'><strong>inflat,</strong></span> <span class='ocrx_word' id='word_1_81' title='bbox 3239 1490 3540 1558; x_wconf 87' lang='lat' dir='ltr'><strong>sepulcrum</strong></span> <span class='ocrx_word' id='word_1_82' title='bbox 3571 1488 3637 1541; x_wconf 88' lang='lat' dir='ltr'><strong>ad</strong></span> 
     </span>
    </p>
   </div>
   <div class='ocr_carea' id='block_1_17' title="bbox 2073 1581 3639 1649">
    <p class='ocr_par' dir='ltr' id='par_1_17' title="bbox 2073 1581 3639 1649">
     <span class='ocr_line' id='line_1_17' title="bbox 2073 1581 3639 1649; baseline -0.008 -6"><span class='ocrx_word' id='word_1_83' title='bbox 2073 1599 2304 1643; x_wconf 83' lang='lat' dir='ltr'><strong>mentem</strong></span> <span class='ocrx_word' id='word_1_84' title='bbox 2353 1587 2572 1646; x_wconf 82' lang='lat' dir='ltr'><strong>redeat;</strong></span> <span class='ocrx_word' id='word_1_85' title='bbox 2622 1585 2931 1639; x_wconf 89' lang='lat' dir='ltr'><strong>necessario</strong></span> <span class='ocrx_word' id='word_1_86' title='bbox 2959 1583 3123 1637; x_wconf 90' lang='lat' dir='ltr'><strong>etiam</strong></span> <span class='ocrx_word' id='word_1_87' title='bbox 3165 1581 3272 1635; x_wconf 92' lang='lat' dir='ltr'><strong>illic</strong></span> <span class='ocrx_word' id='word_1_88' title='bbox 3309 1581 3488 1649; x_wconf 64' lang='lat' dir='ltr'><strong>rigidae</strong></span> <span class='ocrx_word' id='word_1_89' title='bbox 3522 1593 3639 1632; x_wconf 82' lang='lat' dir='ltr'><strong>cer-</strong></span> 
     </span>
    </p>
   </div>
   <div class='ocr_carea' id='block_1_18' title="bbox 2070 1664 3638 1742">
    <p class='ocr_par' dir='ltr' id='par_1_18' title="bbox 2070 1664 3638 1742">
     <span class='ocr_line' id='line_1_18' title="bbox 2070 1664 3638 1742; baseline -0.008 -14"><span class='ocrx_word' id='word_1_90' title='bbox 2070 1676 2204 1729; x_wconf 81' lang='lat' dir='ltr'><strong>vicis</strong></span> <span class='ocrx_word' id='word_1_91' title='bbox 2249 1683 2510 1728; x_wconf 83' lang='lat' dir='ltr'><strong>tumorem</strong></span> <span class='ocrx_word' id='word_1_92' title='bbox 2558 1673 2852 1742; x_wconf 89' lang='lat' dir='ltr'><strong>premimus</strong></span> <span class='ocrx_word' id='word_1_93' title='bbox 2879 1689 2892 1724; x_wconf 91' lang='lat'><strong>:</strong></span> <span class='ocrx_word' id='word_1_94' title='bbox 2923 1671 3013 1723; x_wconf 92' lang='lat' dir='ltr'><strong>ubi</strong></span> <span class='ocrx_word' id='word_1_95' title='bbox 3061 1671 3296 1724; x_wconf 87' lang='lat' dir='ltr'><strong>cinerem</strong></span> <span class='ocrx_word' id='word_1_96' title='bbox 3327 1683 3424 1721; x_wconf 91' lang='lat' dir='ltr'><strong>uos</strong></span> <span class='ocrx_word' id='word_1_97' title='bbox 3453 1664 3638 1736; x_wconf 87' lang='lat' dir='ltr'><strong>procul</strong></span> 
     </span>
    </p>
   </div>
   <div class='ocr_carea' id='block_1_19' title="bbox 2071 1759 3635 1833">
    <p class='ocr_par' dir='ltr' id='par_1_19' title="bbox 2071 1759 3635 1833">
     <span class='ocr_line' id='line_1_19' title="bbox 2071 1759 3635 1833; baseline -0.008 -13"><span class='ocrx_word' id='word_1_98' title='bbox 2071 1767 2234 1821; x_wconf 89' lang='lat' dir='ltr'><strong>dubio</strong></span> <span class='ocrx_word' id='word_1_99' title='bbox 2274 1765 2658 1833; x_wconf 87' lang='lat' dir='ltr'><strong>pulveremqne</strong></span> <span class='ocrx_word' id='word_1_100' title='bbox 2689 1777 2995 1832; x_wconf 88' lang='lat' dir='ltr'><strong>pensamus.</strong></span> <span class='ocrx_word' id='word_1_101' title='bbox 3025 1759 3162 1826; x_wconf 84' lang='lat' dir='ltr'><strong>Quid</strong></span> <span class='ocrx_word' id='word_1_102' title='bbox 3193 1759 3459 1827; x_wconf 84' lang='lat' dir='ltr'><strong>superbis,</strong></span> <span class='ocrx_word' id='word_1_103' title='bbox 3491 1769 3635 1809; x_wconf 89' lang='lat' dir='ltr'><strong>terra</strong></span> 
     </span>
    </p>
   </div>
   <div class='ocr_carea' id='block_1_20' title="bbox 2070 1845 3636 1914">
    <p class='ocr_par' dir='ltr' id='par_1_20' title="bbox 2070 1845 3636 1914">
     <span class='ocr_line' id='line_1_20' title="bbox 2070 1845 3636 1914; baseline -0.009 -5"><span class='ocrx_word' id='word_1_104' title='bbox 2070 1866 2127 1909; x_wconf 90' lang='lat' dir='ltr'><strong>et</strong></span> <span class='ocrx_word' id='word_1_105' title='bbox 2176 1854 2347 1909; x_wconf 70' lang='lat' dir='ltr'><strong>cinis?</strong></span> <span class='ocrx_word' id='word_1_106' title='bbox 2396 1854 2607 1908; x_wconf 64' lang='lat' dir='ltr'><strong>invidiae</strong></span> <span class='ocrx_word' id='word_1_107' title='bbox 2656 1853 2802 1906; x_wconf 91' lang='lat' dir='ltr'><strong>faces</strong></span> <span class='ocrx_word' id='word_1_108' title='bbox 2854 1851 3212 1912; x_wconf 84' lang='lat' dir='ltr'><strong>inﬂammant,</strong></span> <span class='ocrx_word' id='word_1_109' title='bbox 3258 1859 3311 1902; x_wconf 91' lang='lat' dir='ltr'><strong>et</strong></span> <span class='ocrx_word' id='word_1_110' title='bbox 3352 1847 3412 1900; x_wconf 88' lang='lat' dir='ltr'><strong>ad</strong></span> <span class='ocrx_word' id='word_1_111' title='bbox 3455 1845 3636 1914; x_wconf 77' lang='lat' dir='ltr'><strong>sepul-</strong></span> 
     </span>
    </p>
   </div>
   <div class='ocr_carea' id='block_1_21' title="bbox 3736 681 5293 754">
    <p class='ocr_par' dir='ltr' id='par_1_21' title="bbox 3736 681 5293 754">
     <span class='ocr_line' id='line_1_21' title="bbox 3736 681 5293 754; baseline 0.004 -22"><span class='ocrx_word' id='word_1_112' title='bbox 3736 696 3851 733; x_wconf 88' lang='lat' dir='ltr'><strong>cem</strong></span> <span class='ocrx_word' id='word_1_113' title='bbox 3886 682 4064 735; x_wconf 88' lang='lat' dir='ltr'><strong>cordis</strong></span> <span class='ocrx_word' id='word_1_114' title='bbox 4085 681 4339 734; x_wconf 87' lang='lat' dir='ltr'><strong>adversus</strong></span> <span class='ocrx_word' id='word_1_115' title='bbox 4364 681 4701 737; x_wconf 84' lang='lat' dir='ltr'><strong>Conditorem</strong></span> <span class='ocrx_word' id='word_1_116' title='bbox 4729 685 4779 736; x_wconf 94' lang='lat' dir='ltr'><strong>in</strong></span> <span class='ocrx_word' id='word_1_117' title='bbox 4801 684 5160 754; x_wconf 75' lang='lat' dir='ltr'><strong>arrogantiam</strong></span> <span class='ocrx_word' id='word_1_118' title='bbox 5187 701 5293 740; x_wconf 92' lang='lat' dir='ltr'><strong>non</strong></span> 
     </span>
    </p>
   </div>
   <div class='ocr_carea' id='block_1_22' title="bbox 3734 769 5298 840">
    <p class='ocr_par' dir='ltr' id='par_1_22' title="bbox 3734 769 5298 840">
     <span class='ocr_line' id='line_1_22' title="bbox 3734 769 5298 840; baseline 0.007 -23"><span class='ocrx_word' id='word_1_119' title='bbox 3734 769 3999 833; x_wconf 73' lang='lat' dir='ltr'><strong>extollas;</strong></span> <span class='ocrx_word' id='word_1_120' title='bbox 4030 771 4261 838; x_wconf 87' lang='lat' dir='ltr'><strong>dumque</strong></span> <span class='ocrx_word' id='word_1_121' title='bbox 4293 783 4342 822; x_wconf 87' lang='lat' dir='ltr'><strong>te</strong></span> <span class='ocrx_word' id='word_1_122' title='bbox 4372 771 4640 840; x_wconf 87' lang='lat' dir='ltr'><strong>conspicis</strong></span> <span class='ocrx_word' id='word_1_123' title='bbox 4673 773 4855 840; x_wconf 86' lang='lat' dir='ltr'><strong>procul</strong></span> <span class='ocrx_word' id='word_1_124' title='bbox 4887 773 5046 827; x_wconf 90' lang='lat' dir='ltr'><strong>dubio</strong></span> <span class='ocrx_word' id='word_1_125' title='bbox 5074 776 5298 828; x_wconf 86' lang='lat' dir='ltr'><strong>moritu-</strong></span> 
     </span>
    </p>
   </div>
   <div class='ocr_carea' id='block_1_23' title="bbox 3735 849 5295 928">
    <p class='ocr_par' dir='ltr' id='par_1_23' title="bbox 3735 849 5295 928">
     <span class='ocr_line' id='line_1_23' title="bbox 3735 849 5295 928; baseline 0.006 -18"><span class='ocrx_word' id='word_1_126' title='bbox 3735 858 4006 926; x_wconf 87' lang='lat' dir='ltr'><strong>rum,jam</strong></span> <span class='ocrx_word' id='word_1_127' title='bbox 4054 869 4102 912; x_wconf 92' lang='lat' dir='ltr'><strong>te</strong></span> <span class='ocrx_word' id='word_1_128' title='bbox 4148 849 4660 928; x_wconf 22' lang='lat' dir='ltr'><strong>pulsantibus-vitiis</strong></span> <span class='ocrx_word' id='word_1_129' title='bbox 4707 863 4962 918; x_wconf 78' lang='lat' dir='ltr'><strong>exhibeas</strong></span> <span class='ocrx_word' id='word_1_130' title='bbox 4989 864 5128 918; x_wconf 90' lang='lat' dir='ltr'><strong>velut</strong></span> <span class='ocrx_word' id='word_1_131' title='bbox 5153 881 5295 920; x_wconf 81' lang='lat' dir='ltr'><strong>mor-</strong></span> 
     </span>
    </p>
   </div>
   <div class='ocr_carea' id='block_1_24' title="bbox 3736 947 5288 1022">
    <p class='ocr_par' dir='ltr' id='par_1_24' title="bbox 3736 947 5288 1022">
     <span class='ocr_line' id='line_1_24' title="bbox 3736 947 5288 1022; baseline 0.008 -24"><span class='ocrx_word' id='word_1_132' title='bbox 3736 956 3904 1000; x_wconf 91' lang='lat' dir='ltr'><strong>tuum.</strong></span> <span class='ocrx_word' id='word_1_133' title='bbox 3949 947 4078 1001; x_wconf 85' lang='lat' dir='ltr'><strong>Esto</strong></span> <span class='ocrx_word' id='word_1_134' title='bbox 4106 964 4316 1016; x_wconf 90' lang='lat' dir='ltr'><strong>quoque</strong></span> <span class='ocrx_word' id='word_1_135' title='bbox 4364 950 4645 1013; x_wconf 88' lang='lat' dir='ltr'><strong>sollicitus,</strong></span> <span class='ocrx_word' id='word_1_136' title='bbox 4677 961 4736 1005; x_wconf 92' lang='lat' dir='ltr'><strong>ut</strong></span> <span class='ocrx_word' id='word_1_137' title='bbox 4775 968 4896 1006; x_wconf 90' lang='lat' dir='ltr'><strong>cum</strong></span> <span class='ocrx_word' id='word_1_138' title='bbox 4925 968 5142 1022; x_wconf 83' lang='lat' dir='ltr'><strong>pravam</strong></span> <span class='ocrx_word' id='word_1_139' title='bbox 5171 957 5288 1010; x_wconf 84' lang='lat' dir='ltr'><strong>tibi-</strong></span> 
     </span>
    </p>
   </div>
   <div class='ocr_carea' id='block_1_25' title="bbox 3735 1038 5294 1115">
    <p class='ocr_par' dir='ltr' id='par_1_25' title="bbox 3735 1038 5294 1115">
     <span class='ocr_line' id='line_1_25' title="bbox 3735 1038 5294 1115; baseline 0.008 -25"><span class='ocrx_word' id='word_1_140' title='bbox 3735 1047 3844 1090; x_wconf 89' lang='lat' dir='ltr'><strong>met</strong></span> <span class='ocrx_word' id='word_1_141' title='bbox 3864 1038 4240 1107; x_wconf 80' lang='lat' dir='ltr'><strong>cogitationem</strong></span> <span class='ocrx_word' id='word_1_142' title='bbox 4267 1038 4454 1093; x_wconf 82' lang='lat' dir='ltr'><strong>adesse</strong></span> <span class='ocrx_word' id='word_1_143' title='bbox 4481 1043 4828 1108; x_wconf 87' lang='lat' dir='ltr'><strong>persenseris,</strong></span> <span class='ocrx_word' id='word_1_144' title='bbox 4851 1054 5070 1100; x_wconf 79' lang='lat' dir='ltr'><strong>extenso</strong></span> <span class='ocrx_word' id='word_1_145' title='bbox 5084 1047 5294 1115; x_wconf 86' lang='lat' dir='ltr'><strong>pollice,</strong></span> 
     </span>
    </p>
   </div>
   <div class='ocr_carea' id='block_1_26' title="bbox 3735 1129 5294 1200">
    <p class='ocr_par' dir='ltr' id='par_1_26' title="bbox 3735 1129 5294 1200">
     <span class='ocr_line' id='line_1_26' title="bbox 3735 1129 5294 1200; baseline 0.008 -22"><span class='ocrx_word' id='word_1_146' title='bbox 3735 1129 3980 1193; x_wconf 89' lang='lat' dir='ltr'><strong>protinus</strong></span> <span class='ocrx_word' id='word_1_147' title='bbox 4000 1142 4094 1181; x_wconf 92' lang='lat' dir='ltr'><strong>cor</strong></span> <span class='ocrx_word' id='word_1_148' title='bbox 4117 1136 4260 1180; x_wconf 91' lang='lat' dir='ltr'><strong>tuum</strong></span> <span class='ocrx_word' id='word_1_149' title='bbox 4291 1129 4505 1196; x_wconf 90' lang='lat' dir='ltr'><strong>signare</strong></span> <span class='ocrx_word' id='word_1_150' title='bbox 4528 1129 4776 1184; x_wconf 79' lang='lat' dir='ltr'><strong>festines:</strong></span> <span class='ocrx_word' id='word_1_151' title='bbox 4804 1144 5066 1200; x_wconf 89' lang='lat' dir='ltr'><strong>quatenus</strong></span> <span class='ocrx_word' id='word_1_152' title='bbox 5086 1137 5208 1190; x_wconf 90' lang='lat' dir='ltr'><strong>dum</strong></span> <span class='ocrx_word' id='word_1_153' title='bbox 5243 1139 5294 1191; x_wconf 92' lang='lat' dir='ltr'><strong>iu</strong></span> 
     </span>
    </p>
   </div>
   <div class='ocr_carea' id='block_1_27' title="bbox 3737 1214 5294 1293">
    <p class='ocr_par' dir='ltr' id='par_1_27' title="bbox 3737 1214 5294 1293">
     <span class='ocr_line' id='line_1_27' title="bbox 3737 1214 5294 1293; baseline 0.008 -27"><span class='ocrx_word' id='word_1_154' title='bbox 3737 1214 3905 1282; x_wconf 84' lang='lat' dir='ltr'><strong>ipsam</strong></span> <span class='ocrx_word' id='word_1_155' title='bbox 3953 1232 4168 1269; x_wconf 90' lang='lat' dir='ltr'><strong>carnem</strong></span> <span class='ocrx_word' id='word_1_156' title='bbox 4224 1217 4434 1286; x_wconf 88' lang='lat' dir='ltr'><strong>signum</strong></span> <span class='ocrx_word' id='word_1_157' title='bbox 4487 1229 4687 1272; x_wconf 69' lang='lat' dir='ltr'><strong>sanctte</strong></span> <span class='ocrx_word' id='word_1_158' title='bbox 4734 1223 4910 1275; x_wconf 84' lang='lat' dir='ltr'><strong>crucis</strong></span> <span class='ocrx_word' id='word_1_159' title='bbox 4951 1223 5294 1293; x_wconf 87' lang='lat' dir='ltr'><strong>imprimitur,</strong></span> 
     </span>
    </p>
   </div>
   <div class='ocr_carea' id='block_1_28' title="bbox 3737 1307 5299 1385">
    <p class='ocr_par' dir='ltr' id='par_1_28' title="bbox 3737 1307 5299 1385">
     <span class='ocr_line' id='line_1_28' title="bbox 3737 1307 5299 1385; baseline 0.01 -31"><span class='ocrx_word' id='word_1_160' title='bbox 3737 1307 3990 1359; x_wconf 81' lang='lat' dir='ltr'><strong>continuo</strong></span> <span class='ocrx_word' id='word_1_161' title='bbox 4022 1307 4242 1361; x_wconf 91' lang='lat' dir='ltr'><strong>interior</strong></span> <span class='ocrx_word' id='word_1_162' title='bbox 4271 1309 4430 1361; x_wconf 87' lang='lat' dir='ltr'><strong>homo</strong></span> <span class='ocrx_word' id='word_1_163' title='bbox 4461 1309 4525 1360; x_wconf 87' lang='lat' dir='ltr'><strong>ad</strong></span> <span class='ocrx_word' id='word_1_164' title='bbox 4561 1310 4921 1368; x_wconf 89' lang='lat' dir='ltr'><strong>dimicandum</strong></span> <span class='ocrx_word' id='word_1_165' title='bbox 4951 1329 5071 1368; x_wconf 89' lang='lat' dir='ltr'><strong>cum</strong></span> <span class='ocrx_word' id='word_1_166' title='bbox 5099 1315 5299 1385; x_wconf 81' lang='lat' dir='ltr'><strong>cogita-</strong></span> 
     </span>
    </p>
   </div>
   <div class='ocr_carea' id='block_1_29' title="bbox 3738 1392 5298 1472">
    <p class='ocr_par' dir='ltr' id='par_1_29' title="bbox 3738 1392 5298 1472">
     <span class='ocr_line' id='line_1_29' title="bbox 3738 1392 5298 1472; baseline 0.01 -28"><span class='ocrx_word' id='word_1_167' title='bbox 3738 1392 3880 1446; x_wconf 92' lang='lat' dir='ltr'><strong>tione</strong></span> <span class='ocrx_word' id='word_1_168' title='bbox 3921 1409 4171 1463; x_wconf 88' lang='lat' dir='ltr'><strong>perversa</strong></span> <span class='ocrx_word' id='word_1_169' title='bbox 4215 1398 4338 1450; x_wconf 92' lang='lat' dir='ltr'><strong>totis</strong></span> <span class='ocrx_word' id='word_1_170' title='bbox 4368 1397 4568 1452; x_wconf 84' lang='lat' dir='ltr'><strong>viribus</strong></span> <span class='ocrx_word' id='word_1_171' title='bbox 4595 1401 4879 1455; x_wconf 74' lang='lat' dir='ltr'><strong>excitetur.</strong></span> <span class='ocrx_word' id='word_1_172' title='bbox 4905 1403 5097 1472; x_wconf 90' lang='lat' dir='ltr'><strong>Sicque</strong></span> <span class='ocrx_word' id='word_1_173' title='bbox 5126 1421 5298 1470; x_wconf 87' lang='lat' dir='ltr'><strong>mens,</strong></span> 
     </span>
    </p>
   </div>
   <div class='ocr_carea' id='block_1_30' title="bbox 3738 1482 5299 1551">
    <p class='ocr_par' dir='ltr' id='par_1_30' title="bbox 3738 1482 5299 1551">
     <span class='ocr_line' id='line_1_30' title="bbox 3738 1482 5299 1551; baseline 0.012 -20"><span class='ocrx_word' id='word_1_174' title='bbox 3738 1482 3946 1537; x_wconf 86' lang='lat' dir='ltr'><strong>sublato</strong></span> <span class='ocrx_word' id='word_1_175' title='bbox 3975 1485 4285 1550; x_wconf 85' lang='lat' dir='ltr'><strong>triumphali</strong></span> <span class='ocrx_word' id='word_1_176' title='bbox 4319 1486 4530 1551; x_wconf 77' lang='lat' dir='ltr'><strong>vexillo,</strong></span> <span class='ocrx_word' id='word_1_177' title='bbox 4561 1489 4802 1545; x_wconf 86' lang='lat' dir='ltr'><strong>hostibus</strong></span> <span class='ocrx_word' id='word_1_178' title='bbox 4827 1494 4940 1546; x_wconf 89' lang='lat' dir='ltr'><strong>suis</strong></span> <span class='ocrx_word' id='word_1_179' title='bbox 4965 1495 5186 1549; x_wconf 82' lang='lat' dir='ltr'><strong>vitiliter</strong></span> <span class='ocrx_word' id='word_1_180' title='bbox 5206 1496 5299 1550; x_wconf 85' lang='lat' dir='ltr'><strong>ob-</strong></span> 
     </span>
    </p>
   </div>
   <div class='ocr_carea' id='block_1_31' title="bbox 3737 1571 5303 1646">
    <p class='ocr_par' dir='ltr' id='par_1_31' title="bbox 3737 1571 5303 1646">
     <span class='ocr_line' id='line_1_31' title="bbox 3737 1571 5303 1646; baseline 0.013 -25"><span class='ocrx_word' id='word_1_181' title='bbox 3737 1571 3879 1646; x_wconf 75' lang='lat' dir='ltr'><strong>viet;</strong></span> <span class='ocrx_word' id='word_1_182' title='bbox 3911 1581 3966 1625; x_wconf 90' lang='lat' dir='ltr'><strong>et</strong></span> <span class='ocrx_word' id='word_1_183' title='bbox 4014 1575 4244 1641; x_wconf 90' lang='lat' dir='ltr'><strong>propriis</strong></span> <span class='ocrx_word' id='word_1_184' title='bbox 4301 1577 4542 1642; x_wconf 81' lang='lat' dir='ltr'><strong>sedibus,</strong></span> <span class='ocrx_word' id='word_1_185' title='bbox 4577 1579 4701 1634; x_wconf 88' lang='lat' dir='ltr'><strong>dum</strong></span> <span class='ocrx_word' id='word_1_186' title='bbox 4747 1582 4922 1638; x_wconf 85' lang='lat' dir='ltr'><strong>adhuc</strong></span> <span class='ocrx_word' id='word_1_187' title='bbox 4966 1584 5020 1639; x_wconf 89' lang='lat' dir='ltr'><strong>in</strong></span> <span class='ocrx_word' id='word_1_188' title='bbox 5042 1586 5303 1642; x_wconf 77' lang='lat' dir='ltr'><strong>vestibulo</strong></span> 
     </span>
    </p>
   </div>
   <div class='ocr_carea' id='block_1_32' title="bbox 3739 1663 4365 1728">
    <p class='ocr_par' dir='ltr' id='par_1_32' title="bbox 3739 1663 4365 1728">
     <span class='ocr_line' id='line_1_32' title="bbox 3739 1663 4365 1728; baseline 0.002 -12"><span class='ocrx_word' id='word_1_189' title='bbox 3739 1663 4062 1728; x_wconf 87' lang='lat' dir='ltr'><strong>retardatnr,</strong></span> <span class='ocrx_word' id='word_1_190' title='bbox 4098 1667 4365 1719; x_wconf 81' lang='lat' dir='ltr'><strong>cxturbct.</strong></span> 
     </span>
    </p>
   </div>
   <div class='ocr_carea' id='block_1_33' title="bbox 4301 1756 4746 1816">
    <p class='ocr_par' dir='ltr' id='par_1_33' title="bbox 4301 1756 4746 1816">
     <span class='ocr_line' id='line_1_33' title="bbox 4301 1756 4746 1816; baseline 0.013 -6"><span class='ocrx_word' id='word_1_191' title='bbox 4301 1756 4525 1813; x_wconf 81' lang='lat' dir='ltr'><strong>CAPUT</strong></span> <span class='ocrx_word' id='word_1_192' title='bbox 4561 1759 4746 1816; x_wconf 78' lang='lat' dir='ltr'><strong>XXIV.</strong></span> 
     </span>
    </p>
   </div>
   <div class='ocr_carea' id='block_1_34' title="bbox 4129 1849 4917 1921">
    <p class='ocr_par' dir='ltr' id='par_1_34' title="bbox 4129 1849 4917 1921">
     <span class='ocr_line' id='line_1_34' title="bbox 4129 1849 4917 1921; baseline 0.013 -20"><span class='ocrx_word' id='word_1_193' title='bbox 4129 1849 4400 1912; x_wconf 85' lang='lat' dir='ltr'><strong>Quomodo</strong></span> <span class='ocrx_word' id='word_1_194' title='bbox 4437 1855 4674 1921; x_wconf 73' lang='lat' dir='ltr'><strong>conﬁteri</strong></span> <span class='ocrx_word' id='word_1_195' title='bbox 4711 1856 4917 1912; x_wconf 73' lang='lat' dir='ltr'><strong>debeas.</strong></span> 
     </span>
    </p>
   </div>
   <div class='ocr_carea' id='block_1_35' title="bbox 2072 1936 5304 2010">
    <p class='ocr_par' dir='ltr' id='par_1_35' title="bbox 2072 1936 5304 2010">
     <span class='ocr_line' id='line_1_35' title="bbox 2072 1936 5304 2010; baseline -0.002 -14"><span class='ocrx_word' id='word_1_196' title='bbox 2072 1958 2224 1996; x_wconf 90' lang='lat' dir='ltr'><strong>crum</strong></span> <span class='ocrx_word' id='word_1_197' title='bbox 2268 1943 2503 2010; x_wconf 82' lang='lat' dir='ltr'><strong>respice;</strong></span> <span class='ocrx_word' id='word_1_198' title='bbox 2550 1951 2604 1994; x_wconf 87' lang='lat' dir='ltr'><strong>et</strong></span> <span class='ocrx_word' id='word_1_199' title='bbox 2641 1941 2806 2004; x_wconf 89' lang='lat' dir='ltr'><strong>disce,</strong></span> <span class='ocrx_word' id='word_1_200' title='bbox 2853 1940 2975 2007; x_wconf 86' lang='lat' dir='ltr'><strong>quia</strong></span> <span class='ocrx_word' id='word_1_201' title='bbox 3017 1939 3105 2006; x_wconf 86' lang='lat' dir='ltr'><strong>qui</strong></span> <span class='ocrx_word' id='word_1_202' title='bbox 3155 1945 3262 1990; x_wconf 87' lang='lat' dir='ltr'><strong>tam</strong></span> <span class='ocrx_word' id='word_1_203' title='bbox 3301 1937 3410 1991; x_wconf 91' lang='lat' dir='ltr'><strong>cito</strong></span> <span class='ocrx_word' id='word_1_204' title='bbox 3444 1936 3510 1988; x_wconf 89' lang='lat' dir='ltr'><strong>ab</strong></span> <span class='ocrx_word' id='word_1_205' title='bbox 3539 1937 3638 1988; x_wconf 87' lang='lat' dir='ltr'><strong>hac</strong></span> <span class='ocrx_word' id='word_1_206' title='bbox 3667 1936 3712 1994; x_wconf 77' lang='grc' dir='ltr'><strong>Β</strong></span> <span class='ocrx_word' id='word_1_207' title='bbox 3809 1938 3960 2005; x_wconf 83' lang='lat' dir='ltr'><strong>Quod</strong></span> <span class='ocrx_word' id='word_1_208' title='bbox 4011 1939 4054 1992; x_wconf 90' lang='lat' dir='ltr'><strong>si</strong></span> <span class='ocrx_word' id='word_1_209' title='bbox 4098 1940 4385 2008; x_wconf 90' lang='lat' dir='ltr'><strong>aliquando</strong></span> <span class='ocrx_word' id='word_1_210' title='bbox 4412 1944 4709 1999; x_wconf 82' lang='lat' dir='ltr'><strong>consistens</strong></span> <span class='ocrx_word' id='word_1_211' title='bbox 4735 1947 4789 2000; x_wconf 82' lang='lat' dir='ltr'><strong>in</strong></span> <span class='ocrx_word' id='word_1_212' title='bbox 4828 1947 5016 2003; x_wconf 56' lang='lat' dir='ltr'><strong>celtu];</strong></span> <span class='ocrx_word' id='word_1_213' title='bbox 5061 1949 5304 2008; x_wconf 49' lang='lat' dir='ltr'><strong>inscitum</strong></span> 
     </span>
    </p>
   </div>
   <div class='ocr_carea' id='block_1_36' title="bbox 2071 2025 3636 2095">
    <p class='ocr_par' dir='ltr' id='par_1_36' title="bbox 2071 2025 3636 2095">
     <span class='ocr_line' id='line_1_36' title="bbox 2071 2025 3636 2095; baseline -0.004 -13"><span class='ocrx_word' id='word_1_214' title='bbox 2071 2034 2183 2085; x_wconf 83' lang='lat' dir='ltr'><strong>vita</strong></span> <span class='ocrx_word' id='word_1_215' title='bbox 2215 2031 2562 2094; x_wconf 83' lang='lat' dir='ltr'><strong>discedimus,</strong></span> <span class='ocrx_word' id='word_1_216' title='bbox 2599 2029 2797 2082; x_wconf 83' lang='lat' dir='ltr'><strong>frustra</strong></span> <span class='ocrx_word' id='word_1_217' title='bbox 2838 2029 2975 2082; x_wconf 88' lang='lat' dir='ltr'><strong>bona</strong></span> <span class='ocrx_word' id='word_1_218' title='bbox 3007 2027 3317 2095; x_wconf 85' lang='lat' dir='ltr'><strong>temporalia</strong></span> <span class='ocrx_word' id='word_1_219' title='bbox 3346 2026 3465 2078; x_wconf 89' lang='lat' dir='ltr'><strong>aliis</strong></span> <span class='ocrx_word' id='word_1_220' title='bbox 3497 2025 3636 2077; x_wconf 88' lang='lat' dir='ltr'><strong>invi-</strong></span> 
     </span>
    </p>
   </div>
   <div class='ocr_carea' id='block_1_37' title="bbox 2074 2117 3639 2186">
    <p class='ocr_par' dir='ltr' id='par_1_37' title="bbox 2074 2117 3639 2186">
     <span class='ocr_line' id='line_1_37' title="bbox 2074 2117 3639 2186; baseline -0.004 -10"><span class='ocrx_word' id='word_1_221' title='bbox 2074 2122 2282 2176; x_wconf 88' lang='lat' dir='ltr'><strong>demus.</strong></span> <span class='ocrx_word' id='word_1_222' title='bbox 2300 2121 2569 2174; x_wconf 88' lang='lat' dir='ltr'><strong>lncentiva</strong></span> <span class='ocrx_word' id='word_1_223' title='bbox 2594 2120 2829 2173; x_wconf 88' lang='lat' dir='ltr'><strong>libidinis</strong></span> <span class='ocrx_word' id='word_1_224' title='bbox 2849 2128 3098 2182; x_wconf 66' lang='lat' dir='ltr'><strong>aestuant,</strong></span> <span class='ocrx_word' id='word_1_225' title='bbox 3123 2118 3423 2186; x_wconf 85' lang='lat' dir='ltr'><strong>sepulcrum</strong></span> <span class='ocrx_word' id='word_1_226' title='bbox 3450 2117 3639 2169; x_wconf 85' lang='lat' dir='ltr'><strong>doceat</strong></span> 
     </span>
    </p>
   </div>
   <div class='ocr_carea' id='block_1_38' title="bbox 2075 2206 3641 2279">
    <p class='ocr_par' dir='ltr' id='par_1_38' title="bbox 2075 2206 3641 2279">
     <span class='ocr_line' id='line_1_38' title="bbox 2075 2206 3641 2279; baseline -0.003 -18"><span class='ocrx_word' id='word_1_227' title='bbox 2075 2225 2236 2279; x_wconf 88' lang='lat' dir='ltr'><strong>quam</strong></span> <span class='ocrx_word' id='word_1_228' title='bbox 2281 2209 2533 2262; x_wconf 83' lang='lat' dir='ltr'><strong>veloeiter</strong></span> <span class='ocrx_word' id='word_1_229' title='bbox 2579 2208 2799 2262; x_wconf 91' lang='lat' dir='ltr'><strong>humani</strong></span> <span class='ocrx_word' id='word_1_230' title='bbox 2848 2207 3089 2276; x_wconf 91' lang='lat' dir='ltr'><strong>corporis</strong></span> <span class='ocrx_word' id='word_1_231' title='bbox 3131 2206 3280 2258; x_wconf 86' lang='lat' dir='ltr'><strong>viror</strong></span> <span class='ocrx_word' id='word_1_232' title='bbox 3317 2212 3545 2262; x_wconf 87' lang='lat' dir='ltr'><strong>arescat,</strong></span> <span class='ocrx_word' id='word_1_233' title='bbox 3586 2212 3641 2256; x_wconf 91' lang='lat' dir='ltr'><strong>et</strong></span> 
     </span>
    </p>
   </div>
   <div class='ocr_carea' id='block_1_39' title="bbox 2075 2293 3641 2367">
    <p class='ocr_par' dir='ltr' id='par_1_39' title="bbox 2075 2293 3641 2367">
     <span class='ocr_line' id='line_1_39' title="bbox 2075 2293 3641 2367; baseline -0.005 -17"><span class='ocrx_word' id='word_1_234' title='bbox 2075 2313 2241 2367; x_wconf 89' lang='lat' dir='ltr'><strong>quam</strong></span> <span class='ocrx_word' id='word_1_235' title='bbox 2273 2296 2541 2364; x_wconf 83' lang='lat' dir='ltr'><strong>superfluo</strong></span> <span class='ocrx_word' id='word_1_236' title='bbox 2582 2296 2956 2364; x_wconf 89' lang='lat' dir='ltr'><strong>voluptuosum</strong></span> <span class='ocrx_word' id='word_1_237' title='bbox 2992 2293 3323 2364; x_wconf 90' lang='lat' dir='ltr'><strong>corruptibili</strong></span> <span class='ocrx_word' id='word_1_238' title='bbox 3368 2293 3512 2346; x_wconf 87' lang='lat' dir='ltr'><strong>carni</strong></span> <span class='ocrx_word' id='word_1_239' title='bbox 3548 2307 3641 2343; x_wconf 82' lang='lat' dir='ltr'><strong>cu-</strong></span> 
     </span>
    </p>
   </div>
   <div class='ocr_carea' id='block_1_40' title="bbox 2033 2381 3641 2452">
    <p class='ocr_par' dir='ltr' id='par_1_40' title="bbox 2033 2381 3641 2452">
     <span class='ocr_line' id='line_1_40' title="bbox 2033 2381 3641 2452; baseline -0.004 -13"><span class='ocrx_word' id='word_1_240' title='bbox 2033 2412 2044 2424; x_wconf 89' lang='lat'><strong>-</strong></span> <span class='ocrx_word' id='word_1_241' title='bbox 2077 2385 2187 2439; x_wconf 89' lang='lat' dir='ltr'><strong>bile</strong></span> <span class='ocrx_word' id='word_1_242' title='bbox 2235 2385 2610 2448; x_wconf 87' lang='lat' dir='ltr'><strong>substernitur,</strong></span> <span class='ocrx_word' id='word_1_243' title='bbox 2652 2398 2812 2452; x_wconf 79' lang='lat' dir='ltr'><strong>quam</strong></span> <span class='ocrx_word' id='word_1_244' title='bbox 2865 2383 3109 2436; x_wconf 75' lang='lat' dir='ltr'><strong>videlicet</strong></span> <span class='ocrx_word' id='word_1_245' title='bbox 3143 2381 3423 2436; x_wconf 61' lang='lat' dir='ltr'><strong>horrenda:</strong></span> <span class='ocrx_word' id='word_1_246' title='bbox 3451 2381 3641 2433; x_wconf 88' lang='lat' dir='ltr'><strong>domus</strong></span> 
     </span>
    </p>
   </div>
   <div class='ocr_carea' id='block_1_41' title="bbox 2080 2474 3023 2545">
    <p class='ocr_par' dir='ltr' id='par_1_41' title="bbox 2080 2474 3023 2545">
     <span class='ocr_line' id='line_1_41' title="bbox 2080 2474 3023 2545; baseline -0.004 -15"><span class='ocrx_word' id='word_1_247' title='bbox 2080 2478 2296 2545; x_wconf 85' lang='lat' dir='ltr'><strong>requies</strong></span> <span class='ocrx_word' id='word_1_248' title='bbox 2322 2476 2374 2530; x_wconf 89' lang='lat' dir='ltr'><strong>in</strong></span> <span class='ocrx_word' id='word_1_249' title='bbox 2402 2476 2643 2545; x_wconf 81' lang='lat' dir='ltr'><strong>proximo</strong></span> <span class='ocrx_word' id='word_1_250' title='bbox 2665 2474 3023 2544; x_wconf 71' lang='lat' dir='ltr'><strong>praestolatur.</strong></span> 
     </span>
    </p>
   </div>
   <div class='ocr_carea' id='block_1_42' title="bbox 2148 2559 3643 2632">
    <p class='ocr_par' dir='ltr' id='par_1_42' title="bbox 2148 2559 3643 2632">
     <span class='ocr_line' id='line_1_42' title="bbox 2148 2559 3643 2632; baseline -0.006 -13"><span class='ocrx_word' id='word_1_251' title='bbox 2148 2564 2296 2619; x_wconf 67' lang='lat' dir='ltr'><strong>Gula:</strong></span> <span class='ocrx_word' id='word_1_252' title='bbox 2341 2565 2577 2632; x_wconf 92' lang='lat' dir='ltr'><strong>pruritus</strong></span> <span class='ocrx_word' id='word_1_253' title='bbox 2631 2563 2936 2627; x_wconf 87' lang='lat' dir='ltr'><strong>illecebrat,</strong></span> <span class='ocrx_word' id='word_1_254' title='bbox 2989 2562 3235 2631; x_wconf 88' lang='lat' dir='ltr'><strong>sepulcro</strong></span> <span class='ocrx_word' id='word_1_255' title='bbox 3289 2560 3530 2630; x_wconf 91' lang='lat' dir='ltr'><strong>protinus</strong></span> <span class='ocrx_word' id='word_1_256' title='bbox 3577 2559 3643 2612; x_wconf 89' lang='lat' dir='ltr'><strong>ad</strong></span> 
     </span>
    </p>
   </div>
   <div class='ocr_carea' id='block_1_43' title="bbox 2080 2655 3644 2724">
    <p class='ocr_par' dir='ltr' id='par_1_43' title="bbox 2080 2655 3644 2724">
     <span class='ocr_line' id='line_1_43' title="bbox 2080 2655 3644 2724; baseline -0.004 -11"><span class='ocrx_word' id='word_1_257' title='bbox 2080 2671 2314 2713; x_wconf 85' lang='lat' dir='ltr'><strong>tuentem</strong></span> <span class='ocrx_word' id='word_1_258' title='bbox 2353 2656 2596 2720; x_wconf 90' lang='lat' dir='ltr'><strong>reducto,</strong></span> <span class='ocrx_word' id='word_1_259' title='bbox 2639 2655 2920 2710; x_wconf 88' lang='lat' dir='ltr'><strong>considera</strong></span> <span class='ocrx_word' id='word_1_260' title='bbox 2949 2673 2962 2707; x_wconf 90' lang='lat'>:</span> <span class='ocrx_word' id='word_1_261' title='bbox 2993 2655 3115 2724; x_wconf 84' lang='lat' dir='ltr'><strong>quia</strong></span> <span class='ocrx_word' id='word_1_262' title='bbox 3145 2655 3272 2706; x_wconf 92' lang='lat' dir='ltr'><strong>dum</strong></span> <span class='ocrx_word' id='word_1_263' title='bbox 3307 2666 3523 2706; x_wconf 90' lang='lat' dir='ltr'><strong>carnem</strong></span> <span class='ocrx_word' id='word_1_264' title='bbox 3550 2667 3644 2706; x_wconf 91' lang='lat' dir='ltr'><strong>no-</strong></span> 
     </span>
    </p>
   </div>
   <div class='ocr_carea' id='block_1_44' title="bbox 2081 2741 3645 2809">
    <p class='ocr_par' dir='ltr' id='par_1_44' title="bbox 2081 2741 3645 2809">
     <span class='ocr_line' id='line_1_44' title="bbox 2081 2741 3645 2809; baseline -0.004 -9"><span class='ocrx_word' id='word_1_265' title='bbox 2081 2755 2250 2800; x_wconf 87' lang='lat' dir='ltr'><strong>stram</strong></span> <span class='ocrx_word' id='word_1_266' title='bbox 2286 2745 2554 2809; x_wconf 82' lang='lat' dir='ltr'><strong>delicate,</strong></span> <span class='ocrx_word' id='word_1_267' title='bbox 2579 2743 2664 2799; x_wconf 89' lang='lat' dir='ltr'><strong>vel</strong></span> <span class='ocrx_word' id='word_1_268' title='bbox 2698 2753 2879 2799; x_wconf 81' lang='lat' dir='ltr'><strong>tenere</strong></span> <span class='ocrx_word' id='word_1_269' title='bbox 2911 2742 3138 2798; x_wconf 84' lang='lat' dir='ltr'><strong>fovendo</strong></span> <span class='ocrx_word' id='word_1_270' title='bbox 3167 2742 3542 2806; x_wconf 90' lang='lat' dir='ltr'><strong>distendimus,</strong></span> <span class='ocrx_word' id='word_1_271' title='bbox 3574 2741 3645 2793; x_wconf 84' lang='lat' dir='ltr'><strong>ei-</strong></span> 
     </span>
    </p>
   </div>
   <div class='ocr_carea' id='block_1_45' title="bbox 2080 2831 3641 2900">
    <p class='ocr_par' dir='ltr' id='par_1_45' title="bbox 2080 2831 3641 2900">
     <span class='ocr_line' id='line_1_45' title="bbox 2080 2831 3641 2900; baseline -0.005 -13"><span class='ocrx_word' id='word_1_272' title='bbox 2080 2835 2207 2887; x_wconf 78' lang='lat' dir='ltr'><strong>bunt</strong></span> <span class='ocrx_word' id='word_1_273' title='bbox 2251 2832 2434 2900; x_wconf 87' lang='lat' dir='ltr'><strong>procul</strong></span> <span class='ocrx_word' id='word_1_274' title='bbox 2483 2833 2646 2887; x_wconf 91' lang='lat' dir='ltr'><strong>dubio</strong></span> <span class='ocrx_word' id='word_1_275' title='bbox 2671 2833 2930 2884; x_wconf 82' lang='lat' dir='ltr'><strong>vermium</strong></span> <span class='ocrx_word' id='word_1_276' title='bbox 2980 2831 3324 2896; x_wconf 81' lang='lat' dir='ltr'><strong>saginamus:</strong></span> <span class='ocrx_word' id='word_1_277' title='bbox 3357 2843 3528 2897; x_wconf 88' lang='lat' dir='ltr'><strong>eoque</strong></span> <span class='ocrx_word' id='word_1_278' title='bbox 3565 2831 3641 2891; x_wconf 88' lang='lat' dir='ltr'><strong>lit,</strong></span> 
     </span>
    </p>
   </div>
   <div class='ocr_carea' id='block_1_46' title="bbox 2079 2918 3638 2990">
    <p class='ocr_par' dir='ltr' id='par_1_46' title="bbox 2079 2918 3638 2990">
     <span class='ocr_line' id='line_1_46' title="bbox 2079 2918 3638 2990; baseline -0.004 -15"><span class='ocrx_word' id='word_1_279' title='bbox 2079 2930 2140 2975; x_wconf 87' lang='lat' dir='ltr'><strong>ut</strong></span> <span class='ocrx_word' id='word_1_280' title='bbox 2187 2936 2290 2989; x_wconf 90' lang='lat' dir='ltr'><strong>quo</strong></span> <span class='ocrx_word' id='word_1_281' title='bbox 2335 2921 2486 2990; x_wconf 90' lang='lat' dir='ltr'><strong>plura</strong></span> <span class='ocrx_word' id='word_1_282' title='bbox 2525 2920 2882 2982; x_wconf 87' lang='lat' dir='ltr'><strong>comedimus,</strong></span> <span class='ocrx_word' id='word_1_283' title='bbox 2924 2935 2953 2972; x_wconf 83' lang='lat' dir='ltr'><strong>a</strong></span> <span class='ocrx_word' id='word_1_284' title='bbox 2980 2918 3221 2987; x_wconf 85' lang='lat' dir='ltr'><strong>pluribus</strong></span> <span class='ocrx_word' id='word_1_285' title='bbox 3245 2919 3638 2970; x_wconf 87' lang='lat' dir='ltr'><strong>comedamur:</strong></span> 
     </span>
    </p>
   </div>
   <div class='ocr_carea' id='block_1_47' title="bbox 2081 3006 3646 3081">
    <p class='ocr_par' dir='ltr' id='par_1_47' title="bbox 2081 3006 3646 3081">
     <span class='ocr_line' id='line_1_47' title="bbox 2081 3006 3646 3081; baseline -0.003 -15"><span class='ocrx_word' id='word_1_286' title='bbox 2081 3013 2313 3081; x_wconf 90' lang='lat' dir='ltr'><strong>dumque</strong></span> <span class='ocrx_word' id='word_1_287' title='bbox 2358 3021 2601 3065; x_wconf 88' lang='lat' dir='ltr'><strong>ventrem</strong></span> <span class='ocrx_word' id='word_1_288' title='bbox 2633 3009 2864 3063; x_wconf 83' lang='lat' dir='ltr'><strong>molliter</strong></span> <span class='ocrx_word' id='word_1_289' title='bbox 2901 3008 3116 3073; x_wconf 85' lang='lat' dir='ltr'><strong>alimus,</strong></span> <span class='ocrx_word' id='word_1_290' title='bbox 3148 3008 3376 3078; x_wconf 77' lang='lat' dir='ltr'><strong>ingratis</strong></span> <span class='ocrx_word' id='word_1_291' title='bbox 3405 3006 3646 3061; x_wconf 86' lang='lat' dir='ltr'><strong>convivis</strong></span> 
     </span>
    </p>
   </div>
   <div class='ocr_carea' id='block_1_48' title="bbox 2082 3101 2897 3172">
    <p class='ocr_par' dir='ltr' id='par_1_48' title="bbox 2082 3101 2897 3172">
     <span class='ocr_line' id='line_1_48' title="bbox 2082 3101 2897 3172; baseline -0.004 -17"><span class='ocrx_word' id='word_1_292' title='bbox 2082 3104 2298 3172; x_wconf 75' lang='lat' dir='ltr'><strong>pinguia</strong></span> <span class='ocrx_word' id='word_1_293' title='bbox 2329 3103 2580 3155; x_wconf 85' lang='lat' dir='ltr'><strong>alimenta</strong></span> <span class='ocrx_word' id='word_1_294' title='bbox 2614 3101 2897 3154; x_wconf 86' lang='lat' dir='ltr'><strong>nutrimus.</strong></span> 
     </span>
    </p>
   </div>
   <div class='ocr_carea' id='block_1_49' title="bbox 2153 3185 3647 3257">
    <p class='ocr_par' dir='ltr' id='par_1_49' title="bbox 2153 3185 3647 3257">
     <span class='ocr_line' id='line_1_49' title="bbox 2153 3185 3647 3257; baseline -0.003 -13"><span class='ocrx_word' id='word_1_295' title='bbox 2153 3190 2402 3244; x_wconf 82' lang='lat' dir='ltr'><strong>Avaritiae</strong></span> <span class='ocrx_word' id='word_1_296' title='bbox 2445 3190 2690 3244; x_wconf 91' lang='lat' dir='ltr'><strong>stimulus</strong></span> <span class='ocrx_word' id='word_1_297' title='bbox 2736 3187 2947 3253; x_wconf 90' lang='lat' dir='ltr'><strong>incitat,</strong></span> <span class='ocrx_word' id='word_1_298' title='bbox 2996 3187 3062 3241; x_wconf 90' lang='lat' dir='ltr'><strong>ad</strong></span> <span class='ocrx_word' id='word_1_299' title='bbox 3118 3185 3422 3257; x_wconf 84' lang='lat' dir='ltr'><strong>sepulcrum</strong></span> <span class='ocrx_word' id='word_1_300' title='bbox 3452 3193 3647 3253; x_wconf 76' lang='lat' dir='ltr'><strong>przesto</strong></span> 
     </span>
    </p>
   </div>
   <div class='ocr_carea' id='block_1_50' title="bbox 3737 2028 5306 2106">
    <p class='ocr_par' dir='ltr' id='par_1_50' title="bbox 3737 2028 5306 2106">
     <span class='ocr_line' id='line_1_50' title="bbox 3737 2028 5306 2106; baseline 0.01 -27"><span class='ocrx_word' id='word_1_301' title='bbox 3737 2028 3941 2097; x_wconf 88' lang='lat' dir='ltr'><strong>aliquid</strong></span> <span class='ocrx_word' id='word_1_302' title='bbox 3978 2030 4285 2098; x_wconf 87' lang='lat' dir='ltr'><strong>cogitando,</strong></span> <span class='ocrx_word' id='word_1_303' title='bbox 4319 2031 4402 2084; x_wconf 87' lang='lat' dir='ltr'><strong>vel</strong></span> <span class='ocrx_word' id='word_1_304' title='bbox 4443 2033 4606 2086; x_wconf 87' lang='lat' dir='ltr'><strong>etiam</strong></span> <span class='ocrx_word' id='word_1_305' title='bbox 4649 2038 4940 2104; x_wconf 88' lang='lat' dir='ltr'><strong>operando,</strong></span> <span class='ocrx_word' id='word_1_306' title='bbox 4971 2041 5306 2106; x_wconf 87' lang='lat' dir='ltr'><strong>peccaveris,</strong></span> 
     </span>
    </p>
   </div>
   <div class='ocr_carea' id='block_1_51' title="bbox 3737 2121 5310 2197">
    <p class='ocr_par' dir='ltr' id='par_1_51' title="bbox 3737 2121 5310 2197">
     <span class='ocr_line' id='line_1_51' title="bbox 3737 2121 5310 2197; baseline 0.009 -24"><span class='ocrx_word' id='word_1_307' title='bbox 3737 2121 3876 2174; x_wconf 92' lang='lat' dir='ltr'><strong>unde</strong></span> <span class='ocrx_word' id='word_1_308' title='bbox 3904 2132 3958 2174; x_wconf 85' lang='lat' dir='ltr'><strong>te</strong></span> <span class='ocrx_word' id='word_1_309' title='bbox 3984 2122 4372 2188; x_wconf 87' lang='lat' dir='ltr'><strong>quantumlibet</strong></span> <span class='ocrx_word' id='word_1_310' title='bbox 4425 2125 4750 2180; x_wconf 86' lang='lat' dir='ltr'><strong>conscientia</strong></span> <span class='ocrx_word' id='word_1_311' title='bbox 4800 2128 5076 2197; x_wconf 87' lang='lat' dir='ltr'><strong>pavefacta</strong></span> <span class='ocrx_word' id='word_1_312' title='bbox 5104 2146 5310 2186; x_wconf 86' lang='lat' dir='ltr'><strong>remor-</strong></span> 
     </span>
    </p>
   </div>
   <div class='ocr_carea' id='block_1_52' title="bbox 3738 2211 5308 2288">
    <p class='ocr_par' dir='ltr' id='par_1_52' title="bbox 3738 2211 5308 2288">
     <span class='ocr_line' id='line_1_52' title="bbox 3738 2211 5308 2288; baseline 0.008 -24"><span class='ocrx_word' id='word_1_313' title='bbox 3738 2211 3882 2274; x_wconf 85' lang='lat' dir='ltr'><strong>deat,</strong></span> <span class='ocrx_word' id='word_1_314' title='bbox 3934 2228 4036 2265; x_wconf 92' lang='lat' dir='ltr'><strong>non</strong></span> <span class='ocrx_word' id='word_1_315' title='bbox 4087 2213 4270 2266; x_wconf 84' lang='lat' dir='ltr'><strong>statim</strong></span> <span class='ocrx_word' id='word_1_316' title='bbox 4321 2214 4678 2270; x_wconf 85' lang='lat' dir='ltr'><strong>confessionis</strong></span> <span class='ocrx_word' id='word_1_317' title='bbox 4729 2219 4900 2287; x_wconf 89' lang='lat' dir='ltr'><strong>gratia</strong></span> <span class='ocrx_word' id='word_1_318' title='bbox 4947 2221 5197 2288; x_wconf 82' lang='lat' dir='ltr'><strong>prodeas,</strong></span> <span class='ocrx_word' id='word_1_319' title='bbox 5223 2223 5308 2277; x_wconf 84' lang='lat' dir='ltr'><strong>vel</strong></span> 
     </span>
    </p>
   </div>
   <div class='ocr_carea' id='block_1_53' title="bbox 3737 2301 5310 2378">
    <p class='ocr_par' dir='ltr' id='par_1_53' title="bbox 3737 2301 5310 2378">
     <span class='ocr_line' id='line_1_53' title="bbox 3737 2301 5310 2378; baseline 0.009 -27"><span class='ocrx_word' id='word_1_320' title='bbox 3737 2302 3992 2370; x_wconf 78' lang='lat' dir='ltr'><strong>propositi</strong></span> <span class='ocrx_word' id='word_1_321' title='bbox 4042 2301 4238 2356; x_wconf 91' lang='lat' dir='ltr'><strong>silentii</strong></span> <span class='ocrx_word' id='word_1_322' title='bbox 4290 2305 4519 2374; x_wconf 89' lang='lat' dir='ltr'><strong>rigorem</strong></span> <span class='ocrx_word' id='word_1_323' title='bbox 4569 2304 4821 2377; x_wconf 87' lang='lat' dir='ltr'><strong>frangas;</strong></span> <span class='ocrx_word' id='word_1_324' title='bbox 4867 2309 4967 2378; x_wconf 86' lang='lat' dir='ltr'><strong>ipsi</strong></span> <span class='ocrx_word' id='word_1_325' title='bbox 4994 2319 5172 2364; x_wconf 88' lang='lat' dir='ltr'><strong>autem</strong></span> <span class='ocrx_word' id='word_1_326' title='bbox 5201 2311 5310 2365; x_wconf 82' lang='lat' dir='ltr'><strong>Deo</strong></span> 
     </span>
    </p>
   </div>
   <div class='ocr_carea' id='block_1_54' title="bbox 3740 2391 5309 2461">
    <p class='ocr_par' dir='ltr' id='par_1_54' title="bbox 3740 2391 5309 2461">
     <span class='ocr_line' id='line_1_54' title="bbox 3740 2391 5309 2461; baseline 0.004 -17"><span class='ocrx_word' id='word_1_327' title='bbox 3740 2391 3962 2446; x_wconf 89' lang='lat' dir='ltr'><strong>Domino</strong></span> <span class='ocrx_word' id='word_1_328' title='bbox 3985 2404 4171 2447; x_wconf 90' lang='lat' dir='ltr'><strong>nostro</strong></span> <span class='ocrx_word' id='word_1_329' title='bbox 4199 2391 4323 2447; x_wconf 80' lang='lat' dir='ltr'><strong>Jesu</strong></span> <span class='ocrx_word' id='word_1_330' title='bbox 4354 2393 4572 2449; x_wconf 86' lang='lat' dir='ltr'><strong>Christo</strong></span> <span class='ocrx_word' id='word_1_331' title='bbox 4601 2396 4816 2450; x_wconf 89' lang='lat' dir='ltr'><strong>interim</strong></span> <span class='ocrx_word' id='word_1_332' title='bbox 4852 2399 5200 2461; x_wconf 84' lang='lat' dir='ltr'><strong>conlitere,et</strong></span> <span class='ocrx_word' id='word_1_333' title='bbox 5227 2399 5309 2452; x_wconf 81' lang='lat' dir='ltr'><strong>fu-</strong></span> 
     </span>
    </p>
   </div>
   <div class='ocr_carea' id='block_1_55' title="bbox 3742 2483 5307 2554">
    <p class='ocr_par' dir='ltr' id='par_1_55' title="bbox 3742 2483 5307 2554">
     <span class='ocr_line' id='line_1_55' title="bbox 3742 2483 5307 2554; baseline 0.004 -18"><span class='ocrx_word' id='word_1_334' title='bbox 3742 2492 3874 2536; x_wconf 76' lang='lat' dir='ltr'><strong>tura:</strong></span> <span class='ocrx_word' id='word_1_335' title='bbox 3919 2483 4032 2550; x_wconf 84' lang='lat' dir='ltr'><strong>jam</strong></span> <span class='ocrx_word' id='word_1_336' title='bbox 4077 2483 4454 2549; x_wconf 87' lang='lat' dir='ltr'><strong>confessionis,</strong></span> <span class='ocrx_word' id='word_1_337' title='bbox 4501 2485 4647 2539; x_wconf 90' lang='lat' dir='ltr'><strong>velut</strong></span> <span class='ocrx_word' id='word_1_338' title='bbox 4692 2488 4954 2554; x_wconf 82' lang='lat' dir='ltr'><strong>quasdam</strong></span> <span class='ocrx_word' id='word_1_339' title='bbox 4993 2488 5066 2542; x_wconf 80' lang='lat' dir='ltr'><strong>illi</strong></span> <span class='ocrx_word' id='word_1_340' title='bbox 5095 2490 5307 2554; x_wconf 86' lang='lat' dir='ltr'><strong>arrhas,</strong></span> 
     </span>
    </p>
   </div>
   <div class='ocr_carea' id='block_1_56' title="bbox 3744 2562 5309 2636">
    <p class='ocr_par' dir='ltr' id='par_1_56' title="bbox 3744 2562 5309 2636">
     <span class='ocr_line' id='line_1_56' title="bbox 3744 2562 5309 2636; baseline 0.005 -11"><span class='ocrx_word' id='word_1_341' title='bbox 3744 2574 3794 2626; x_wconf 93' lang='lat' dir='ltr'><strong>in</strong></span> <span class='ocrx_word' id='word_1_342' title='bbox 3861 2573 4002 2626; x_wconf 79' lang='lat' dir='ltr'><strong>hunc</strong></span> <span class='ocrx_word' id='word_1_343' title='bbox 4057 2573 4271 2626; x_wconf 88' lang='lat' dir='ltr'><strong>modutn</strong></span> <span class='ocrx_word' id='word_1_344' title='bbox 4329 2574 4480 2628; x_wconf 90' lang='lat' dir='ltr'><strong>trade</strong></span> <span class='ocrx_word' id='word_1_345' title='bbox 4511 2591 4523 2627; x_wconf 87' lang='lat'><strong>:</strong></span> <span class='ocrx_word' id='word_1_346' title='bbox 4558 2592 4576 2624; x_wconf 79' lang='grc' dir='ltr'>ι</span> <span class='ocrx_word' id='word_1_347' title='bbox 4628 2574 4848 2629; x_wconf 82' lang='lat' dir='ltr'><strong>Domine</strong></span> <span class='ocrx_word' id='word_1_348' title='bbox 4895 2574 5019 2630; x_wconf 74' lang='lat' dir='ltr'><strong>Iesu</strong></span> <span class='ocrx_word' id='word_1_349' title='bbox 5075 2562 5309 2636; x_wconf 86' lang='lat' dir='ltr'><strong>Christe.</strong></span> 
     </span>
    </p>
   </div>
   <div class='ocr_carea' id='block_1_57' title="bbox 3741 2662 5308 2738">
    <p class='ocr_par' dir='ltr' id='par_1_57' title="bbox 3741 2662 5308 2738">
     <span class='ocr_line' id='line_1_57' title="bbox 3741 2662 5308 2738; baseline 0.004 -22"><span class='ocrx_word' id='word_1_350' title='bbox 3741 2672 3938 2716; x_wconf 74' lang='lat' dir='ltr'><strong>a‘terne</strong></span> <span class='ocrx_word' id='word_1_351' title='bbox 3970 2662 4234 2725; x_wconf 83' lang='lat' dir='ltr'><strong>Pontifex.</strong></span> <span class='ocrx_word' id='word_1_352' title='bbox 4259 2674 4314 2718; x_wconf 92' lang='lat' dir='ltr'><strong>et</strong></span> <span class='ocrx_word' id='word_1_353' title='bbox 4361 2673 4668 2718; x_wconf 87' lang='lat' dir='ltr'><strong>sanctorum</strong></span> <span class='ocrx_word' id='word_1_354' title='bbox 4723 2667 4968 2721; x_wconf 87' lang='lat' dir='ltr'><strong>minister</strong></span> <span class='ocrx_word' id='word_1_355' title='bbox 4993 2666 5179 2737; x_wconf 76' lang='lat' dir='ltr'><strong>(Hebr.</strong></span> <span class='ocrx_word' id='word_1_356' title='bbox 5208 2670 5308 2738; x_wconf 81' lang='lat' dir='ltr'><strong>rx),</strong></span> 
     </span>
    </p>
   </div>
   <div class='ocr_carea' id='block_1_58' title="bbox 3743 2754 5315 2825">
    <p class='ocr_par' dir='ltr' id='par_1_58' title="bbox 3743 2754 5315 2825">
     <span class='ocr_line' id='line_1_58' title="bbox 3743 2754 5315 2825; baseline 0.004 -17"><span class='ocrx_word' id='word_1_357' title='bbox 3743 2771 3806 2809; x_wconf 89' lang='lat' dir='ltr'><strong>ac</strong></span> <span class='ocrx_word' id='word_1_358' title='bbox 3839 2755 3949 2809; x_wconf 80' lang='lat' dir='ltr'><strong>veri</strong></span> <span class='ocrx_word' id='word_1_359' title='bbox 3993 2754 4324 2809; x_wconf 90' lang='lat' dir='ltr'><strong>tabernaculi</strong></span> <span class='ocrx_word' id='word_1_360' title='bbox 4359 2757 4611 2810; x_wconf 80' lang='lat' dir='ltr'><strong>sacerdos</strong></span> <span class='ocrx_word' id='word_1_361' title='bbox 4648 2758 4796 2825; x_wconf 78' lang='lat' dir='ltr'><strong>juxta</strong></span> <span class='ocrx_word' id='word_1_362' title='bbox 4824 2759 5065 2812; x_wconf 86' lang='lat' dir='ltr'><strong>ordinem</strong></span> <span class='ocrx_word' id='word_1_363' title='bbox 5097 2757 5315 2814; x_wconf 78' lang='lat' dir='ltr'><strong>Melchi-</strong></span> 
     </span>
    </p>
   </div>
   <div class='ocr_carea' id='block_1_59' title="bbox 3744 2843 5313 2918">
    <p class='ocr_par' dir='ltr' id='par_1_59' title="bbox 3744 2843 5313 2918">
     <span class='ocr_line' id='line_1_59' title="bbox 3744 2843 5313 2918; baseline 0.004 -22"><span class='ocrx_word' id='word_1_364' title='bbox 3744 2843 3961 2908; x_wconf 82' lang='lat' dir='ltr'><strong>sedech,</strong></span> <span class='ocrx_word' id='word_1_365' title='bbox 3988 2847 4079 2914; x_wconf 89' lang='lat' dir='ltr'><strong>qui</strong></span> <span class='ocrx_word' id='word_1_366' title='bbox 4113 2854 4357 2898; x_wconf 89' lang='lat' dir='ltr'><strong>sanctum</strong></span> <span class='ocrx_word' id='word_1_367' title='bbox 4389 2856 4442 2898; x_wconf 90' lang='lat' dir='ltr'><strong>et</strong></span> <span class='ocrx_word' id='word_1_368' title='bbox 4472 2846 4870 2900; x_wconf 90' lang='lat' dir='ltr'><strong>immaculatum</strong></span> <span class='ocrx_word' id='word_1_369' title='bbox 4893 2849 5094 2915; x_wconf 90' lang='lat' dir='ltr'><strong>proprii</strong></span> <span class='ocrx_word' id='word_1_370' title='bbox 5121 2864 5313 2918; x_wconf 61' lang='lat' dir='ltr'><strong>corpoc</strong></span> 
     </span>
    </p>
   </div>
   <div class='ocr_carea' id='block_1_60' title="bbox 3747 2933 5310 3002">
    <p class='ocr_par' dir='ltr' id='par_1_60' title="bbox 3747 2933 5310 3002">
     <span class='ocr_line' id='line_1_60' title="bbox 3747 2933 5310 3002; baseline 0.003 -14"><span class='ocrx_word' id='word_1_371' title='bbox 3747 2936 3820 2988; x_wconf 87' lang='lat' dir='ltr'><strong>ris</strong></span> <span class='ocrx_word' id='word_1_372' title='bbox 3845 2935 3916 2987; x_wconf 92' lang='lat' dir='ltr'><strong>tui</strong></span> <span class='ocrx_word' id='word_1_373' title='bbox 3948 2949 4165 3002; x_wconf 88' lang='lat' dir='ltr'><strong>agnum,</strong></span> <span class='ocrx_word' id='word_1_374' title='bbox 4193 2933 4419 2987; x_wconf 90' lang='lat' dir='ltr'><strong>hostiam</strong></span> <span class='ocrx_word' id='word_1_375' title='bbox 4444 2935 4732 2988; x_wconf 87' lang='lat' dir='ltr'><strong>salutarem</strong></span> <span class='ocrx_word' id='word_1_376' title='bbox 4761 2936 5002 2990; x_wconf 89' lang='lat' dir='ltr'><strong>obtulisti</strong></span> <span class='ocrx_word' id='word_1_377' title='bbox 5036 2937 5145 2992; x_wconf 90' lang='lat' dir='ltr'><strong>Deo</strong></span> <span class='ocrx_word' id='word_1_378' title='bbox 5166 2936 5310 2992; x_wconf 86' lang='lat' dir='ltr'><strong>Patri</strong></span> 
     </span>
    </p>
   </div>
   <div class='ocr_carea' id='block_1_61' title="bbox 3746 3023 5310 3090">
    <p class='ocr_par' dir='ltr' id='par_1_61' title="bbox 3746 3023 5310 3090">
     <span class='ocr_line' id='line_1_61' title="bbox 3746 3023 5310 3090; baseline 0.003 -13"><span class='ocrx_word' id='word_1_379' title='bbox 3746 3025 3798 3077; x_wconf 93' lang='lat' dir='ltr'><strong>in</strong></span> <span class='ocrx_word' id='word_1_380' title='bbox 3826 3023 4043 3077; x_wconf 85' lang='lat' dir='ltr'><strong>odorem</strong></span> <span class='ocrx_word' id='word_1_381' title='bbox 4070 3023 4348 3074; x_wconf 82' lang='lat' dir='ltr'><strong>suavitatis</strong></span> <span class='ocrx_word' id='word_1_382' title='bbox 4378 3038 4474 3090; x_wconf 89' lang='lat' dir='ltr'><strong>pro</strong></span> <span class='ocrx_word' id='word_1_383' title='bbox 4515 3024 4752 3090; x_wconf 88' lang='lat' dir='ltr'><strong>peccatis</strong></span> <span class='ocrx_word' id='word_1_384' title='bbox 4782 3025 5000 3088; x_wconf 80' lang='lat' dir='ltr'><strong>nostris,</strong></span> <span class='ocrx_word' id='word_1_385' title='bbox 5028 3035 5079 3080; x_wconf 90' lang='lat' dir='ltr'><strong>et</strong></span> <span class='ocrx_word' id='word_1_386' title='bbox 5099 3027 5178 3080; x_wconf 87' lang='lat' dir='ltr'><strong>sic</strong></span> <span class='ocrx_word' id='word_1_387' title='bbox 5206 3044 5310 3082; x_wconf 90' lang='lat' dir='ltr'><strong>non</strong></span> 
     </span>
    </p>
   </div>
   <div class='ocr_carea' id='block_1_62' title="bbox 3747 3109 5310 3180">
    <p class='ocr_par' dir='ltr' id='par_1_62' title="bbox 3747 3109 5310 3180">
     <span class='ocr_line' id='line_1_62' title="bbox 3747 3109 5310 3180; baseline 0.003 -16"><span class='ocrx_word' id='word_1_388' title='bbox 3747 3114 3863 3164; x_wconf 88' lang='lat' dir='ltr'><strong>sine</strong></span> <span class='ocrx_word' id='word_1_389' title='bbox 3891 3109 4155 3180; x_wconf 88' lang='lat' dir='ltr'><strong>sanguine</strong></span> <span class='ocrx_word' id='word_1_390' title='bbox 4206 3110 4371 3164; x_wconf 87' lang='lat' dir='ltr'><strong>semel</strong></span> <span class='ocrx_word' id='word_1_391' title='bbox 4424 3110 4475 3163; x_wconf 91' lang='lat' dir='ltr'><strong>in</strong></span> <span class='ocrx_word' id='word_1_392' title='bbox 4523 3127 4663 3165; x_wconf 90' lang='lat' dir='ltr'><strong>anno</strong></span> <span class='ocrx_word' id='word_1_393' title='bbox 4705 3113 4756 3165; x_wconf 94' lang='lat' dir='ltr'><strong>in</strong></span> <span class='ocrx_word' id='word_1_394' title='bbox 4789 3110 4983 3166; x_wconf 86' lang='lat' dir='ltr'><strong>Sancta</strong></span> <span class='ocrx_word' id='word_1_395' title='bbox 5007 3125 5310 3170; x_wconf 86' lang='lat' dir='ltr'><strong>sanctorum</strong></span> 
     </span>
    </p>
   </div>
   <div class='ocr_carea' id='block_1_63' title="bbox 3752 3197 5316 3273">
    <p class='ocr_par' dir='ltr' id='par_1_63' title="bbox 3752 3197 5316 3273">
     <span class='ocr_line' id='line_1_63' title="bbox 3752 3197 5316 3273; baseline 0.004 -21"><span class='ocrx_word' id='word_1_396' title='bbox 3752 3200 3982 3261; x_wconf 88' lang='lat' dir='ltr'><strong>intrasti,</strong></span> <span class='ocrx_word' id='word_1_397' title='bbox 4015 3201 4115 3253; x_wconf 91' lang='lat' dir='ltr'><strong>hoc</strong></span> <span class='ocrx_word' id='word_1_398' title='bbox 4147 3207 4228 3253; x_wconf 90' lang='lat' dir='ltr'><strong>est</strong></span> <span class='ocrx_word' id='word_1_399' title='bbox 4280 3197 4331 3252; x_wconf 93' lang='lat' dir='ltr'><strong>in</strong></span> <span class='ocrx_word' id='word_1_400' title='bbox 4375 3199 4546 3266; x_wconf 88' lang='lat' dir='ltr'><strong>ipsum</strong></span> <span class='ocrx_word' id='word_1_401' title='bbox 4579 3199 4794 3266; x_wconf 67' lang='lat' dir='ltr'><strong>celum,</strong></span> <span class='ocrx_word' id='word_1_402' title='bbox 4832 3211 4892 3255; x_wconf 90' lang='lat' dir='ltr'><strong>ut</strong></span> <span class='ocrx_word' id='word_1_403' title='bbox 4920 3218 5176 3273; x_wconf 78' lang='lat' dir='ltr'><strong>apparens</strong></span> <span class='ocrx_word' id='word_1_404' title='bbox 5199 3220 5316 3258; x_wconf 84' lang='lat' dir='ltr'><strong>vnt-</strong></span> 
     </span>
    </p>
   </div>
   <div class='ocr_carea' id='block_1_64' title="bbox 2083 3269 4261 3366">
    <p class='ocr_par' dir='ltr' id='par_1_64' title="bbox 2083 3269 4260 3358">
     <span class='ocr_line' id='line_1_64' title="bbox 2083 3269 4260 3358; baseline -0.005 -21"><span class='ocrx_word' id='word_1_405' title='bbox 2083 3297 2295 3352; x_wconf 89' lang='lat' dir='ltr'><strong>semper</strong></span> <span class='ocrx_word' id='word_1_406' title='bbox 2323 3295 2560 3345; x_wconf 91' lang='lat' dir='ltr'><strong>recurre,</strong></span> <span class='ocrx_word' id='word_1_407' title='bbox 2605 3281 2786 3349; x_wconf 87' lang='lat' dir='ltr'><strong>ibique</strong></span> <span class='ocrx_word' id='word_1_408' title='bbox 2831 3279 3102 3342; x_wconf 89' lang='lat' dir='ltr'><strong>condisce,</strong></span> <span class='ocrx_word' id='word_1_409' title='bbox 3145 3279 3270 3348; x_wconf 88' lang='lat' dir='ltr'><strong>quia</strong></span> <span class='ocrx_word' id='word_1_410' title='bbox 3301 3277 3644 3331; x_wconf 83' lang='lat' dir='ltr'><strong>mortalitatis</strong></span> <span class='ocrx_word' id='word_1_411' title='bbox 3671 3269 3714 3328; x_wconf 89' lang='lat' dir='ltr'><strong>C</strong></span> <span class='ocrx_word' id='word_1_412' title='bbox 3750 3293 3822 3345; x_wconf 76' lang='grc' dir='ltr'><strong>ιυί</strong></span> <span class='ocrx_word' id='word_1_413' title='bbox 3855 3291 4050 3358; x_wconf 54' lang='grc' dir='ltr'><strong>ρει..ίῆ</strong></span> <span class='ocrx_word' id='word_1_414' title='bbox 4076 3295 4167 3347; x_wconf 63' lang='lat' dir='ltr'><strong>ubi</strong></span> <span class='ocrx_word' id='word_1_415' title='bbox 4198 3309 4260 3346; x_wconf 65' lang='grc' dir='ltr'><strong>(ιο</strong></span> 
     </span>
    </p>
   </div>
   <div class='ocr_carea' id='block_1_65' title="bbox 3131 3269 5309 3366">
    <p class='ocr_par' dir='ltr' id='par_1_65' title="bbox 3145 3269 5309 3366">
     <span class='ocr_line' id='line_1_65' title="bbox 3145 3269 5309 3366; baseline 0.001 -18"><span class='ocrx_word' id='word_1_416' title='bbox 3145 3279 3270 3348; x_wconf 62' lang='lat' dir='ltr'><strong>quia</strong></span> <span class='ocrx_word' id='word_1_417' title='bbox 3301 3277 3644 3331; x_wconf 63' lang='grc' dir='ltr'><strong>ωοτιαίίῑειίδ</strong></span> <span class='ocrx_word' id='word_1_418' title='bbox 3671 3269 3714 3328; x_wconf 76' lang='lat' dir='ltr'><strong>C</strong></span> <span class='ocrx_word' id='word_1_419' title='bbox 3750 3293 3822 3345; x_wconf 92' lang='lat' dir='ltr'><strong>tui</strong></span> <span class='ocrx_word' id='word_1_420' title='bbox 3855 3291 4050 3358; x_wconf 84' lang='lat' dir='ltr'><strong>Patris,</strong></span> <span class='ocrx_word' id='word_1_421' title='bbox 4076 3295 4167 3347; x_wconf 90' lang='lat' dir='ltr'><strong>tibi</strong></span> <span class='ocrx_word' id='word_1_422' title='bbox 4198 3294 4454 3348; x_wconf 86' lang='lat' dir='ltr'><strong>confiteor</strong></span> <span class='ocrx_word' id='word_1_423' title='bbox 4475 3294 4598 3362; x_wconf 86' lang='lat' dir='ltr'><strong>quia</strong></span> <span class='ocrx_word' id='word_1_424' title='bbox 4627 3296 4794 3350; x_wconf 88' lang='lat' dir='ltr'><strong>cecidi</strong></span> <span class='ocrx_word' id='word_1_425' title='bbox 4816 3297 4868 3349; x_wconf 93' lang='lat' dir='ltr'><strong>in</strong></span> <span class='ocrx_word' id='word_1_426' title='bbox 4891 3269 5309 3366; x_wconf 33' lang='lat' dir='ltr'><strong>hoc—peccatum.</strong></span> 
     </span>
    </p>
   </div>
   <div class='ocr_carea' id='block_1_66' title="bbox 2082 3367 3645 3441">
    <p class='ocr_par' dir='ltr' id='par_1_66' title="bbox 2082 3367 3645 3441">
     <span class='ocr_line' id='line_1_66' title="bbox 2082 3367 3645 3441; baseline -0.006 -12"><span class='ocrx_word' id='word_1_427' title='bbox 2082 3374 2196 3441; x_wconf 86' lang='lat' dir='ltr'><strong>ejus</strong></span> <span class='ocrx_word' id='word_1_428' title='bbox 2243 3376 2510 3428; x_wconf 89' lang='lat' dir='ltr'><strong>incassum</strong></span> <span class='ocrx_word' id='word_1_429' title='bbox 2556 3373 2814 3441; x_wconf 87' lang='lat' dir='ltr'><strong>stipendia</strong></span> <span class='ocrx_word' id='word_1_430' title='bbox 2844 3371 2992 3440; x_wconf 89' lang='lat' dir='ltr'><strong>plura</strong></span> <span class='ocrx_word' id='word_1_431' title='bbox 3021 3371 3381 3438; x_wconf 88' lang='lat' dir='ltr'><strong>congerimus,</strong></span> <span class='ocrx_word' id='word_1_432' title='bbox 3410 3368 3501 3436; x_wconf 86' lang='lat' dir='ltr'><strong>qui</strong></span> <span class='ocrx_word' id='word_1_433' title='bbox 3542 3367 3645 3422; x_wconf 87' lang='lat' dir='ltr'><strong>iter</strong></span> 
     </span>
    </p>
   </div>
   <div class='ocr_carea' id='block_1_67' title="bbox 2089 3461 3642 3534">
    <p class='ocr_par' dir='ltr' id='par_1_67' title="bbox 2089 3461 3642 3534">
     <span class='ocr_line' id='line_1_67' title="bbox 2089 3461 3642 3534; baseline -0.005 -15"><span class='ocrx_word' id='word_1_434' title='bbox 2089 3467 2262 3534; x_wconf 85' lang='lat' dir='ltr'><strong>ipsum</strong></span> <span class='ocrx_word' id='word_1_435' title='bbox 2290 3465 2429 3532; x_wconf 90' lang='lat' dir='ltr'><strong>quod</strong></span> <span class='ocrx_word' id='word_1_436' title='bbox 2454 3464 2744 3533; x_wconf 81' lang='lat' dir='ltr'><strong>pergimus,</strong></span> <span class='ocrx_word' id='word_1_437' title='bbox 2768 3471 2873 3517; x_wconf 88' lang='lat' dir='ltr'><strong>tam</strong></span> <span class='ocrx_word' id='word_1_438' title='bbox 2900 3462 3047 3516; x_wconf 88' lang='lat' dir='ltr'><strong>brevi</strong></span> <span class='ocrx_word' id='word_1_439' title='bbox 3075 3461 3246 3530; x_wconf 88' lang='lat' dir='ltr'><strong>spatio</strong></span> <span class='ocrx_word' id='word_1_440' title='bbox 3273 3461 3642 3514; x_wconf 85' lang='lat' dir='ltr'><strong>terminamus.</strong></span> 
     </span>
    </p>
   </div>
   <div class='ocr_carea' id='block_1_68' title="bbox 2087 3547 3647 3618">
    <p class='ocr_par' dir='ltr' id='par_1_68' title="bbox 2087 3547 3647 3618">
     <span class='ocr_line' id='line_1_68' title="bbox 2087 3547 3647 3618; baseline -0.004 -10"><span class='ocrx_word' id='word_1_441' title='bbox 2087 3554 2319 3608; x_wconf 83' lang='lat' dir='ltr'><strong>Accedia</strong></span> <span class='ocrx_word' id='word_1_442' title='bbox 2355 3561 2424 3614; x_wconf 86' lang='lat' dir='ltr'><strong>te.</strong></span> <span class='ocrx_word' id='word_1_443' title='bbox 2452 3551 2535 3605; x_wconf 87' lang='lat' dir='ltr'><strong>vel</strong></span> <span class='ocrx_word' id='word_1_444' title='bbox 2562 3551 2918 3606; x_wconf 88' lang='lat' dir='ltr'><strong>somnolentia</strong></span> <span class='ocrx_word' id='word_1_445' title='bbox 2952 3549 3222 3618; x_wconf 86' lang='lat' dir='ltr'><strong>deprimit,</strong></span> <span class='ocrx_word' id='word_1_446' title='bbox 3257 3547 3558 3617; x_wconf 84' lang='lat' dir='ltr'><strong>sepulcrum</strong></span> <span class='ocrx_word' id='word_1_447' title='bbox 3596 3557 3647 3601; x_wconf 89' lang='lat' dir='ltr'><strong>te</strong></span> 
     </span>
    </p>
   </div>
   <div class='ocr_carea' id='block_1_69' title="bbox 2080 3635 3648 3709">
    <p class='ocr_par' dir='ltr' id='par_1_69' title="bbox 2080 3635 3648 3709">
     <span class='ocr_line' id='line_1_69' title="bbox 2080 3635 3648 3709; baseline -0.005 -15"><span class='ocrx_word' id='word_1_448' title='bbox 2080 3640 2273 3696; x_wconf 90' lang='lat' dir='ltr'><strong>doceat</strong></span> <span class='ocrx_word' id='word_1_449' title='bbox 2312 3655 2407 3709; x_wconf 89' lang='lat' dir='ltr'><strong>pro</strong></span> <span class='ocrx_word' id='word_1_450' title='bbox 2455 3639 2668 3693; x_wconf 74' lang='lat' dir='ltr'><strong>aeternis</strong></span> <span class='ocrx_word' id='word_1_451' title='bbox 2711 3653 2851 3692; x_wconf 89' lang='lat' dir='ltr'><strong>nunc</strong></span> <span class='ocrx_word' id='word_1_452' title='bbox 2897 3637 3134 3706; x_wconf 62' lang='lat' dir='ltr'><strong>praemiis</strong></span> <span class='ocrx_word' id='word_1_453' title='bbox 3180 3635 3427 3706; x_wconf 86' lang='lat' dir='ltr'><strong>vigilare,</strong></span> <span class='ocrx_word' id='word_1_454' title='bbox 3458 3635 3510 3686; x_wconf 93' lang='lat' dir='ltr'><strong>in</strong></span> <span class='ocrx_word' id='word_1_455' title='bbox 3538 3648 3648 3702; x_wconf 92' lang='lat' dir='ltr'><strong>quo</strong></span> 
     </span>
    </p>
   </div>
   <div class='ocr_carea' id='block_1_70' title="bbox 2085 3722 3647 3793">
    <p class='ocr_par' dir='ltr' id='par_1_70' title="bbox 2085 3722 3647 3793">
     <span class='ocr_line' id='line_1_70' title="bbox 2085 3722 3647 3793; baseline -0.004 -11"><span class='ocrx_word' id='word_1_456' title='bbox 2085 3730 2360 3793; x_wconf 87' lang='lat' dir='ltr'><strong>videlicet,</strong></span> <span class='ocrx_word' id='word_1_457' title='bbox 2385 3739 2437 3782; x_wconf 90' lang='lat' dir='ltr'><strong>te</strong></span> <span class='ocrx_word' id='word_1_458' title='bbox 2459 3742 2681 3782; x_wconf 87' lang='lat' dir='ltr'><strong>necesse</strong></span> <span class='ocrx_word' id='word_1_459' title='bbox 2704 3736 2786 3781; x_wconf 90' lang='lat' dir='ltr'><strong>est</strong></span> <span class='ocrx_word' id='word_1_460' title='bbox 2807 3726 3110 3780; x_wconf 89' lang='lat' dir='ltr'><strong>diutissime</strong></span> <span class='ocrx_word' id='word_1_461' title='bbox 3139 3725 3256 3778; x_wconf 91' lang='lat' dir='ltr'><strong>sine</strong></span> <span class='ocrx_word' id='word_1_462' title='bbox 3282 3722 3385 3776; x_wconf 90' lang='lat' dir='ltr'><strong>ulla</strong></span> <span class='ocrx_word' id='word_1_463' title='bbox 3414 3731 3647 3791; x_wconf 88' lang='lat' dir='ltr'><strong>postmo-</strong></span> 
     </span>
    </p>
   </div>
   <div class='ocr_carea' id='block_1_71' title="bbox 2085 3812 3648 3885">
    <p class='ocr_par' dir='ltr' id='par_1_71' title="bbox 2085 3812 3648 3885">
     <span class='ocr_line' id='line_1_71' title="bbox 2085 3812 3648 3885; baseline -0.008 -10"><span class='ocrx_word' id='word_1_464' title='bbox 2085 3822 2211 3876; x_wconf 86' lang='lat' dir='ltr'><strong>dum</strong></span> <span class='ocrx_word' id='word_1_465' title='bbox 2255 3819 2687 3874; x_wconf 89' lang='lat' dir='ltr'><strong>remuneratione</strong></span> <span class='ocrx_word' id='word_1_466' title='bbox 2730 3817 3029 3885; x_wconf 88' lang='lat' dir='ltr'><strong>quiescere,</strong></span> <span class='ocrx_word' id='word_1_467' title='bbox 3070 3822 3336 3883; x_wconf 89' lang='lat' dir='ltr'><strong>quatenus</strong></span> <span class='ocrx_word' id='word_1_468' title='bbox 3371 3812 3460 3880; x_wconf 92' lang='lat' dir='ltr'><strong>qui</strong></span> <span class='ocrx_word' id='word_1_469' title='bbox 3493 3819 3648 3865; x_wconf 71' lang='lat' dir='ltr'><strong>teter-</strong></span> 
     </span>
    </p>
   </div>
   <div class='ocr_carea' id='block_1_72' title="bbox 2085 3903 3647 3979">
    <p class='ocr_par' dir='ltr' id='par_1_72' title="bbox 2085 3903 3647 3979">
     <span class='ocr_line' id='line_1_72' title="bbox 2085 3903 3647 3979; baseline -0.006 -14"><span class='ocrx_word' id='word_1_470' title='bbox 2085 3927 2208 3966; x_wconf 88' lang='lat' dir='ltr'><strong>nam</strong></span> <span class='ocrx_word' id='word_1_471' title='bbox 2263 3913 2497 3979; x_wconf 83' lang='lat' dir='ltr'><strong>requiem</strong></span> <span class='ocrx_word' id='word_1_472' title='bbox 2549 3909 2728 3977; x_wconf 87' lang='lat' dir='ltr'><strong>gaudii</strong></span> <span class='ocrx_word' id='word_1_473' title='bbox 2775 3906 3010 3962; x_wconf 65' lang='lat' dir='ltr'><strong>caelestis</strong></span> <span class='ocrx_word' id='word_1_474' title='bbox 3049 3913 3334 3974; x_wconf 77' lang='lat' dir='ltr'><strong>exspectas</strong></span> <span class='ocrx_word' id='word_1_475' title='bbox 3374 3903 3647 3968; x_wconf 80' lang='lat' dir='ltr'><strong>alacriter,</strong></span> 
     </span>
    </p>
   </div>
   <div class='ocr_carea' id='block_1_73' title="bbox 2086 3995 3652 4069">
    <p class='ocr_par' dir='ltr' id='par_1_73' title="bbox 2086 3995 3652 4069">
     <span class='ocr_line' id='line_1_73' title="bbox 2086 3995 3652 4069; baseline -0.006 -14"><span class='ocrx_word' id='word_1_476' title='bbox 2086 4017 2228 4056; x_wconf 91' lang='lat' dir='ltr'><strong>nunc</strong></span> <span class='ocrx_word' id='word_1_477' title='bbox 2280 4015 2400 4054; x_wconf 88' lang='lat' dir='ltr'><strong>cum</strong></span> <span class='ocrx_word' id='word_1_478' title='bbox 2455 4000 2682 4069; x_wconf 82' lang='lat' dir='ltr'><strong>propriae</strong></span> <span class='ocrx_word' id='word_1_479' title='bbox 2731 4008 2948 4064; x_wconf 83' lang='lat' dir='ltr'><strong>torpore</strong></span> <span class='ocrx_word' id='word_1_480' title='bbox 2993 3995 3232 4060; x_wconf 68' lang='lat' dir='ltr'><strong>desidiae,</strong></span> <span class='ocrx_word' id='word_1_481' title='bbox 3277 4001 3652 4049; x_wconf 84' lang='lat' dir='ltr'><strong>momentaneo</strong></span> 
     </span>
    </p>
   </div>
   <div class='ocr_carea' id='block_1_74' title="bbox 2088 4087 2568 4158">
    <p class='ocr_par' dir='ltr' id='par_1_74' title="bbox 2088 4087 2568 4158">
     <span class='ocr_line' id='line_1_74' title="bbox 2088 4087 2568 4158; baseline -0.006 -16"><span class='ocrx_word' id='word_1_482' title='bbox 2088 4090 2270 4145; x_wconf 89' lang='lat' dir='ltr'><strong>labore</strong></span> <span class='ocrx_word' id='word_1_483' title='bbox 2298 4087 2568 4158; x_wconf 81' lang='lat' dir='ltr'><strong>conﬂigas.</strong></span> 
     </span>
    </p>
   </div>
   <div class='ocr_carea' id='block_1_75' title="bbox 2161 4173 3649 4243">
    <p class='ocr_par' dir='ltr' id='par_1_75' title="bbox 2161 4173 3649 4243">
     <span class='ocr_line' id='line_1_75' title="bbox 2161 4173 3649 4243; baseline -0.007 -9"><span class='ocrx_word' id='word_1_484' title='bbox 2161 4180 2400 4234; x_wconf 73' lang='lat' dir='ltr'><strong>Vestium</strong></span> <span class='ocrx_word' id='word_1_485' title='bbox 2433 4190 2484 4233; x_wconf 88' lang='lat' dir='ltr'><strong>te</strong></span> <span class='ocrx_word' id='word_1_486' title='bbox 2507 4179 2648 4232; x_wconf 92' lang='lat' dir='ltr'><strong>nitor</strong></span> <span class='ocrx_word' id='word_1_487' title='bbox 2675 4176 2928 4238; x_wconf 87' lang='lat' dir='ltr'><strong>oblectat,</strong></span> <span class='ocrx_word' id='word_1_488' title='bbox 2975 4174 3039 4228; x_wconf 90' lang='lat' dir='ltr'><strong>ad</strong></span> <span class='ocrx_word' id='word_1_489' title='bbox 3082 4173 3386 4243; x_wconf 88' lang='lat' dir='ltr'><strong>sepulcrum</strong></span> <span class='ocrx_word' id='word_1_490' title='bbox 3413 4185 3649 4234; x_wconf 89' lang='lat' dir='ltr'><strong>recurre,</strong></span> 
     </span>
    </p>
   </div>
   <div class='ocr_carea' id='block_1_76' title="bbox 2087 4263 3651 4342">
    <p class='ocr_par' dir='ltr' id='par_1_76' title="bbox 2087 4263 3651 4342">
     <span class='ocr_line' id='line_1_76' title="bbox 2087 4263 3651 4342; baseline -0.008 -16"><span class='ocrx_word' id='word_1_491' title='bbox 2087 4283 2248 4342; x_wconf 86' lang='lat' dir='ltr'><strong>atque</strong></span> <span class='ocrx_word' id='word_1_492' title='bbox 2274 4269 2564 4340; x_wconf 87' lang='lat' dir='ltr'><strong>perpende,</strong></span> <span class='ocrx_word' id='word_1_493' title='bbox 2595 4283 2756 4337; x_wconf 86' lang='lat' dir='ltr'><strong>quam</strong></span> <span class='ocrx_word' id='word_1_494' title='bbox 2783 4281 2981 4320; x_wconf 86' lang='lat' dir='ltr'><strong>vesane</strong></span> <span class='ocrx_word' id='word_1_495' title='bbox 3025 4263 3313 4332; x_wconf 87' lang='lat' dir='ltr'><strong>desipiant,</strong></span> <span class='ocrx_word' id='word_1_496' title='bbox 3363 4263 3454 4332; x_wconf 91' lang='lat' dir='ltr'><strong>qui</strong></span> <span class='ocrx_word' id='word_1_497' title='bbox 3490 4277 3651 4316; x_wconf 61' lang='lat' dir='ltr'><strong>exoro</strong></span> 
     </span>
    </p>
   </div>
   <div class='ocr_carea' id='block_1_77' title="bbox 2088 4352 3648 4427">
    <p class='ocr_par' dir='ltr' id='par_1_77' title="bbox 2088 4352 3648 4427">
     <span class='ocr_line' id='line_1_77' title="bbox 2088 4352 3648 4427; baseline -0.006 -13"><span class='ocrx_word' id='word_1_498' title='bbox 2088 4376 2221 4415; x_wconf 87' lang='lat' dir='ltr'><strong>nare</strong></span> <span class='ocrx_word' id='word_1_499' title='bbox 2248 4359 2354 4414; x_wconf 90' lang='lat' dir='ltr'><strong>vile</strong></span> <span class='ocrx_word' id='word_1_500' title='bbox 2384 4356 2738 4427; x_wconf 87' lang='lat' dir='ltr'><strong>pulvisculum</strong></span> <span class='ocrx_word' id='word_1_501' title='bbox 2766 4357 3012 4411; x_wconf 89' lang='lat' dir='ltr'><strong>vestibus</strong></span> <span class='ocrx_word' id='word_1_502' title='bbox 3039 4355 3341 4409; x_wconf 90' lang='lat' dir='ltr'><strong>ambitiosis</strong></span> <span class='ocrx_word' id='word_1_503' title='bbox 3360 4352 3648 4406; x_wconf 86' lang='lat' dir='ltr'><strong>anhelant:</strong></span> 
     </span>
    </p>
   </div>
   <div class='ocr_carea' id='block_1_78' title="bbox 2088 4444 3654 4521">
    <p class='ocr_par' dir='ltr' id='par_1_78' title="bbox 2088 4444 3654 4521">
     <span class='ocr_line' id='line_1_78' title="bbox 2088 4444 3654 4521; baseline -0.005 -17"><span class='ocrx_word' id='word_1_504' title='bbox 2088 4451 2180 4521; x_wconf 90' lang='lat' dir='ltr'><strong>qui</strong></span> <span class='ocrx_word' id='word_1_505' title='bbox 2214 4449 2471 4503; x_wconf 87' lang='lat' dir='ltr'><strong>nimirum</strong></span> <span class='ocrx_word' id='word_1_506' title='bbox 2497 4449 2696 4502; x_wconf 89' lang='lat' dir='ltr'><strong>idcirco</strong></span> <span class='ocrx_word' id='word_1_507' title='bbox 2717 4447 2886 4500; x_wconf 89' lang='lat' dir='ltr'><strong>lutum</strong></span> <span class='ocrx_word' id='word_1_508' title='bbox 2912 4460 3043 4498; x_wconf 89' lang='lat' dir='ltr'><strong>auro</strong></span> <span class='ocrx_word' id='word_1_509' title='bbox 3064 4454 3376 4514; x_wconf 88' lang='lat' dir='ltr'><strong>contegunt,</strong></span> <span class='ocrx_word' id='word_1_510' title='bbox 3408 4444 3654 4497; x_wconf 89' lang='lat' dir='ltr'><strong>sordibus</strong></span> 
     </span>
    </p>
   </div>
   <div class='ocr_carea' id='block_1_79' title="bbox 2092 4536 3651 4609">
    <p class='ocr_par' dir='ltr' id='par_1_79' title="bbox 2092 4536 3651 4609">
     <span class='ocr_line' id='line_1_79' title="bbox 2092 4536 3651 4609; baseline -0.008 -14"><span class='ocrx_word' id='word_1_511' title='bbox 2092 4540 2380 4595; x_wconf 86' lang='lat' dir='ltr'><strong>munditias</strong></span> <span class='ocrx_word' id='word_1_512' title='bbox 2389 4536 2905 4609; x_wconf 78' lang='lat' dir='ltr'><strong>superponuntzquia</strong></span> <span class='ocrx_word' id='word_1_513' title='bbox 2919 4551 3041 4602; x_wconf 61' lang='lat' dir='ltr'><strong>qum</strong></span> <span class='ocrx_word' id='word_1_514' title='bbox 3055 4549 3181 4588; x_wconf 88' lang='lat' dir='ltr'><strong>vera</strong></span> <span class='ocrx_word' id='word_1_515' title='bbox 3200 4541 3325 4588; x_wconf 90' lang='lat' dir='ltr'><strong>sunt</strong></span> <span class='ocrx_word' id='word_1_516' title='bbox 3337 4539 3651 4586; x_wconf 86' lang='lat' dir='ltr'><strong>ornamenta</strong></span> 
     </span>
    </p>
   </div>
   <div class='ocr_carea' id='block_1_80' title="bbox 2065 4608 3662 4696">
    <p class='ocr_par' dir='ltr' id='par_1_80' title="bbox 2065 4608 3662 4696">
     <span class='ocr_line' id='line_1_80' title="bbox 2065 4608 3662 4696; baseline -0.007 -10"><span class='ocrx_word' id='word_1_517' title='bbox 2065 4675 2073 4686; x_wconf 92' lang='lat'><strong>.</strong></span> <span class='ocrx_word' id='word_1_518' title='bbox 2091 4633 2360 4688; x_wconf 81' lang='lat' dir='ltr'><strong>interioris</strong></span> <span class='ocrx_word' id='word_1_519' title='bbox 2375 4608 2605 4685; x_wconf 81' lang='lat' dir='ltr'><strong>hominis</strong></span> <span class='ocrx_word' id='word_1_520' title='bbox 2617 4647 2721 4682; x_wconf 89' lang='lat' dir='ltr'><strong>non</strong></span> <span class='ocrx_word' id='word_1_521' title='bbox 2739 4628 3035 4696; x_wconf 86' lang='lat' dir='ltr'><strong>intelligunt</strong></span> <span class='ocrx_word' id='word_1_522' title='bbox 3048 4625 3212 4679; x_wconf 75' lang='lat' dir='ltr'><strong>.Vana</strong></span> <span class='ocrx_word' id='word_1_523' title='bbox 3228 4624 3394 4695; x_wconf 81' lang='lat' dir='ltr'><strong>gloria</strong></span> <span class='ocrx_word' id='word_1_524' title='bbox 3407 4608 3662 4677; x_wconf 59' lang='lat' dir='ltr'><strong>fortassis</strong></span> 
     </span>
    </p>
   </div>
   <div class='ocr_carea' id='block_1_81' title="bbox 2091 4714 3652 4786">
    <p class='ocr_par' dir='ltr' id='par_1_81' title="bbox 2091 4714 3652 4786">
     <span class='ocr_line' id='line_1_81' title="bbox 2091 4714 3652 4786; baseline -0.008 -8"><span class='ocrx_word' id='word_1_525' title='bbox 2091 4725 2302 4778; x_wconf 79' lang='lat' dir='ltr'><strong>elevare</strong></span> <span class='ocrx_word' id='word_1_526' title='bbox 2339 4733 2389 4776; x_wconf 91' lang='lat' dir='ltr'><strong>te</strong></span> <span class='ocrx_word' id='word_1_527' title='bbox 2416 4721 2621 4783; x_wconf 88' lang='lat' dir='ltr'><strong>nititur,</strong></span> <span class='ocrx_word' id='word_1_528' title='bbox 2657 4722 2720 4772; x_wconf 86' lang='lat' dir='ltr'><strong>ad</strong></span> <span class='ocrx_word' id='word_1_529' title='bbox 2748 4719 3048 4786; x_wconf 75' lang='lat' dir='ltr'><strong>sepulcrum</strong></span> <span class='ocrx_word' id='word_1_530' title='bbox 3076 4716 3302 4784; x_wconf 88' lang='lat' dir='ltr'><strong>respice,</strong></span> <span class='ocrx_word' id='word_1_531' title='bbox 3332 4724 3513 4783; x_wconf 82' lang='lat' dir='ltr'><strong>etquo</strong></span> <span class='ocrx_word' id='word_1_532' title='bbox 3550 4714 3652 4766; x_wconf 86' lang='lat' dir='ltr'><strong>line</strong></span> 
     </span>
    </p>
   </div>
   <div class='ocr_carea' id='block_1_82' title="bbox 2091 4804 3654 4880">
    <p class='ocr_par' dir='ltr' id='par_1_82' title="bbox 2091 4804 3654 4880">
     <span class='ocr_line' id='line_1_82' title="bbox 2091 4804 3654 4880; baseline -0.008 -14"><span class='ocrx_word' id='word_1_533' title='bbox 2091 4813 2265 4866; x_wconf 89' lang='lat' dir='ltr'><strong>omnis</strong></span> <span class='ocrx_word' id='word_1_534' title='bbox 2284 4810 2442 4880; x_wconf 75' lang='lat'><strong>350</strong></span> <span class='ocrx_word' id='word_1_535' title='bbox 2460 4813 2688 4862; x_wconf 88' lang='lat' dir='ltr'><strong>humana</strong></span> <span class='ocrx_word' id='word_1_536' title='bbox 2713 4809 2878 4876; x_wconf 86' lang='lat' dir='ltr'><strong>gloria</strong></span> <span class='ocrx_word' id='word_1_537' title='bbox 2900 4807 3199 4870; x_wconf 89' lang='lat' dir='ltr'><strong>claudatur,</strong></span> <span class='ocrx_word' id='word_1_538' title='bbox 3221 4806 3464 4859; x_wconf 86' lang='lat' dir='ltr'><strong>attende:</strong></span> <span class='ocrx_word' id='word_1_539' title='bbox 3489 4824 3505 4854; x_wconf 75' lang='grc' dir='ltr'>ι</span> <span class='ocrx_word' id='word_1_540' title='bbox 3529 4804 3654 4857; x_wconf 88' lang='lat' dir='ltr'><strong>0m-</strong></span> 
     </span>
    </p>
   </div>
   <div class='ocr_carea' id='block_1_83' title="bbox 2097 4893 3657 4967">
    <p class='ocr_par' dir='ltr' id='par_1_83' title="bbox 2097 4893 3657 4967">
     <span class='ocr_line' id='line_1_83' title="bbox 2097 4893 3657 4967; baseline -0.006 -12"><span class='ocrx_word' id='word_1_541' title='bbox 2097 4904 2178 4956; x_wconf 90' lang='lat' dir='ltr'><strong>nis</strong></span> <span class='ocrx_word' id='word_1_542' title='bbox 2200 4905 2340 4956; x_wconf 90' lang='lat' dir='ltr'><strong>enim</strong></span> <span class='ocrx_word' id='word_1_543' title='bbox 2369 4917 2498 4955; x_wconf 85' lang='lat' dir='ltr'><strong>caro</strong></span> <span class='ocrx_word' id='word_1_544' title='bbox 2525 4900 2735 4963; x_wconf 87' lang='lat' dir='ltr'><strong>fenum,</strong></span> <span class='ocrx_word' id='word_1_545' title='bbox 2759 4908 2814 4951; x_wconf 88' lang='lat' dir='ltr'><strong>et</strong></span> <span class='ocrx_word' id='word_1_546' title='bbox 2835 4899 3009 4952; x_wconf 86' lang='lat' dir='ltr'><strong>omnis</strong></span> <span class='ocrx_word' id='word_1_547' title='bbox 3032 4897 3198 4967; x_wconf 81' lang='lat' dir='ltr'><strong>gloria</strong></span> <span class='ocrx_word' id='word_1_548' title='bbox 3226 4896 3362 4964; x_wconf 87' lang='lat' dir='ltr'><strong>ejus,</strong></span> <span class='ocrx_word' id='word_1_549' title='bbox 3385 4895 3534 4962; x_wconf 89' lang='lat' dir='ltr'><strong>quasi</strong></span> <span class='ocrx_word' id='word_1_550' title='bbox 3559 4893 3657 4946; x_wconf 88' lang='lat' dir='ltr'><strong>llos</strong></span> 
     </span>
    </p>
   </div>
   <div class='ocr_carea' id='block_1_84' title="bbox 2094 4988 3658 5060">
    <p class='ocr_par' dir='ltr' id='par_1_84' title="bbox 2094 4988 3658 5060">
     <span class='ocr_line' id='line_1_84' title="bbox 2094 4988 3658 5060; baseline -0.005 -14"><span class='ocrx_word' id='word_1_551' title='bbox 2094 4993 2198 5046; x_wconf 88' lang='lat' dir='ltr'><strong>feni</strong></span> <span class='ocrx_word' id='word_1_552' title='bbox 2225 4992 2358 5060; x_wconf 70' lang='lat' dir='ltr'><strong>(Ira.</strong></span> <span class='ocrx_word' id='word_1_553' title='bbox 2383 4994 2478 5060; x_wconf 83' lang='lat' dir='ltr'><strong>tv).</strong></span> <span class='ocrx_word' id='word_1_554' title='bbox 2513 5010 2529 5042; x_wconf 72' lang='grc' dir='ltr'>ι</span> <span class='ocrx_word' id='word_1_555' title='bbox 2563 4991 2740 5044; x_wconf 85' lang='lat' dir='ltr'><strong>Prurit</strong></span> <span class='ocrx_word' id='word_1_556' title='bbox 2767 4990 2943 5060; x_wconf 88' lang='lat' dir='ltr'><strong>lingua</strong></span> <span class='ocrx_word' id='word_1_557' title='bbox 2973 5004 3067 5058; x_wconf 89' lang='lat' dir='ltr'><strong>per</strong></span> <span class='ocrx_word' id='word_1_558' title='bbox 3100 4997 3341 5050; x_wconf 86' lang='lat' dir='ltr'><strong>ventosa,</strong></span> <span class='ocrx_word' id='word_1_559' title='bbox 3366 4988 3477 5040; x_wconf 86' lang='lat' dir='ltr'><strong>sive</strong></span> <span class='ocrx_word' id='word_1_560' title='bbox 3507 5001 3658 5041; x_wconf 82' lang='lat' dir='ltr'><strong>scur-</strong></span> 
     </span>
    </p>
   </div>
   <div class='ocr_carea' id='block_1_85' title="bbox 2096 5082 3659 5150">
    <p class='ocr_par' dir='ltr' id='par_1_85' title="bbox 2096 5082 3659 5150">
     <span class='ocr_line' id='line_1_85' title="bbox 2096 5082 3659 5150; baseline -0.003 -13"><span class='ocrx_word' id='word_1_561' title='bbox 2096 5086 2209 5138; x_wconf 87' lang='lat' dir='ltr'><strong>rilia</strong></span> <span class='ocrx_word' id='word_1_562' title='bbox 2243 5086 2402 5139; x_wconf 87' lang='lat' dir='ltr'><strong>verba</strong></span> <span class='ocrx_word' id='word_1_563' title='bbox 2440 5083 2699 5147; x_wconf 85' lang='lat' dir='ltr'><strong>dillluere,</strong></span> <span class='ocrx_word' id='word_1_564' title='bbox 2736 5083 3037 5150; x_wconf 82' lang='lat' dir='ltr'><strong>sepulcrum</strong></span> <span class='ocrx_word' id='word_1_565' title='bbox 3085 5082 3150 5135; x_wconf 87' lang='lat' dir='ltr'><strong>ad</strong></span> <span class='ocrx_word' id='word_1_566' title='bbox 3189 5089 3422 5136; x_wconf 89' lang='lat' dir='ltr'><strong>mentem</strong></span> <span class='ocrx_word' id='word_1_567' title='bbox 3457 5082 3659 5141; x_wconf 91' lang='lat' dir='ltr'><strong>redeat,</strong></span> 
     </span>
    </p>
   </div>
   <div class='ocr_carea' id='block_1_86' title="bbox 2099 5171 3661 5240">
    <p class='ocr_par' dir='ltr' id='par_1_86' title="bbox 2099 5171 3661 5240">
     <span class='ocr_line' id='line_1_86' title="bbox 2099 5171 3661 5240; baseline 0 -16"><span class='ocrx_word' id='word_1_568' title='bbox 2099 5183 2150 5225; x_wconf 90' lang='lat' dir='ltr'><strong>et</strong></span> <span class='ocrx_word' id='word_1_569' title='bbox 2190 5173 2328 5226; x_wconf 83' lang='lat' dir='ltr'><strong>sicut</strong></span> <span class='ocrx_word' id='word_1_570' title='bbox 2362 5188 2390 5225; x_wconf 88' lang='lat' dir='ltr'><strong>a</strong></span> <span class='ocrx_word' id='word_1_571' title='bbox 2434 5174 2745 5237; x_wconf 80' lang='lat' dir='ltr'><strong>criminosa,</strong></span> <span class='ocrx_word' id='word_1_572' title='bbox 2775 5172 2852 5225; x_wconf 86' lang='lat' dir='ltr'><strong>sic</strong></span> <span class='ocrx_word' id='word_1_573' title='bbox 2886 5173 3046 5225; x_wconf 85' lang='lat' dir='ltr'><strong>etiam</strong></span> <span class='ocrx_word' id='word_1_574' title='bbox 3084 5173 3151 5225; x_wconf 90' lang='lat' dir='ltr'><strong>ab</strong></span> <span class='ocrx_word' id='word_1_575' title='bbox 3175 5173 3347 5224; x_wconf 88' lang='lat' dir='ltr'><strong>otiosa</strong></span> <span class='ocrx_word' id='word_1_576' title='bbox 3381 5179 3450 5234; x_wconf 85' lang='lat' dir='ltr'><strong>te,</strong></span> <span class='ocrx_word' id='word_1_577' title='bbox 3481 5172 3560 5223; x_wconf 84' lang='lat' dir='ltr'><strong>vel</strong></span> <span class='ocrx_word' id='word_1_578' title='bbox 3581 5171 3661 5240; x_wconf 87' lang='lat' dir='ltr'><strong>jo-</strong></span> 
     </span>
    </p>
   </div>
   <div class='ocr_carea' id='block_1_87' title="bbox 2099 5261 3663 5333">
    <p class='ocr_par' dir='ltr' id='par_1_87' title="bbox 2099 5261 3663 5333">
     <span class='ocr_line' id='line_1_87' title="bbox 2099 5261 3663 5333; baseline -0.003 -17"><span class='ocrx_word' id='word_1_579' title='bbox 2099 5277 2224 5318; x_wconf 88' lang='lat' dir='ltr'><strong>cosa</strong></span> <span class='ocrx_word' id='word_1_580' title='bbox 2264 5263 2610 5318; x_wconf 83' lang='lat' dir='ltr'><strong>nihilominus</strong></span> <span class='ocrx_word' id='word_1_581' title='bbox 2647 5265 2972 5333; x_wconf 78' lang='lat' dir='ltr'><strong>loquacitate</strong></span> <span class='ocrx_word' id='word_1_582' title='bbox 3017 5271 3342 5331; x_wconf 85' lang='lat' dir='ltr'><strong>compescat.</strong></span> <span class='ocrx_word' id='word_1_583' title='bbox 3372 5261 3481 5315; x_wconf 91' lang='lat' dir='ltr'><strong>lllie</strong></span> <span class='ocrx_word' id='word_1_584' title='bbox 3509 5262 3663 5313; x_wconf 87' lang='lat' dir='ltr'><strong>nimi-</strong></span> 
     </span>
    </p>
   </div>
   <div class='ocr_carea' id='block_1_88' title="bbox 2100 5351 3665 5422">
    <p class='ocr_par' dir='ltr' id='par_1_88' title="bbox 2100 5351 3665 5422">
     <span class='ocr_line' id='line_1_88' title="bbox 2100 5351 3665 5422; baseline -0.002 -16"><span class='ocrx_word' id='word_1_585' title='bbox 2100 5368 2213 5407; x_wconf 84' lang='lat' dir='ltr'><strong>rutu</strong></span> <span class='ocrx_word' id='word_1_586' title='bbox 2266 5354 2437 5422; x_wconf 89' lang='lat' dir='ltr'><strong>perite</strong></span> <span class='ocrx_word' id='word_1_587' title='bbox 2490 5353 2688 5407; x_wconf 85' lang='lat' dir='ltr'><strong>valebis</strong></span> <span class='ocrx_word' id='word_1_588' title='bbox 2739 5353 3034 5416; x_wconf 84' lang='lat' dir='ltr'><strong>addiscere,</strong></span> <span class='ocrx_word' id='word_1_589' title='bbox 3070 5369 3229 5420; x_wconf 85' lang='lat' dir='ltr'><strong>quam</strong></span> <span class='ocrx_word' id='word_1_590' title='bbox 3284 5351 3524 5405; x_wconf 78' lang='lat' dir='ltr'><strong>districto</strong></span> <span class='ocrx_word' id='word_1_591' title='bbox 3569 5365 3665 5403; x_wconf 88' lang='lat' dir='ltr'><strong>nos</strong></span> 
     </span>
    </p>
   </div>
   <div class='ocr_carea' id='block_1_89' title="bbox 2100 5440 3662 5512">
    <p class='ocr_par' dir='ltr' id='par_1_89' title="bbox 2100 5440 3662 5512">
     <span class='ocr_line' id='line_1_89' title="bbox 2100 5440 3662 5512; baseline -0.003 -18"><span class='ocrx_word' id='word_1_592' title='bbox 2100 5444 2344 5512; x_wconf 83' lang='lat' dir='ltr'><strong>expediat</strong></span> <span class='ocrx_word' id='word_1_593' title='bbox 2373 5459 2400 5496; x_wconf 89' lang='lat' dir='ltr'><strong>a</strong></span> <span class='ocrx_word' id='word_1_594' title='bbox 2431 5443 2643 5497; x_wconf 87' lang='lat' dir='ltr'><strong>cunctis</strong></span> <span class='ocrx_word' id='word_1_595' title='bbox 2670 5442 2828 5511; x_wconf 83' lang='lat' dir='ltr'><strong>hujus</strong></span> <span class='ocrx_word' id='word_1_596' title='bbox 2857 5442 2974 5494; x_wconf 70' lang='lat' dir='ltr'><strong>vita:</strong></span> <span class='ocrx_word' id='word_1_597' title='bbox 2999 5441 3324 5494; x_wconf 82' lang='lat' dir='ltr'><strong>vanitatibus</strong></span> <span class='ocrx_word' id='word_1_598' title='bbox 3354 5440 3622 5493; x_wconf 85' lang='lat' dir='ltr'><strong>declinare</strong></span> <span class='ocrx_word' id='word_1_599' title='bbox 3651 5456 3662 5490; x_wconf 89' lang='lat'><strong>:</strong></span> 
     </span>
    </p>
   </div>
   <div class='ocr_carea' id='block_1_90' title="bbox 2103 5530 3664 5599">
    <p class='ocr_par' dir='ltr' id='par_1_90' title="bbox 2103 5530 3664 5599">
     <span class='ocr_line' id='line_1_90' title="bbox 2103 5530 3664 5599; baseline -0.002 -16"><span class='ocrx_word' id='word_1_600' title='bbox 2103 5543 2154 5583; x_wconf 91' lang='lat' dir='ltr'><strong>et</strong></span> <span class='ocrx_word' id='word_1_601' title='bbox 2183 5547 2248 5586; x_wconf 90' lang='lat' dir='ltr'><strong>ne</strong></span> <span class='ocrx_word' id='word_1_602' title='bbox 2275 5533 2427 5599; x_wconf 83' lang='lat' dir='ltr'><strong>plura</strong></span> <span class='ocrx_word' id='word_1_603' title='bbox 2478 5530 2843 5586; x_wconf 85' lang='lat' dir='ltr'><strong>emnnerando</strong></span> <span class='ocrx_word' id='word_1_604' title='bbox 2893 5539 2942 5582; x_wconf 90' lang='lat' dir='ltr'><strong>te</strong></span> <span class='ocrx_word' id='word_1_605' title='bbox 2995 5531 3191 5583; x_wconf 81' lang='lat' dir='ltr'><strong>diutius</strong></span> <span class='ocrx_word' id='word_1_606' title='bbox 3239 5531 3568 5597; x_wconf 62' lang='lat' dir='ltr'><strong>protrahatur.</strong></span> <span class='ocrx_word' id='word_1_607' title='bbox 3613 5530 3664 5581; x_wconf 90' lang='lat' dir='ltr'><strong>in</strong></span> 
     </span>
    </p>
   </div>
   <div class='ocr_carea' id='block_1_91' title="bbox 2102 5620 3663 5692">
    <p class='ocr_par' dir='ltr' id='par_1_91' title="bbox 2102 5620 3663 5692">
     <span class='ocr_line' id='line_1_91' title="bbox 2102 5620 3663 5692; baseline -0.001 -19"><span class='ocrx_word' id='word_1_608' title='bbox 2102 5624 2240 5675; x_wconf 85' lang='lat' dir='ltr'><strong>omni</strong></span> <span class='ocrx_word' id='word_1_609' title='bbox 2275 5637 2461 5692; x_wconf 67' lang='lat' dir='ltr'><strong>pugnae</strong></span> <span class='ocrx_word' id='word_1_610' title='bbox 2490 5623 2757 5690; x_wconf 81' lang='lat' dir='ltr'><strong>surgentis</strong></span> <span class='ocrx_word' id='word_1_611' title='bbox 2782 5620 3005 5674; x_wconf 87' lang='lat' dir='ltr'><strong>articulo</strong></span> <span class='ocrx_word' id='word_1_612' title='bbox 3034 5622 3146 5676; x_wconf 60' lang='lat' dir='ltr'><strong>haec</strong></span> <span class='ocrx_word' id='word_1_613' title='bbox 3177 5632 3226 5675; x_wconf 89' lang='lat' dir='ltr'><strong>te</strong></span> <span class='ocrx_word' id='word_1_614' title='bbox 3239 5621 3538 5674; x_wconf 88' lang='lat' dir='ltr'><strong>sollicitudo</strong></span> <span class='ocrx_word' id='word_1_615' title='bbox 3559 5635 3663 5673; x_wconf 85' lang='lat' dir='ltr'><strong>non</strong></span> 
     </span>
    </p>
   </div>
   <div class='ocr_carea' id='block_1_92' title="bbox 2105 5709 3661 5778">
    <p class='ocr_par' dir='ltr' id='par_1_92' title="bbox 2105 5709 3661 5778">
     <span class='ocr_line' id='line_1_92' title="bbox 2105 5709 3661 5778; baseline -0.001 -16"><span class='ocrx_word' id='word_1_616' title='bbox 2105 5709 2332 5774; x_wconf 87' lang='lat' dir='ltr'><strong>deserat,</strong></span> <span class='ocrx_word' id='word_1_617' title='bbox 2371 5721 2424 5762; x_wconf 92' lang='lat' dir='ltr'><strong>ut</strong></span> <span class='ocrx_word' id='word_1_618' title='bbox 2454 5712 2694 5778; x_wconf 81' lang='lat' dir='ltr'><strong>protinus</strong></span> <span class='ocrx_word' id='word_1_619' title='bbox 2728 5711 2921 5764; x_wconf 87' lang='lat' dir='ltr'><strong>mentis</strong></span> <span class='ocrx_word' id='word_1_620' title='bbox 2960 5710 3141 5763; x_wconf 83' lang='lat' dir='ltr'><strong>oculos</strong></span> <span class='ocrx_word' id='word_1_621' title='bbox 3170 5713 3235 5764; x_wconf 92' lang='lat' dir='ltr'><strong>ad</strong></span> <span class='ocrx_word' id='word_1_622' title='bbox 3267 5710 3506 5778; x_wconf 88' lang='lat' dir='ltr'><strong>sepulcra</strong></span> <span class='ocrx_word' id='word_1_623' title='bbox 3532 5725 3661 5762; x_wconf 82' lang='lat' dir='ltr'><strong>con-</strong></span> 
     </span>
    </p>
   </div>
   <div class='ocr_carea' id='block_1_93' title="bbox 2109 5792 3665 5872">
    <p class='ocr_par' dir='ltr' id='par_1_93' title="bbox 2109 5792 3665 5872">
     <span class='ocr_line' id='line_1_93' title="bbox 2109 5792 3665 5872; baseline 0.002 -20"><span class='ocrx_word' id='word_1_624' title='bbox 2109 5792 2404 5872; x_wconf 65' lang='lat' dir='ltr'><strong>templanda</strong></span> <span class='ocrx_word' id='word_1_625' title='bbox 2433 5811 2713 5854; x_wconf 76' lang='lat' dir='ltr'><strong>convertas</strong></span> <span class='ocrx_word' id='word_1_626' title='bbox 2737 5815 2750 5850; x_wconf 76' lang='grc' dir='ltr'>ε</span> <span class='ocrx_word' id='word_1_627' title='bbox 2786 5809 3047 5868; x_wconf 80' lang='lat' dir='ltr'><strong>quatenus</strong></span> <span class='ocrx_word' id='word_1_628' title='bbox 3075 5799 3198 5852; x_wconf 84' lang='lat' dir='ltr'><strong>dunt</strong></span> <span class='ocrx_word' id='word_1_629' title='bbox 3225 5809 3273 5854; x_wconf 90' lang='lat' dir='ltr'><strong>te</strong></span> <span class='ocrx_word' id='word_1_630' title='bbox 3296 5799 3403 5855; x_wconf 86' lang='lat' dir='ltr'><strong>illic</strong></span> <span class='ocrx_word' id='word_1_631' title='bbox 3433 5802 3665 5855; x_wconf 83' lang='lat' dir='ltr'><strong>immun-</strong></span> 
     </span>
    </p>
   </div>
   <div class='ocr_carea' id='block_1_94' title="bbox 3745 3380 5314 3452">
    <p class='ocr_par' dir='ltr' id='par_1_94' title="bbox 3745 3380 5314 3452">
     <span class='ocr_line' id='line_1_94' title="bbox 3745 3380 5314 3452; baseline 0.006 -21"><span class='ocrx_word' id='word_1_632' title='bbox 3745 3380 3884 3448; x_wconf 91' lang='lat' dir='ltr'><strong>quod</strong></span> <span class='ocrx_word' id='word_1_633' title='bbox 3917 3381 4100 3433; x_wconf 89' lang='lat' dir='ltr'><strong>oculos</strong></span> <span class='ocrx_word' id='word_1_634' title='bbox 4131 3391 4231 3433; x_wconf 84' lang='lat' dir='ltr'><strong>tuae</strong></span> <span class='ocrx_word' id='word_1_635' title='bbox 4257 3384 4555 3449; x_wconf 81' lang='lat' dir='ltr'><strong>tnajestalis</strong></span> <span class='ocrx_word' id='word_1_636' title='bbox 4594 3383 4761 3438; x_wconf 82' lang='lat' dir='ltr'><strong>latere</strong></span> <span class='ocrx_word' id='word_1_637' title='bbox 4799 3401 4901 3438; x_wconf 89' lang='lat' dir='ltr'><strong>non</strong></span> <span class='ocrx_word' id='word_1_638' title='bbox 4942 3386 5128 3452; x_wconf 86' lang='lat' dir='ltr'><strong>potuit.</strong></span> <span class='ocrx_word' id='word_1_639' title='bbox 5167 3385 5314 3441; x_wconf 90' lang='lat' dir='ltr'><strong>Unde</strong></span> 
     </span>
    </p>
   </div>
   <div class='ocr_carea' id='block_1_95' title="bbox 3746 3471 5312 3546">
    <p class='ocr_par' dir='ltr' id='par_1_95' title="bbox 3746 3471 5312 3546">
     <span class='ocr_line' id='line_1_95' title="bbox 3746 3471 5312 3546; baseline 0.001 -20"><span class='ocrx_word' id='word_1_640' title='bbox 3746 3479 3799 3526; x_wconf 85' lang='lat' dir='ltr'><strong>et</strong></span> <span class='ocrx_word' id='word_1_641' title='bbox 3822 3480 4036 3540; x_wconf 84' lang='lat' dir='ltr'><strong>propter</strong></span> <span class='ocrx_word' id='word_1_642' title='bbox 4060 3471 4205 3533; x_wconf 88' lang='lat' dir='ltr'><strong>illud,</strong></span> <span class='ocrx_word' id='word_1_643' title='bbox 4222 3483 4270 3526; x_wconf 86' lang='lat' dir='ltr'><strong>et</strong></span> <span class='ocrx_word' id='word_1_644' title='bbox 4297 3483 4514 3540; x_wconf 88' lang='lat' dir='ltr'><strong>propter</strong></span> <span class='ocrx_word' id='word_1_645' title='bbox 4540 3473 4641 3525; x_wconf 82' lang='lat' dir='ltr'><strong>alia</strong></span> <span class='ocrx_word' id='word_1_646' title='bbox 4670 3473 5169 3538; x_wconf 88' lang='lat' dir='ltr'><strong>innumerabilia,ct</strong></span> <span class='ocrx_word' id='word_1_647' title='bbox 5192 3491 5312 3546; x_wconf 83' lang='lat' dir='ltr'><strong>gra-</strong></span> 
     </span>
    </p>
   </div>
   <div class='ocr_carea' id='block_1_96' title="bbox 3747 3562 5316 3631">
    <p class='ocr_par' dir='ltr' id='par_1_96' title="bbox 3747 3562 5316 3631">
     <span class='ocr_line' id='line_1_96' title="bbox 3747 3562 5316 3631; baseline 0.003 -17"><span class='ocrx_word' id='word_1_648' title='bbox 3747 3562 3963 3615; x_wconf 84' lang='lat' dir='ltr'><strong>vissima</strong></span> <span class='ocrx_word' id='word_1_649' title='bbox 3989 3575 4204 3630; x_wconf 84' lang='lat' dir='ltr'><strong>peccata</strong></span> <span class='ocrx_word' id='word_1_650' title='bbox 4231 3577 4343 3615; x_wconf 81' lang='lat' dir='ltr'><strong>mea</strong></span> <span class='ocrx_word' id='word_1_651' title='bbox 4375 3578 4479 3615; x_wconf 91' lang='lat' dir='ltr'><strong>non</strong></span> <span class='ocrx_word' id='word_1_652' title='bbox 4509 3577 4625 3614; x_wconf 90' lang='lat' dir='ltr'><strong>sum</strong></span> <span class='ocrx_word' id='word_1_653' title='bbox 4658 3563 4847 3631; x_wconf 90' lang='lat' dir='ltr'><strong>dignus</strong></span> <span class='ocrx_word' id='word_1_654' title='bbox 4870 3562 5108 3617; x_wconf 89' lang='lat' dir='ltr'><strong>infelices</strong></span> <span class='ocrx_word' id='word_1_655' title='bbox 5134 3563 5316 3618; x_wconf 87' lang='lat' dir='ltr'><strong>oculos</strong></span> 
     </span>
    </p>
   </div>
   <div class='ocr_carea' id='block_1_97' title="bbox 3749 3651 5315 3722">
    <p class='ocr_par' dir='ltr' id='par_1_97' title="bbox 3749 3651 5315 3722">
     <span class='ocr_line' id='line_1_97' title="bbox 3749 3651 5315 3722; baseline 0.002 -18"><span class='ocrx_word' id='word_1_656' title='bbox 3749 3667 3896 3706; x_wconf 89' lang='lat' dir='ltr'><strong>meos</strong></span> <span class='ocrx_word' id='word_1_657' title='bbox 3933 3653 4110 3706; x_wconf 88' lang='lat' dir='ltr'><strong>levare</strong></span> <span class='ocrx_word' id='word_1_658' title='bbox 4154 3654 4218 3706; x_wconf 91' lang='lat' dir='ltr'><strong>ad</strong></span> <span class='ocrx_word' id='word_1_659' title='bbox 4265 3652 4480 3714; x_wconf 72' lang='lat' dir='ltr'><strong>cmlum,</strong></span> <span class='ocrx_word' id='word_1_660' title='bbox 4508 3651 4587 3704; x_wconf 92' lang='lat' dir='ltr'><strong>vel</strong></span> <span class='ocrx_word' id='word_1_661' title='bbox 4620 3652 4824 3722; x_wconf 90' lang='lat' dir='ltr'><strong>ingredi</strong></span> <span class='ocrx_word' id='word_1_662' title='bbox 4861 3652 4913 3706; x_wconf 92' lang='lat' dir='ltr'><strong>in</strong></span> <span class='ocrx_word' id='word_1_663' title='bbox 4944 3662 5186 3707; x_wconf 91' lang='lat' dir='ltr'><strong>sanctam</strong></span> <span class='ocrx_word' id='word_1_664' title='bbox 5218 3651 5315 3707; x_wconf 82' lang='lat' dir='ltr'><strong>Ec—</strong></span> 
     </span>
    </p>
   </div>
   <div class='ocr_carea' id='block_1_98' title="bbox 3747 3740 5315 3805">
    <p class='ocr_par' dir='ltr' id='par_1_98' title="bbox 3747 3740 5315 3805">
     <span class='ocr_line' id='line_1_98' title="bbox 3747 3740 5315 3805; baseline -0.001 -10"><span class='ocrx_word' id='word_1_665' title='bbox 3747 3741 3964 3796; x_wconf 85' lang='lat' dir='ltr'><strong>clesiam</strong></span> <span class='ocrx_word' id='word_1_666' title='bbox 3996 3752 4164 3805; x_wconf 90' lang='lat' dir='ltr'><strong>tuam,</strong></span> <span class='ocrx_word' id='word_1_667' title='bbox 4196 3750 4288 3795; x_wconf 90' lang='lat' dir='ltr'><strong>aut</strong></span> <span class='ocrx_word' id='word_1_668' title='bbox 4335 3743 4498 3795; x_wconf 87' lang='lat' dir='ltr'><strong>etiam</strong></span> <span class='ocrx_word' id='word_1_669' title='bbox 4541 3740 4879 3795; x_wconf 84' lang='lat' dir='ltr'><strong>benedictum</strong></span> <span class='ocrx_word' id='word_1_670' title='bbox 4936 3757 5127 3796; x_wconf 86' lang='lat' dir='ltr'><strong>nomen</strong></span> <span class='ocrx_word' id='word_1_671' title='bbox 5170 3752 5315 3796; x_wconf 89' lang='lat' dir='ltr'><strong>tuum</strong></span> 
     </span>
    </p>
   </div>
   <div class='ocr_carea' id='block_1_99' title="bbox 3749 3832 5317 3906">
    <p class='ocr_par' dir='ltr' id='par_1_99' title="bbox 3749 3832 5317 3906">
     <span class='ocr_line' id='line_1_99' title="bbox 3749 3832 5317 3906; baseline -0.002 -19"><span class='ocrx_word' id='word_1_672' title='bbox 3749 3835 3969 3904; x_wconf 87' lang='lat' dir='ltr'><strong>pollutis</strong></span> <span class='ocrx_word' id='word_1_673' title='bbox 3998 3834 4152 3887; x_wconf 88' lang='lat' dir='ltr'><strong>labiis</strong></span> <span class='ocrx_word' id='word_1_674' title='bbox 4179 3834 4663 3906; x_wconf 63' lang='lat' dir='ltr'><strong>meispxprimere.</strong></span> <span class='ocrx_word' id='word_1_675' title='bbox 4692 3832 5032 3902; x_wconf 87' lang='lat' dir='ltr'><strong>Quapropter</strong></span> <span class='ocrx_word' id='word_1_676' title='bbox 5057 3833 5317 3902; x_wconf 76' lang='lat' dir='ltr'><strong>lacryma-</strong></span> 
     </span>
    </p>
   </div>
   <div class='ocr_carea' id='block_1_100' title="bbox 3751 3919 5316 3990">
    <p class='ocr_par' dir='ltr' id='par_1_100' title="bbox 3751 3919 5316 3990">
     <span class='ocr_line' id='line_1_100' title="bbox 3751 3919 5316 3990; baseline -0.001 -14"><span class='ocrx_word' id='word_1_677' title='bbox 3751 3922 3929 3977; x_wconf 92' lang='lat' dir='ltr'><strong>biliter</strong></span> <span class='ocrx_word' id='word_1_678' title='bbox 3957 3919 4183 3976; x_wconf 83' lang='lat' dir='ltr'><strong>obsecro</strong></span> <span class='ocrx_word' id='word_1_679' title='bbox 4213 3922 4526 3974; x_wconf 85' lang='lat' dir='ltr'><strong>immensam</strong></span> <span class='ocrx_word' id='word_1_680' title='bbox 4551 3921 4890 3975; x_wconf 89' lang='lat' dir='ltr'><strong>clementiam</strong></span> <span class='ocrx_word' id='word_1_681' title='bbox 4916 3931 5080 3986; x_wconf 87' lang='lat' dir='ltr'><strong>tuam,</strong></span> <span class='ocrx_word' id='word_1_682' title='bbox 5103 3923 5193 3990; x_wconf 86' lang='lat' dir='ltr'><strong>qui</strong></span> <span class='ocrx_word' id='word_1_683' title='bbox 5220 3937 5316 3990; x_wconf 88' lang='lat' dir='ltr'><strong>pro</strong></span> 
     </span>
    </p>
   </div>
   <div class='ocr_carea' id='block_1_101' title="bbox 3753 4009 5320 4082">
    <p class='ocr_par' dir='ltr' id='par_1_101' title="bbox 3753 4009 5320 4082">
     <span class='ocr_line' id='line_1_101' title="bbox 3753 4009 5320 4082; baseline -0.001 -17"><span class='ocrx_word' id='word_1_684' title='bbox 3753 4013 4126 4082; x_wconf 89' lang='lat' dir='ltr'><strong>peccatoribus</strong></span> <span class='ocrx_word' id='word_1_685' title='bbox 4157 4011 4393 4078; x_wconf 86' lang='lat' dir='ltr'><strong>mihique</strong></span> <span class='ocrx_word' id='word_1_686' title='bbox 4427 4009 4690 4064; x_wconf 87' lang='lat' dir='ltr'><strong>similibus</strong></span> <span class='ocrx_word' id='word_1_687' title='bbox 4719 4011 4853 4064; x_wconf 89' lang='lat' dir='ltr'><strong>mori</strong></span> <span class='ocrx_word' id='word_1_688' title='bbox 4883 4011 5130 4079; x_wconf 84' lang='lat' dir='ltr'><strong>dignatus</strong></span> <span class='ocrx_word' id='word_1_689' title='bbox 5159 4025 5234 4072; x_wconf 88' lang='lat' dir='ltr'><strong>es,</strong></span> <span class='ocrx_word' id='word_1_690' title='bbox 5263 4021 5320 4065; x_wconf 88' lang='lat' dir='ltr'><strong>ut</strong></span> 
     </span>
    </p>
   </div>
   <div class='ocr_carea' id='block_1_102' title="bbox 3751 4099 5318 4168">
    <p class='ocr_par' dir='ltr' id='par_1_102' title="bbox 3751 4099 5318 4168">
     <span class='ocr_line' id='line_1_102' title="bbox 3751 4099 5318 4168; baseline -0.002 -11"><span class='ocrx_word' id='word_1_691' title='bbox 3751 4103 3852 4158; x_wconf 90' lang='lat' dir='ltr'><strong>hoc</strong></span> <span class='ocrx_word' id='word_1_692' title='bbox 3879 4103 4007 4157; x_wconf 89' lang='lat' dir='ltr'><strong>mihi</strong></span> <span class='ocrx_word' id='word_1_693' title='bbox 4044 4101 4336 4156; x_wconf 88' lang='lat' dir='ltr'><strong>clementer</strong></span> <span class='ocrx_word' id='word_1_694' title='bbox 4363 4101 4656 4168; x_wconf 85' lang='lat' dir='ltr'><strong>indulgeas,</strong></span> <span class='ocrx_word' id='word_1_695' title='bbox 4681 4110 4735 4154; x_wconf 90' lang='lat' dir='ltr'><strong>et</strong></span> <span class='ocrx_word' id='word_1_696' title='bbox 4762 4101 4827 4153; x_wconf 89' lang='lat' dir='ltr'><strong>ad</strong></span> <span class='ocrx_word' id='word_1_697' title='bbox 4868 4115 5050 4154; x_wconf 89' lang='lat' dir='ltr'><strong>veram</strong></span> <span class='ocrx_word' id='word_1_698' title='bbox 5081 4099 5318 4154; x_wconf 84' lang='lat' dir='ltr'><strong>fructuo-</strong></span> 
     </span>
    </p>
   </div>
   <div class='ocr_carea' id='block_1_103' title="bbox 3751 4188 5173 4263">
    <p class='ocr_par' dir='ltr' id='par_1_103' title="bbox 3751 4188 5173 4263">
     <span class='ocr_line' id='line_1_103' title="bbox 3751 4188 5173 4263; baseline -0.005 -16"><span class='ocrx_word' id='word_1_699' title='bbox 3751 4209 3973 4263; x_wconf 89' lang='lat' dir='ltr'><strong>samque</strong></span> <span class='ocrx_word' id='word_1_700' title='bbox 4002 4192 4368 4260; x_wconf 67' lang='lat' dir='ltr'><strong>pmnitentiam</strong></span> <span class='ocrx_word' id='word_1_701' title='bbox 4400 4205 4487 4244; x_wconf 89' lang='lat' dir='ltr'><strong>me</strong></span> <span class='ocrx_word' id='word_1_702' title='bbox 4524 4191 4801 4260; x_wconf 87' lang='lat' dir='ltr'><strong>pervenire</strong></span> <span class='ocrx_word' id='word_1_703' title='bbox 4831 4188 5112 4245; x_wconf 87' lang='lat' dir='ltr'><strong>concedas.</strong></span> <span class='ocrx_word' id='word_1_704' title='bbox 5155 4209 5173 4240; x_wconf 76' lang='grc' dir='ltr'><strong><em>ι</em></strong></span> 
     </span>
    </p>
   </div>
   <div class='ocr_carea' id='block_1_104' title="bbox 3823 4279 5316 4350">
    <p class='ocr_par' dir='ltr' id='par_1_104' title="bbox 3823 4279 5316 4350">
     <span class='ocr_line' id='line_1_104' title="bbox 3823 4279 5316 4350; baseline -0.004 -12"><span class='ocrx_word' id='word_1_705' title='bbox 3823 4284 3975 4350; x_wconf 89' lang='lat' dir='ltr'><strong>Quod</strong></span> <span class='ocrx_word' id='word_1_706' title='bbox 4017 4283 4061 4336; x_wconf 88' lang='lat' dir='ltr'><strong>si</strong></span> <span class='ocrx_word' id='word_1_707' title='bbox 4109 4281 4283 4334; x_wconf 85' lang='lat' dir='ltr'><strong>adhuc</strong></span> <span class='ocrx_word' id='word_1_708' title='bbox 4327 4281 4490 4334; x_wconf 88' lang='lat' dir='ltr'><strong>etiam</strong></span> <span class='ocrx_word' id='word_1_709' title='bbox 4545 4281 4762 4349; x_wconf 65' lang='lat' dir='ltr'><strong>qumris,</strong></span> <span class='ocrx_word' id='word_1_710' title='bbox 4786 4281 5050 4349; x_wconf 87' lang='lat' dir='ltr'><strong>quomodo</strong></span> <span class='ocrx_word' id='word_1_711' title='bbox 5077 4280 5224 4333; x_wconf 87' lang='lat' dir='ltr'><strong>solus</strong></span> <span class='ocrx_word' id='word_1_712' title='bbox 5254 4279 5316 4332; x_wconf 85' lang='lat' dir='ltr'><strong>ad</strong></span> 
     </span>
    </p>
   </div>
   <div class='ocr_carea' id='block_1_105' title="bbox 3754 4368 5316 4443">
    <p class='ocr_par' dir='ltr' id='par_1_105' title="bbox 3754 4368 5316 4443">
     <span class='ocr_line' id='line_1_105' title="bbox 3754 4368 5316 4443; baseline -0.005 -14"><span class='ocrx_word' id='word_1_713' title='bbox 3754 4377 3939 4429; x_wconf 88' lang='lat' dir='ltr'><strong>horam</strong></span> <span class='ocrx_word' id='word_1_714' title='bbox 3971 4373 4221 4443; x_wconf 85' lang='lat' dir='ltr'><strong>primam,</strong></span> <span class='ocrx_word' id='word_1_715' title='bbox 4253 4371 4364 4424; x_wconf 89' lang='lat' dir='ltr'><strong>sive</strong></span> <span class='ocrx_word' id='word_1_716' title='bbox 4390 4369 4802 4439; x_wconf 88' lang='lat' dir='ltr'><strong>complctorium</strong></span> <span class='ocrx_word' id='word_1_717' title='bbox 4832 4370 5028 4424; x_wconf 89' lang='lat' dir='ltr'><strong>debeas</strong></span> <span class='ocrx_word' id='word_1_718' title='bbox 5051 4368 5316 4431; x_wconf 82' lang='lat' dir='ltr'><strong>confiteri.</strong></span> 
     </span>
    </p>
   </div>
   <div class='ocr_carea' id='block_1_106' title="bbox 3755 4458 5316 4530">
    <p class='ocr_par' dir='ltr' id='par_1_106' title="bbox 3755 4458 5316 4530">
     <span class='ocr_line' id='line_1_106' title="bbox 3755 4458 5316 4530; baseline -0.005 -12"><span class='ocrx_word' id='word_1_719' title='bbox 3755 4465 3830 4518; x_wconf 91' lang='lat' dir='ltr'><strong>sic</strong></span> <span class='ocrx_word' id='word_1_720' title='bbox 3868 4463 4032 4517; x_wconf 88' lang='lat' dir='ltr'><strong>dicito</strong></span> <span class='ocrx_word' id='word_1_721' title='bbox 4059 4480 4071 4513; x_wconf 93' lang='lat'><strong>:</strong></span> <span class='ocrx_word' id='word_1_722' title='bbox 4107 4479 4125 4512; x_wconf 70' lang='grc' dir='ltr'>ς</span> <span class='ocrx_word' id='word_1_723' title='bbox 4161 4460 4271 4530; x_wconf 88' lang='lat' dir='ltr'><strong>Ego</strong></span> <span class='ocrx_word' id='word_1_724' title='bbox 4305 4460 4639 4513; x_wconf 80' lang='lat' dir='ltr'><strong>miserrimus</strong></span> <span class='ocrx_word' id='word_1_725' title='bbox 4667 4471 4720 4511; x_wconf 91' lang='lat' dir='ltr'><strong>et</strong></span> <span class='ocrx_word' id='word_1_726' title='bbox 4746 4458 4923 4512; x_wconf 79' lang='lat' dir='ltr'><strong>infelix</strong></span> <span class='ocrx_word' id='word_1_727' title='bbox 4955 4459 5214 4513; x_wconf 87' lang='lat' dir='ltr'><strong>confiteor</strong></span> <span class='ocrx_word' id='word_1_728' title='bbox 5235 4474 5316 4512; x_wconf 84' lang='lat' dir='ltr'><strong>co-</strong></span> 
     </span>
    </p>
   </div>
   <div class='ocr_carea' id='block_1_107' title="bbox 3755 4547 5321 4619">
    <p class='ocr_par' dir='ltr' id='par_1_107' title="bbox 3755 4547 5321 4619">
     <span class='ocr_line' id='line_1_107' title="bbox 3755 4547 5321 4619; baseline -0.002 -13"><span class='ocrx_word' id='word_1_729' title='bbox 3755 4569 3867 4606; x_wconf 87' lang='lat' dir='ltr'><strong>ram</strong></span> <span class='ocrx_word' id='word_1_730' title='bbox 3898 4554 4026 4614; x_wconf 91' lang='lat' dir='ltr'><strong>Deo,</strong></span> <span class='ocrx_word' id='word_1_731' title='bbox 4059 4552 4176 4614; x_wconf 89' lang='lat' dir='ltr'><strong>tibi,</strong></span> <span class='ocrx_word' id='word_1_732' title='bbox 4199 4561 4384 4604; x_wconf 88' lang='lat' dir='ltr'><strong>sancta</strong></span> <span class='ocrx_word' id='word_1_733' title='bbox 4422 4559 4474 4602; x_wconf 91' lang='lat' dir='ltr'><strong>et</strong></span> <span class='ocrx_word' id='word_1_734' title='bbox 4507 4549 4736 4619; x_wconf 88' lang='lat' dir='ltr'><strong>gloriosa</strong></span> <span class='ocrx_word' id='word_1_735' title='bbox 4764 4550 4913 4618; x_wconf 88' lang='lat' dir='ltr'><strong>virgo</strong></span> <span class='ocrx_word' id='word_1_736' title='bbox 4935 4547 5118 4610; x_wconf 78' lang='lat' dir='ltr'><strong>Maria,</strong></span> <span class='ocrx_word' id='word_1_737' title='bbox 5146 4558 5202 4600; x_wconf 87' lang='lat' dir='ltr'><strong>et</strong></span> <span class='ocrx_word' id='word_1_738' title='bbox 5233 4565 5321 4603; x_wconf 87' lang='lat' dir='ltr'><strong>vo-</strong></span> 
     </span>
    </p>
   </div>
   <div class='ocr_carea' id='block_1_108' title="bbox 3757 4639 5320 4708">
    <p class='ocr_par' dir='ltr' id='par_1_108' title="bbox 3757 4639 5320 4708">
     <span class='ocr_line' id='line_1_108' title="bbox 3757 4639 5320 4708; baseline -0.004 -11"><span class='ocrx_word' id='word_1_739' title='bbox 3757 4645 3855 4704; x_wconf 90' lang='lat' dir='ltr'><strong>bis.</strong></span> <span class='ocrx_word' id='word_1_740' title='bbox 3883 4655 4072 4695; x_wconf 80' lang='lat' dir='ltr'><strong>omnes</strong></span> <span class='ocrx_word' id='word_1_741' title='bbox 4108 4642 4280 4694; x_wconf 88' lang='lat' dir='ltr'><strong>sancti</strong></span> <span class='ocrx_word' id='word_1_742' title='bbox 4312 4641 4428 4702; x_wconf 90' lang='lat' dir='ltr'><strong>Dei,</strong></span> <span class='ocrx_word' id='word_1_743' title='bbox 4459 4654 4572 4692; x_wconf 90' lang='lat' dir='ltr'><strong>mea</strong></span> <span class='ocrx_word' id='word_1_744' title='bbox 4603 4639 4780 4708; x_wconf 86' lang='lat' dir='ltr'><strong>culpa,</strong></span> <span class='ocrx_word' id='word_1_745' title='bbox 4807 4640 5022 4707; x_wconf 83' lang='lat' dir='ltr'><strong>peccavi</strong></span> <span class='ocrx_word' id='word_1_746' title='bbox 5050 4639 5208 4692; x_wconf 91' lang='lat' dir='ltr'><strong>nimis</strong></span> <span class='ocrx_word' id='word_1_747' title='bbox 5233 4655 5320 4708; x_wconf 88' lang='lat' dir='ltr'><strong>per</strong></span> 
     </span>
    </p>
   </div>
   <div class='ocr_carea' id='block_1_109' title="bbox 3755 4731 5319 4801">
    <p class='ocr_par' dir='ltr' id='par_1_109' title="bbox 3755 4731 5319 4801">
     <span class='ocr_line' id='line_1_109' title="bbox 3755 4731 5319 4801; baseline -0.004 -13"><span class='ocrx_word' id='word_1_748' title='bbox 3755 4734 4080 4801; x_wconf 88' lang='lat' dir='ltr'><strong>superbiam,</strong></span> <span class='ocrx_word' id='word_1_749' title='bbox 4124 4732 4177 4784; x_wconf 90' lang='lat' dir='ltr'><strong>in</strong></span> <span class='ocrx_word' id='word_1_750' title='bbox 4221 4733 4562 4801; x_wconf 87' lang='lat' dir='ltr'><strong>suggestione</strong></span> <span class='ocrx_word' id='word_1_751' title='bbox 4585 4769 4598 4794; x_wconf 90' lang='lat'><strong>,</strong></span> <span class='ocrx_word' id='word_1_752' title='bbox 4631 4731 5002 4793; x_wconf 85' lang='lat' dir='ltr'><strong>delectatione,</strong></span> <span class='ocrx_word' id='word_1_753' title='bbox 5033 4747 5319 4795; x_wconf 80' lang='lat' dir='ltr'><strong>consensu,</strong></span> 
     </span>
    </p>
   </div>
   <div class='ocr_carea' id='block_1_110' title="bbox 3756 4819 5323 4891">
    <p class='ocr_par' dir='ltr' id='par_1_110' title="bbox 3756 4819 5323 4891">
     <span class='ocr_line' id='line_1_110' title="bbox 3756 4819 5323 4891; baseline -0.003 -15"><span class='ocrx_word' id='word_1_754' title='bbox 3756 4822 4094 4891; x_wconf 59' lang='lat' dir='ltr'><strong>cogitatione,</strong></span> <span class='ocrx_word' id='word_1_755' title='bbox 4121 4819 4275 4890; x_wconf 77' lang='lat'><strong>351</strong></span> <span class='ocrx_word' id='word_1_756' title='bbox 4313 4821 4509 4883; x_wconf 84' lang='lat' dir='ltr'><strong>verbis,</strong></span> <span class='ocrx_word' id='word_1_757' title='bbox 4532 4830 4583 4872; x_wconf 92' lang='lat' dir='ltr'><strong>et</strong></span> <span class='ocrx_word' id='word_1_758' title='bbox 4612 4834 4790 4888; x_wconf 89' lang='lat' dir='ltr'><strong>opere.</strong></span> <span class='ocrx_word' id='word_1_759' title='bbox 4824 4819 5111 4889; x_wconf 84' lang='lat' dir='ltr'><strong>Propterea</strong></span> <span class='ocrx_word' id='word_1_760' title='bbox 5136 4822 5323 4888; x_wconf 65' lang='lat' dir='ltr'><strong>dtpf’f—</strong></span> 
     </span>
    </p>
   </div>
   <div class='ocr_carea' id='block_1_111' title="bbox 3759 4910 5322 4978">
    <p class='ocr_par' dir='ltr' id='par_1_111' title="bbox 3759 4910 5322 4978">
     <span class='ocr_line' id='line_1_111' title="bbox 3759 4910 5322 4978; baseline -0.001 -11"><span class='ocrx_word' id='word_1_761' title='bbox 3759 4927 3850 4967; x_wconf 90' lang='lat' dir='ltr'><strong>cor</strong></span> <span class='ocrx_word' id='word_1_762' title='bbox 3895 4919 3966 4971; x_wconf 89' lang='lat' dir='ltr'><strong>te,</strong></span> <span class='ocrx_word' id='word_1_763' title='bbox 3995 4912 4231 4978; x_wconf 83' lang='lat' dir='ltr'><strong>piissinta</strong></span> <span class='ocrx_word' id='word_1_764' title='bbox 4270 4910 4362 4964; x_wconf 86' lang='lat' dir='ltr'><strong>Dei</strong></span> <span class='ocrx_word' id='word_1_765' title='bbox 4412 4911 4682 4973; x_wconf 75' lang='lat' dir='ltr'><strong>Gcnitrix,</strong></span> <span class='ocrx_word' id='word_1_766' title='bbox 4711 4920 4765 4963; x_wconf 88' lang='lat' dir='ltr'><strong>et</strong></span> <span class='ocrx_word' id='word_1_767' title='bbox 4792 4926 4886 4963; x_wconf 89' lang='lat' dir='ltr'><strong>vos</strong></span> <span class='ocrx_word' id='word_1_768' title='bbox 4915 4925 5101 4964; x_wconf 84' lang='lat' dir='ltr'><strong>omnes</strong></span> <span class='ocrx_word' id='word_1_769' title='bbox 5156 4913 5322 4965; x_wconf 89' lang='lat' dir='ltr'><strong>sancti</strong></span> 
     </span>
    </p>
   </div>
   <div class='ocr_carea' id='block_1_112' title="bbox 3759 5000 5321 5070">
    <p class='ocr_par' dir='ltr' id='par_1_112' title="bbox 3759 5000 5321 5070">
     <span class='ocr_line' id='line_1_112' title="bbox 3759 5000 5321 5070; baseline -0.002 -15"><span class='ocrx_word' id='word_1_770' title='bbox 3759 5012 3811 5055; x_wconf 90' lang='lat' dir='ltr'><strong>et</strong></span> <span class='ocrx_word' id='word_1_771' title='bbox 3840 5001 3994 5055; x_wconf 85' lang='lat' dir='ltr'><strong>electi</strong></span> <span class='ocrx_word' id='word_1_772' title='bbox 4027 5001 4137 5062; x_wconf 86' lang='lat' dir='ltr'><strong>Dei.</strong></span> <span class='ocrx_word' id='word_1_773' title='bbox 4171 5011 4228 5054; x_wconf 90' lang='lat' dir='ltr'><strong>ut</strong></span> <span class='ocrx_word' id='word_1_774' title='bbox 4252 5015 4408 5053; x_wconf 87' lang='lat' dir='ltr'><strong>orare</strong></span> <span class='ocrx_word' id='word_1_775' title='bbox 4432 5000 4721 5068; x_wconf 88' lang='lat' dir='ltr'><strong>dignemini</strong></span> <span class='ocrx_word' id='word_1_776' title='bbox 4751 5014 4845 5066; x_wconf 90' lang='lat' dir='ltr'><strong>pro</strong></span> <span class='ocrx_word' id='word_1_777' title='bbox 4872 5014 4955 5052; x_wconf 89' lang='lat' dir='ltr'><strong>me</strong></span> <span class='ocrx_word' id='word_1_778' title='bbox 4980 5001 5178 5053; x_wconf 90' lang='lat' dir='ltr'><strong>misero</strong></span> <span class='ocrx_word' id='word_1_779' title='bbox 5202 5016 5321 5070; x_wconf 76' lang='lat' dir='ltr'><strong>pec—</strong></span> 
     </span>
    </p>
   </div>
   <div class='ocr_carea' id='block_1_113' title="bbox 3765 5089 5323 5151">
    <p class='ocr_par' dir='ltr' id='par_1_113' title="bbox 3765 5089 5323 5151">
     <span class='ocr_line' id='line_1_113' title="bbox 3765 5089 5323 5151; baseline -0.002 -6"><span class='ocrx_word' id='word_1_780' title='bbox 3765 5102 3966 5145; x_wconf 86' lang='lat' dir='ltr'><strong>catore.</strong></span> <span class='ocrx_word' id='word_1_781' title='bbox 4014 5090 4470 5144; x_wconf 87' lang='lat' dir='ltr'><strong>lntercedcntibus</strong></span> <span class='ocrx_word' id='word_1_782' title='bbox 4518 5089 4666 5142; x_wconf 87' lang='lat' dir='ltr'><strong>vobis</strong></span> <span class='ocrx_word' id='word_1_783' title='bbox 4698 5089 4968 5151; x_wconf 88' lang='lat' dir='ltr'><strong>omnibus,</strong></span> <span class='ocrx_word' id='word_1_784' title='bbox 5007 5089 5323 5143; x_wconf 87' lang='lat' dir='ltr'><strong>misereatur</strong></span> 
     </span>
    </p>
   </div>
   <div class='ocr_carea' id='block_1_114' title="bbox 3767 5179 5323 5252">
    <p class='ocr_par' dir='ltr' id='par_1_114' title="bbox 3767 5179 5323 5252">
     <span class='ocr_line' id='line_1_114' title="bbox 3767 5179 5323 5252; baseline -0.001 -16"><span class='ocrx_word' id='word_1_785' title='bbox 3767 5185 3896 5236; x_wconf 88' lang='lat' dir='ltr'><strong>mihi</strong></span> <span class='ocrx_word' id='word_1_786' title='bbox 3929 5183 4266 5252; x_wconf 89' lang='lat' dir='ltr'><strong>omnip0tens</strong></span> <span class='ocrx_word' id='word_1_787' title='bbox 4299 5180 4455 5244; x_wconf 83' lang='lat' dir='ltr'><strong>Deus,</strong></span> <span class='ocrx_word' id='word_1_788' title='bbox 4491 5179 4725 5235; x_wconf 85' lang='lat' dir='ltr'><strong>dimittat</strong></span> <span class='ocrx_word' id='word_1_789' title='bbox 4761 5180 4886 5233; x_wconf 90' lang='lat' dir='ltr'><strong>mihi</strong></span> <span class='ocrx_word' id='word_1_790' title='bbox 4911 5181 5086 5234; x_wconf 90' lang='lat' dir='ltr'><strong>omnia</strong></span> <span class='ocrx_word' id='word_1_791' title='bbox 5112 5193 5323 5249; x_wconf 79' lang='lat' dir='ltr'><strong>peccata</strong></span> 
     </span>
    </p>
   </div>
   <div class='ocr_carea' id='block_1_115' title="bbox 3769 5270 5323 5334">
    <p class='ocr_par' dir='ltr' id='par_1_115' title="bbox 3769 5270 5323 5334">
     <span class='ocr_line' id='line_1_115' title="bbox 3769 5270 5323 5334; baseline -0.001 -9"><span class='ocrx_word' id='word_1_792' title='bbox 3769 5289 3903 5334; x_wconf 85' lang='lat' dir='ltr'><strong>mea,</strong></span> <span class='ocrx_word' id='word_1_793' title='bbox 3931 5271 4120 5325; x_wconf 84' lang='lat' dir='ltr'><strong>liberet</strong></span> <span class='ocrx_word' id='word_1_794' title='bbox 4142 5287 4226 5324; x_wconf 90' lang='lat' dir='ltr'><strong>me</strong></span> <span class='ocrx_word' id='word_1_795' title='bbox 4250 5271 4315 5324; x_wconf 89' lang='lat' dir='ltr'><strong>ab</strong></span> <span class='ocrx_word' id='word_1_796' title='bbox 4342 5272 4485 5324; x_wconf 90' lang='lat' dir='ltr'><strong>omni</strong></span> <span class='ocrx_word' id='word_1_797' title='bbox 4511 5270 4669 5333; x_wconf 87' lang='lat' dir='ltr'><strong>malo,</strong></span> <span class='ocrx_word' id='word_1_798' title='bbox 4695 5279 4993 5333; x_wconf 88' lang='lat' dir='ltr'><strong>conservet,</strong></span> <span class='ocrx_word' id='word_1_799' title='bbox 5026 5270 5323 5333; x_wconf 78' lang='lat' dir='ltr'><strong>confirmet,</strong></span> 
     </span>
    </p>
   </div>
   <div class='ocr_carea' id='block_1_116' title="bbox 3768 5361 5324 5431">
    <p class='ocr_par' dir='ltr' id='par_1_116' title="bbox 3768 5361 5324 5431">
     <span class='ocr_line' id='line_1_116' title="bbox 3768 5361 5324 5431; baseline -0.001 -16"><span class='ocrx_word' id='word_1_800' title='bbox 3768 5366 4081 5418; x_wconf 87' lang='lat' dir='ltr'><strong>corroboret</strong></span> <span class='ocrx_word' id='word_1_801' title='bbox 4126 5380 4210 5416; x_wconf 86' lang='lat' dir='ltr'><strong>me</strong></span> <span class='ocrx_word' id='word_1_802' title='bbox 4243 5364 4292 5416; x_wconf 87' lang='lat' dir='ltr'><strong>in</strong></span> <span class='ocrx_word' id='word_1_803' title='bbox 4320 5363 4463 5418; x_wconf 88' lang='lat' dir='ltr'><strong>omni</strong></span> <span class='ocrx_word' id='word_1_804' title='bbox 4511 5375 4672 5431; x_wconf 85' lang='lat' dir='ltr'><strong>opere</strong></span> <span class='ocrx_word' id='word_1_805' title='bbox 4709 5363 4868 5424; x_wconf 86' lang='lat' dir='ltr'><strong>bono.</strong></span> <span class='ocrx_word' id='word_1_806' title='bbox 4898 5371 4951 5414; x_wconf 90' lang='lat' dir='ltr'><strong>et</strong></span> <span class='ocrx_word' id='word_1_807' title='bbox 4976 5361 5215 5414; x_wconf 86' lang='lat' dir='ltr'><strong>absolvat</strong></span> <span class='ocrx_word' id='word_1_808' title='bbox 5246 5378 5324 5414; x_wconf 86' lang='lat' dir='ltr'><strong>tne</strong></span> 
     </span>
    </p>
   </div>
   <div class='ocr_carea' id='block_1_117' title="bbox 3771 5453 5327 5520">
    <p class='ocr_par' dir='ltr' id='par_1_117' title="bbox 3771 5453 5327 5520">
     <span class='ocr_line' id='line_1_117' title="bbox 3771 5453 5327 5520; baseline -0.001 -13"><span class='ocrx_word' id='word_1_809' title='bbox 3771 5455 3908 5508; x_wconf 84' lang='lat' dir='ltr'><strong>Deus</strong></span> <span class='ocrx_word' id='word_1_810' title='bbox 3939 5456 4003 5508; x_wconf 83' lang='lat' dir='ltr'><strong>ab</strong></span> <span class='ocrx_word' id='word_1_811' title='bbox 4028 5455 4170 5508; x_wconf 88' lang='lat' dir='ltr'><strong>onmi</strong></span> <span class='ocrx_word' id='word_1_812' title='bbox 4196 5453 4405 5507; x_wconf 86' lang='lat' dir='ltr'><strong>vinculo</strong></span> <span class='ocrx_word' id='word_1_813' title='bbox 4429 5453 4743 5506; x_wconf 87' lang='lat' dir='ltr'><strong>delictorum</strong></span> <span class='ocrx_word' id='word_1_814' title='bbox 4772 5466 5029 5513; x_wconf 87' lang='lat' dir='ltr'><strong>meorum,</strong></span> <span class='ocrx_word' id='word_1_815' title='bbox 5065 5461 5115 5504; x_wconf 89' lang='lat' dir='ltr'><strong>et</strong></span> <span class='ocrx_word' id='word_1_816' title='bbox 5136 5453 5327 5520; x_wconf 87' lang='lat' dir='ltr'><strong>perdu-</strong></span> 
     </span>
    </p>
   </div>
   <div class='ocr_carea' id='block_1_118' title="bbox 3768 5541 5321 5602">
    <p class='ocr_par' dir='ltr' id='par_1_118' title="bbox 3768 5541 5321 5602">
     <span class='ocr_line' id='line_1_118' title="bbox 3768 5541 5321 5602; baseline -0.005 -2"><span class='ocrx_word' id='word_1_817' title='bbox 3768 5556 3851 5600; x_wconf 86' lang='lat' dir='ltr'><strong>cat</strong></span> <span class='ocrx_word' id='word_1_818' title='bbox 3910 5560 3994 5599; x_wconf 88' lang='lat' dir='ltr'><strong>me</strong></span> <span class='ocrx_word' id='word_1_819' title='bbox 4054 5545 4301 5602; x_wconf 82' lang='lat' dir='ltr'><strong>Christus</strong></span> <span class='ocrx_word' id='word_1_820' title='bbox 4365 5544 4456 5597; x_wconf 85' lang='lat' dir='ltr'><strong>Dei</strong></span> <span class='ocrx_word' id='word_1_821' title='bbox 4531 5543 4695 5596; x_wconf 82' lang='lat' dir='ltr'><strong>Filius</strong></span> <span class='ocrx_word' id='word_1_822' title='bbox 4741 5541 4806 5596; x_wconf 89' lang='lat' dir='ltr'><strong>ad</strong></span> <span class='ocrx_word' id='word_1_823' title='bbox 4853 5543 5014 5596; x_wconf 89' lang='lat' dir='ltr'><strong>vitam</strong></span> <span class='ocrx_word' id='word_1_824' title='bbox 5049 5553 5321 5596; x_wconf 75' lang='lat' dir='ltr'><strong>:eteruam.</strong></span> 
     </span>
    </p>
   </div>
   <div class='ocr_carea' id='block_1_119' title="bbox 3770 5639 4012 5690">
    <p class='ocr_par' dir='ltr' id='par_1_119' title="bbox 3770 5639 4012 5690">
     <span class='ocr_line' id='line_1_119' title="bbox 3770 5639 4012 5690; baseline -0.004 -1"><span class='ocrx_word' id='word_1_825' title='bbox 3770 5639 3955 5690; x_wconf 63' lang='lat' dir='ltr'><strong>Amen.</strong></span> <span class='ocrx_word' id='word_1_826' title='bbox 3995 5657 4012 5688; x_wconf 77' lang='grc' dir='ltr'><strong><em>ι</em></strong></span> 
     </span>
    </p>
   </div>
   <div class='ocr_carea' id='block_1_120' title="bbox 4433 5765 4688 5776">
    <p class='ocr_par' dir='ltr' id='par_1_120' title="bbox 4433 5765 4688 5776">
     <span class='ocr_line' id='line_1_120' title="bbox 4433 5765 4688 5776; baseline -0.012 0"><span class='ocrx_word' id='word_1_827' title='bbox 4433 5765 4688 5776; x_wconf 74' lang='lat'><strong>—.————</strong></span> 
     </span>
    </p>
   </div>
  </div>
