4276 6396
440 367 548 422 557

1026 473 1250 532 CAPUT
1291 475 1455 531 XXV.

441 565 528 620 De
553 565 633 620 his
654 581 770 634 quin
791 565 859 618 ad
884 564 1153 620 levandum
1171 567 1373 634 pondus
1395 564 1668 619 eremiticat
1693 562 2016 616 austeritatis

1144 635 1330 686 valent.

521 744 686 799 Plane
709 743 856 798 omni
885 751 1109 798 conatus
1155 743 1430 806 instantia,
1459 741 1792 812 summisque
1818 741 2023 796 viribus

449 833 680 894 enitere,
708 840 768 884 ut
803 831 871 884 ad
928 829 1288 900 lacrytnarum
1345 832 1640 899 gratiarum
1693 829 2026 898 contempla-

453 920 730 988 tionisque
751 918 1137 990 perfectionem
1167 921 1342 989 possis
1372 921 1660 988 attingere.
1685 918 1836 984 Quod
1864 918 2026 972 nimi-

451 1024 576 1062 rum
607 1024 711 1062 non
737 1007 803 1060 ad
831 1007 933 1062 hoc
960 1012 1329 1062 tantummodo
1355 1009 1588 1076 proiicit,
1618 1019 1676 1062 ut
1705 1010 1758 1061 itt
1783 1008 1874 1061 illo
1901 1009 2028 1062 bea-

451 1095 701 1150 titudinis
730 1108 895 1164 regno
921 1097 1118 1165 gradus
1159 1097 1406 1165 superior
1448 1097 1764 1162 acquiratur
1793 1113 1805 1148 :
1840 1089 1934 1149 sed
1959 1097 2029 1151 ad

452 1185 562 1239 hoc
583 1185 762 1248 etiam,
793 1193 851 1236 ut
879 1185 932 1237 itt
958 1186 1057 1238 hac
1080 1185 1194 1253 ipsa
1223 1185 1329 1237 vita
1363 1199 1523 1252 quam
1555 1183 1726 1248 ducis,
1759 1185 1934 1237 omnis
1957 1185 2032 1237 ri-

453 1276 594 1347 gida:
620 1276 954 1329 austeritatis
980 1276 1173 1329 horror
1201 1275 1492 1338 abscedat;
1519 1289 1742 1343 seseque
1773 1272 2030 1343 quidquid

455 1363 1111 1432 districtionis,quidquid
1141 1363 1443 1418 afﬂictiouis
1469 1379 1710 1416 amarum
1734 1363 2029 1426 videbatur,

456 1454 512 1507 in
545 1455 877 1510 dulcedinem
915 1463 1107 1510 vertat.
1149 1456 1282 1510 Cum
1324 1455 1571 1508 videlicet
1627 1469 1779 1508 amor
1828 1453 2030 1518 timori,

453 1526 680 1601 libertas
707 1545 1029 1601 successerit
1069 1545 1338 1606 servituti,
1372 1553 1496 1597 tunc
1521 1547 1820 1598 necessitas
1857 1544 1909 1596 in
1941 1558 2034 1596 vo-

457 1636 716 1690 luntatem
742 1635 995 1696 vertitur,
1022 1644 1076 1688 et
1106 1633 1448 1687 inenarrabili
1480 1635 1760 1686 cbaritatis
1787 1633 2033 1687 incendio

455 1741 625 1780 suave
662 1725 720 1780 fit
762 1735 817 1779 et
852 1723 1148 1792 jucundum
1195 1723 1450 1791 quidquid
1502 1733 1723 1777 eatenus
1751 1723 2033 1778 videbatur

1353 358 1592 416 OPUSC.
1624 357 1738 415 XV.
1767 386 1837 399 —
1857 356 1946 412 DE
1985 355 2372 415 IXSTITUTIS
2406 358 2568 416 οιιι).
2595 355 2874 413 EREMIT.

3587 353 3693 412 3'38

2049 475 2097 535 Α
2130 474 2227 528 bus
2253 481 2614 544 exponuntur.
2666 471 2733 527 Ut
2783 486 2913 542 ergo
2964 469 3226 541 levigctur
3271 468 3421 523 labor
3461 467 3696 535 itineris,

2125 565 2372 620 tendendi
2430 574 2555 619 sunt
2605 564 2746 619 oculi
2795 564 2861 617 ad
2904 563 3148 631 requiem
3196 561 3510 616 mansionis.
3552 561 3697 615 Leve

2125 655 2379 710 nimirum
2411 655 2471 708 tit
2500 669 2660 709 omne
2709 653 2851 723 quod
2901 653 3241 722 peragimuso;
3289 652 3334 705 si
3380 665 3492 719 pra:
3528 650 3699 706 oculis

2125 752 2266 798 meta
2307 755 2522 811 semper
2572 742 2821 806 habetur,
2869 743 2938 794 ad
2985 755 3145 808 quam
3193 739 3529 794 festinamus.
3561 737 3698 791 illud

2125 846 2338 900 quoque
2372 833 2438 884 ad
2478 829 2817 884 allevandum
2863 830 3214 884 districtionis
3253 830 3542 883 eremiticae
3568 843 3701 896 pon-

2128 919 2227 974 dus
2271 933 2378 972 non
2421 919 2771 974 mediocriter
2807 920 3021 987 prolicit
3057 937 3069 971 :
3111 922 3154 972 si
3196 920 3302 973 cibi
3333 919 3596 988 parcioris
3626 919 3702 972 in-

2127 1009 2330 1076 opiam,
2358 1017 2412 1062 et
2453 1015 2612 1076 potus
2639 995 3218 1077 ariditatem,aliaque
3259 1008 3516 1062 nonnulla
3546 1009 3695 1062 carni

2129 1099 2422 1161 contraria,
2449 1098 2669 1151 sibimet
2696 1098 2819 1164 quis
2841 1099 2908 1151 ad
2939 1106 3153 1168 tempus
3179 1098 3386 1152 indicit.
3418 1096 3552 1152 Nam
3575 1113 3699 1152 cum

2129 1187 2469 1256 postmodum
2514 1186 2583 1240 ad
2629 1197 2889 1240 consueta
2933 1191 3244 1249 revertitur,
3297 1188 3703 1242 consuetudinis

2129 1275 2408 1346 regulam,
2479 1277 2815 1330 remissionis
2868 1276 3242 1333 lassitudinem
3289 1277 3706 1333 arbitratur:ct

2130 1366 2416 1421 collatione
2444 1367 2674 1434 quedam
2707 1365 2866 1429 facta,
2895 1367 3100 1421 lucrum
3129 1383 3256 1422 caro
3285 1384 3390 1422 non
3423 1369 3703 1422 minintunt

2131 1456 2374 1524 deputat,
2402 1457 2488 1510 bis
2514 1454 2713 1526 aliquid
2742 1457 3028 1526 adjecisse,
3059 1457 3256 1525 quibus
3289 1467 3416 1513 tunc
3446 1467 3701 1512 contenta

2131 1542 2365 1598 vivebat.

2687 1635 2913 1690 CAPUT
2949 1635 3138 1691 XXVI.

2265 1725 2538 1791 Quomodo
2565 1725 2918 1794 lnrrymarunt
2953 1727 3128 1796 gratia
3157 1729 3318 1796 possit
3351 1728 3572 1788 acquiri.

454 1831 709 1884 asperum
738 1825 792 1868 et
823 1813 1232 1892 dtlrtlllt.’P0|‘l‘0
1264 1813 1584 1868 lsraeliticus
1615 1814 1701 1867 ille
1725 1813 1949 1882 populus
1975 1815 2028 1868 in
2059 1804 2106 1864 Β
2204 1814 2310 1870 Sed
2362 1817 2486 1884 quia
2534 1817 2786 1884 Iacrytnis
2837 1816 3192 1871 insistendum
3242 1832 3362 1872 esse
3406 1819 3705 1884 docuimus,

453 1907 714 1959 vastitate
759 1905 929 1959 eremi
981 1905 1324 1967 constitutus,
1373 1919 1494 1957 cum
1534 1913 1588 1958 et
1635 1904 1686 1957 in
1718 1902 2011 1974 Egyptum

446 1999 565 2068 jam
597 1996 772 2052 redire
801 2013 906 2050 non
939 2005 1138 2064 posset,
1169 2006 1224 2050 et
1252 1998 1427 2048 adhuc
1453 1996 1772 2064 promissam
1810 2005 2027 2058 terram,

457 2088 671 2144 meritis
692 2087 1167 2156 praepedientibus,
1196 2102 1300 2141 non
1333 2087 1560 2141 intraret
1586 2103 1599 2150 ;
1631 2085 1832 2140 laboris
1859 2096 1914 2141 et
1942 2088 2030 2140 iti-

463 2177 612 2233 neris
675 2177 892 2231 taadium
923 2216 937 2240 ,
991 2177 1325 2244 diversaeque
1405 2177 1744 2231 necessitatis
1797 2177 2032 2245 inopiam

453 2264 681 2322 coactus
720 2275 806 2320 est
855 2266 1123 2320 sustinere
1178 2266 1422 2335 (ἔται).
1489 2264 1576 2320 Sic
1630 2267 1905 2329 nimirum,
1954 2267 2034 2343 sic

452 2355 704 2424 quisquis
759 2356 1100 2411 tenebrosam
1159 2356 1340 2409 mundi
1410 2355 1570 2425 hujus
1627 2355 1738 2426 jam
1796 2354 2033 2409 latitudi-

456 2459 583 2498 nem
642 2445 873 2514 sprevit;
930 2445 1023 2499 sed
1079 2446 1253 2500 adhuc
1319 2454 1494 2500 tamen
1559 2446 1625 2500 ad
1689 2444 2033 2514 perfectionis

451 2535 715 2599 culmen,
775 2537 1010 2604 torporis
1066 2536 1321 2590 astrictus
1375 2536 1582 2605 ignavia
1637 2550 1742 2589 non
1795 2536 2030 2603 aspirat:

453 2626 656 2680 multas
692 2640 1075 2688 mrumnarun,
1101 2625 1453 2694 laborumque
1501 2625 1774 2680 molestias
1814 2639 2034 2680 necesse

449 2723 537 2768 est
577 2714 851 2782 perferat:
885 2725 1070 2783 utpote
1110 2717 1248 2769 inter
1293 2725 1580 2784 utrttmque
1617 2715 1937 2775 consistens.
1979 2723 2033 2770 et

458 2807 643 2860 mund.
668 2822 748 2860 na:
817 2808 1191 2874 prosperitatis
1252 2807 1610 2874 qualicunque
1666 2808 2034 2861 consolatione

452 2913 562 2951 non
595 2898 782 2960 utitur,
807 2909 860 2951 et
892 2908 1068 2952 tamen
1094 2899 1269 2953 adhuc
1293 2914 1538 2967 supernte
1565 2895 2034 2966 contemplationis

453 2991 662 3044 lumine
716 2990 917 3058 perfrui
966 3006 1071 3044 nou
1124 3001 1382 3044 tueretur.
1439 2990 1482 3043 Α
1532 2990 1730 3044 mundo
1768 2991 2032 3058 siquidem

453 3080 656 3134 avertit
701 3081 906 3145 oculos,
937 3095 1095 3148 quem
1149 3081 1405 3149 reliquit;
1469 3089 1523 3132 et
1575 3078 1755 3131 lumen
1801 3081 2028 3132 necdum

2133 1915 2528 1975 consequenter
2554 1907 2718 1960 etiam
2743 1908 3015 1975 quomodo
3044 1909 3111 1960 ad
3139 1909 3309 1976 ipsam
3343 1908 3705 1980 lacrytnarum

2133 1999 2363 2066 gratiam
2391 1997 2560 2066 possit
2589 1997 2802 2064 attingi,
2837 2004 2994 2066 prout
3021 2010 3211 2050 carum
3248 1998 3472 2068 largitor
3499 1997 3704 2053 infude-

2135 2087 2227 2148 rit,
2284 2087 2522 2141 breviter
2569 2087 2898 2140 intimetuus.
2949 2087 3209 2157 Quisquis
3261 2103 3392 2158 ergo
3444 2105 3550 2143 non
3599 2099 3709 2142 tam

2136 2175 2289 2227 arido
2321 2174 2484 2229 corde
2527 2188 2780 2240 interere,
2828 2189 2988 2243 quam
3037 2186 3094 2229 et
3137 2176 3497 2246 lacrymarum
3548 2177 3709 2231 inun-

2133 2263 2317 2316 dantia
2356 2264 2556 2330 qumris
2587 2263 2847 2327 affluere;
2883 2277 2990 2316 non
3021 2266 3181 2317 modo
3213 2275 3266 2318 te
3291 2282 3320 2318 a
3359 2267 3585 2333 strepitu
3615 2281 3707 2319 ne~

2135 2354 2400 2421 gotiorum
2451 2353 2793 2408 saecularium
2839 2368 3080 2416 remove,
3131 2354 3222 2408 sed
3250 2353 3530 2408 afraterni
3569 2369 3711 2423 saepe

2135 2443 2389 2512 colloquii
2427 2451 2613 2496 mutua
2662 2451 2713 2496 te
2754 2441 3087 2496 fabulatione
3110 2457 3391 2512 compesce
3420 2461 3432 2496 :
3465 2458 3654 2497 omnes
3679 2458 3709 2496 a

2137 2542 2189 2588 te
2214 2534 2498 2588 mundana.-
2523 2533 2752 2587 actionis
2777 2549 2953 2598 curas,
2985 2545 3038 2586 et
3064 2533 3451 2589 sollicitudines
3473 2544 3713 2602 amputa,

2135 2635 2187 2678 et
2211 2639 2304 2678 eas
2332 2633 2586 2692 tanquam
2615 2623 2872 2678 ruderum
2901 2623 3092 2688 moles,
3123 2635 3177 2678 et
3199 2634 3406 2679 meatus
3432 2622 3712 2677 obstacula

2136 2715 2203 2768 ab
2249 2715 2518 2768 obstructi
2570 2713 2736 2768 fontis
2782 2715 3074 2783 spiramine
3129 2715 3452 2768 submovere
3492 2713 3709 2768 festina.

2137 2803 2290 2858 Sicut
2341 2806 2483 2858 enim
2539 2804 2591 2856 in
2641 2818 2872 2857 caverna
2924 2815 3083 2857 teme
3132 2805 3199 2858 de
3246 2804 3442 2873 abysso
3488 2802 3712 2858 veniens

2136 2909 2271 2962 aqua
2312 2893 2613 2962 colligitur;
2650 2896 2742 2947 sel
2775 2893 3020 2946 obicibus
3050 2908 3334 2962 oppressa,
3363 2909 3467 2945 non
3505 2891 3708 2956 effluit;

2135 2986 2212 3039 sic
2239 2985 2292 3037 in
2327 2985 2564 3038 humano
2588 2985 2751 3039 corde
2776 2979 3116 3037 considet‘ata
3150 2983 3513 3052 profunditate
3544 2984 3710 3038 divini

2130 3075 2318 3143 judicii
2365 3074 2584 3129 tristitia
2633 3074 2896 3137 nascitur,
2925 3088 3045 3142 qua:
3083 3083 3263 3128 tamen
3295 3090 3390 3143 per
3425 3073 3606 3128 fletum
3636 3073 3714 3127 la-

452 3171 601 3222 valet
623 3168 830 3234 videre,
860 3169 1002 3235 quod
1037 3170 1256 3238 qtttcril;
1306 3183 1408 3222 non
1436 3167 1596 3222 habet
1615 3167 1729 3237 jam
1757 3167 1824 3220 de
1862 3182 2031 3222 saecu-
2058 3159 2102 3222 C
2133 3164 2333 3234 crymis
2353 3165 2760 3232 erumpentibus
2781 3179 2887 3218 non
2913 3173 3162 3229 emanat;
3183 3164 3227 3217 si
3256 3159 3593 3218 terrénorum
3617 3179 3713 3218 ac-

454 3263 556 3316 lari
574 3261 928 3316 delectatione
953 3260 1090 3326 quod
1105 3261 1327 3326 gaudeat
1342 3299 1354 3319 ,
1375 3270 1428 3311 et
1449 3258 1780 3326 Spiritualem
1795 3258 2032 3311 lretitiam

452 3370 564 3408 non
589 3351 855 3422 degustat,
876 3351 942 3404 ad
969 3365 1130 3418 quam
1160 3349 1403 3403 videlicet
1428 3363 1532 3402 non
1565 3349 1801 3416 ingenuo
1821 3349 2034 3404 fervore

454 3445 699 3500 festinat.
1214 3494 1216 3496 ,

524 3533 886 3602 Quapropter,
914 3537 1009 3584 aut
1042 3530 1112 3583 ad
1135 3527 1516 3599 perfectionem
1555 3527 1680 3582 totis
1707 3527 1914 3582 nisibus
1929 3527 2035 3582 ela-

452 3623 755 3678 borandum
783 3629 888 3685 est,
921 3630 1014 3674 aut
1052 3620 1216 3674 multa
1251 3619 1618 3674 calamitatum
1648 3619 2036 3674 tentationum-

455 3729 562 3780 qtte
593 3713 750 3766 taedia
795 3707 1133 3781 perferenda.
1165 3711 1364 3764 Durum
1389 3723 1518 3764 sane
1544 3717 1628 3762 est
1649 3694 2034 3778 regalis'curiat

458 3801 707 3854 militiam
769 3800 1079 3854 sustinere:
1131 3809 1186 3852 at
1241 3809 1523 3868 postquam
1587 3798 1816 3867 gratiam
1873 3798 2034 3866 Regis

453 3893 709 3958 adeptus,
753 3889 871 3958 ejus
900 3890 1129 3956 cmperis
1177 3887 1334 3942 lateri
1385 3887 1703 3940 familiarius
1735 3887 2028 3950 adhzerere,

455 3978 762 4032 cubiculum
816 3975 1152 4044 frequentius
1195 3975 1421 4046 ingredi,
1471 3984 1650 4029 astare
1696 3976 2032 4043 conspectui,

456 4076 644 4122 mutua
676 4068 906 4122 miscere
933 4064 1212 4132 colloquia,
1229 4067 1454 4134 privatis
1481 4065 1742 4120 interesse
1761 4065 2030 4130 consiliis;

457 4165 606 4211 totus
632 4171 753 4209 mox
786 4154 874 4208 ille
903 4153 1105 4208 militia:
1128 4153 1280 4207 labor
1313 4153 1500 4215 dulcis,
1529 4164 1582 4208 et
1605 4167 1849 4208 amantis
1874 4152 2034 4209 cilici-

456 4255 568 4307 tur,
603 4244 1010 4311 inquietumque
1058 4243 1329 4311 negotium
1374 4243 1564 4311 quavis
1605 4243 1785 4310 quiete
1817 4245 2036 4299 suavius

455 4337 764 4406 deputatur.
819 4333 1082 4387 Nimirum
1133 4333 1248 4386 sine
1290 4333 1470 4386 labore
1510 4332 1752 4397 laboras,
1782 4333 1899 4386 sine
1923 4348 2036 4387 mo-

457 4425 615 4477 lestia
649 4423 876 4490 satagis,
898 4422 1017 4474 sine
1043 4421 1326 4473 vexatione
1359 4422 1639 4474 discurris.

2137 3265 2283 3307 tuum
2308 3254 2584 3307 sufﬂanten
2606 3255 2861 3308 obsistat:
2888 3256 3108 3308 tristitia
3142 3257 3338 3323 quippe
3357 3255 3714 3323 lacryntarum

2134 3347 2359 3399 materia
2391 3354 2474 3398 est
2500 3363 2512 3398 :
2539 3347 2632 3399 sed
2655 3360 2713 3398 ut
2736 3346 2895 3412 hujus
2929 3346 3090 3400 fontis
3117 3349 3285 3415 possit
3312 3348 3542 3400 ubertim
3577 3363 3717 3401 vena

2134 3435 2430 3502 profluere,
2461 3443 2653 3504 satage
2677 3443 2871 3489 cuncta
2899 3437 3102 3504 negotii
3131 3437 3404 3490 saecularis
3436 3438 3715 3491 obstacula

2136 3539 2436 3590 removere,
2465 3533 2516 3580 et
2538 3534 2598 3578 ιιι
2634 3525 2777 3594 quod
2815 3525 3130 3594 frequenter
3154 3537 3572 3594 expertus'sum,
3607 3546 3715 3585 neti

2136 3614 2425 3676 omittam;
2454 3613 2568 3682 ipse
2614 3627 2828 3682 quoque
2885 3614 3184 3682 spiritualis
3231 3616 3397 3680 zelus,
3431 3619 3715 3687 disciplina

2136 3704 2586 3767 commissorum,
2650 3703 2926 3774 correptio
2977 3704 3452 3773 delinquentium,
3517 3720 3717 3764 sancize

2133 3793 2533 3863 praedicationis
2559 3792 2874 3860 alloquium,
2922 3795 3053 3857 haec,
3084 3805 3139 3848 et
3169 3797 3253 3850 Itis
3276 3797 3471 3850 similia
3498 3802 3716 3853 tametsi

2135 3890 2322 3934 sancta
2354 3881 2480 3945 sirit,
2523 3892 2578 3935 et
2605 3882 2782 3935 divina
2816 3897 3040 3950 prorsus
3069 3869 3395 3941 auctoritate
3439 3889 3716 3956 mandata,

2133 3971 2497 4040 lacrymarum
2538 3982 2715 4026 tamen
2758 3972 2943 4042 procul
2974 3973 3136 4028 dubio
3161 3986 3460 4032 noscuntur
3493 3979 3720 4048 impedi-

2133 4069 2338 4115 menta.

2207 4151 2264 4205 Si
2298 4153 2469 4222 igitur
2496 4152 2562 4207 ad
2610 4153 2976 4226 lacrymarum
3027 4157 3259 4228 gratiam
3305 4163 3391 4230 pia
3429 4164 3508 4218 vis
3537 4165 3715 4220 inten-

2138 4241 2281 4297 tione
2302 4244 2631 4314 pertingere,
2665 4260 2772 4336 ποθι
2804 4246 2978 4301 solum
3008 4263 3038 4302 a
3073 4235 3308 4306 terretiis
3343 4257 3588 4324 negotiis,
3621 4261 3716 4313 sed

2135 4348 2166 4386 a
2193 4333 2548 4400 quorumdam
2574 4340 2624 4387 te
2639 4332 2928 4402 aliquando
2949 4337 3308 4404 spiritualium
3332 4345 3714 4402 exercitiorum

2135 4421 2538 4476 exsecutionem
2573 4438 2875 4492 compesce.
2916 4425 3172 4482 Malitiam
3212 4445 3447 4501 quoque.
3478 4435 3616 4489 iram
3661 4449 3717 4493 et

529 4513 746 4567 Festina
799 4526 930 4580 ergo
979 4513 1231 4563 vitiorum
1283 4513 1564 4578 passiones
1614 4512 1835 4574 elidere,
1887 4521 1942 4564 ιιι
1980 4513 2031 4565 in
2065 4487 2109 4544 υ
2137 4512 2408 4574 odium,et
2428 4512 2661 4580 reliquas
2684 4515 2936 4568 vitiorum
2966 4528 3145 4584 pestes
3173 4487 3412 4576 deant-ro
3441 4525 3512 4576 tni
3536 4529 3716 4582 cordis

458 4605 761 4660 cubiculum
829 4603 988 4672 licgis
1051 4604 1356 4666 admissus,
1422 4607 1467 4656 ei
1535 4605 1714 4658 valcas
1780 4614 2031 4672 tanquam

458 4695 786 4749 domesticus
849 4693 1154 4752 adhaerere;
1221 4702 1272 4745 et
1345 4693 1538 4746 mentis
1599 4703 1700 4746 tua:
1763 4695 1906 4747 acies
1969 4708 2034 4746 co

459 4785 683 4838 liberius
743 4785 794 4836 in
852 4781 986 4834 lucis
1045 4783 1330 4835 Auctorem
1391 4785 1674 4848 intendat,
1714 4799 1821 4852 quo
1888 4795 2029 4837 tene-

456 4877 618 4930 brosa
678 4877 1152 4944 pltantasmatunt,
1221 4892 1588 4944 variarumque
1649 4877 2032 4946 cogitationum

457 4966 618 5037 352
647 4968 816 5035 caligo
841 4981 944 5020 non
972 4969 1170 5020 obstat.
1195 4965 1347 5036 Smpc
1381 4979 1560 5022 autem
1593 4969 1716 5020 dum
1751 4968 2032 5035 multiplici

461 5056 817 5107 tentationum
864 5054 1143 5108 obsidione
1200 5057 1482 5116 vallatnur,
1537 5055 1732 5107 divinat
1785 5064 2029 5122 respectu

457 5147 756 5200 clementia:
794 5156 1012 5212 repente
1045 5146 1096 5196 in
1133 5147 1642 5214 contemplationem
1677 5145 1933 5212 rapituur.
1967 5145 2035 5197 Et

457 5237 536 5290 sic
587 5236 731 5289 velut
764 5237 902 5287 intra
938 5235 1316 5298 ᾱὶινρτδονίιιιιι,
1356 5236 1696 5301 magniﬁcam
1726 5234 1886 5304 Regis
1915 5235 2030 5303 glo-

461 5329 592 5382 riam
624 5342 720 5394 per
741 5325 980 5378 occultas
1025 5325 1187 5378 rimas
1236 5328 1579 5394 inspicimus;
1632 5328 1758 5378 dunt
1805 5339 2031 5393 corpore

459 5416 588 5471 foris
645 5418 860 5484 posito,
921 5426 1197 5469 venter-unt
1249 5420 1550 5483 procellas,
1613 5426 1666 5470 et
1729 5418 2027 5485 pluviarum

459 5506 834 5559 inundantium
885 5506 1124 5558 turbines
1161 5508 1510 5561 sustinemus.
1541 5509 1734 5576 Sicque
1766 5511 2027 5577 quodam-

457 5595 617 5648 modo
664 5595 810 5647 solus
857 5594 1043 5648 oculus
1089 5596 1398 5650 deliciarum
1446 5600 1704 5666 regalium
1757 5601 2029 5670 voluptate

457 5684 771 5751 perfruitur,
806 5685 928 5738 dntn
963 5687 1200 5740 membra
1242 5700 1434 5744 cmlera
1468 5689 1649 5744 flabris
1688 5700 1740 5745 et
1777 5695 2028 5748 Cruciati-

2139 4602 2391 4665 elimina;
2423 4619 2489 4657 ne
2527 4604 2572 4656 si
2608 4614 2660 4657 te
2710 4608 3016 4660 accusatrix
3064 4611 3392 4664 conscientia
3444 4612 3581 4668 forte
3631 4633 3715 4670 re-

2140 4694 2404 4750 mordeat.
2438 4708 2590 4747 mens
2621 4703 2708 4746 tua
2740 4695 2916 4749 intimi
2964 4699 3103 4751 roris
3138 4700 3445 4755 vacuefacta
3475 4705 3712 4760 madoriv

2139 4783 2255 4844 bus,
2279 4787 2528 4838 ariditate
2542 4786 2846 4840 formidinis
2862 4789 3228 4854 contabescat,
3246 4793 3458 4848 dicente
3473 4795 3713 4866 Scriptu.

2141 4892 2230 4929 ra:
2257 4895 2272 4926 ι
2294 4875 2684 4930 Arescentibus
2697 4875 3133 4947 homiribusprze
3152 4882 3342 4935 titnore
3362 4882 3507 4949 (Luc.
3527 4889 3660 4953 ut).
3687 4909 3706 4940 ι

2139 4967 2454 5020 Sanctitatis
2497 4967 2694 5035 quippe
2728 4968 3018 5034 fiducia,et
3054 4971 3208 5025 testis
3234 4971 3553 5030 innocentia:
3582 4993 3708 5033 can.

2135 5057 2296 5129 353
2332 5057 2556 5112 scientia
2599 5073 2790 5126 puram
2838 5069 3071 5113 mentem
3113 5062 3430 5130 quibusdam
3473 5054 3714 5125 ccclcstis

2135 5150 2319 5218 gratim
2349 5148 2533 5201 rivulis
2560 5147 2767 5217 irrigat,
2815 5155 2868 5200 et
2904 5148 3121 5204 resolvit
3152 5151 3204 5206 in
3243 5151 3534 5223 lacrymas,
3563 5159 3712 5212 duri-

2136 5239 2263 5290 tiant
2296 5238 2527 5305 squalidi
2562 5239 2742 5290 cordis
2774 5238 2998 5302 emollit,
3031 5250 3086 5293 et
3127 5241 3427 5310 profluendi
3467 5258 3706 5302 meatum

2133 5326 2346 5381 fletibus
2367 5329 2556 5393 aperit.
2583 5326 2664 5379 Sit
2687 5341 2817 5395 ergo
2837 5329 3165 5382 conscientia
3191 5339 3277 5386 tua
3301 5349 3458 5402 pura,
3483 5338 3704 5402 munda,

2136 5420 2334 5480 niti-la;
2366 5420 2434 5470 sit
2479 5419 2710 5481 sincera,
2746 5435 2954 5486 azyma,
2988 5429 3150 5488 atque
3189 5423 3256 5477 ab
3295 5427 3439 5477 omni
3473 5427 3588 5480 labe
3616 5445 3708 5484 nec

2135 5510 2426 5577 quitiarnm
2464 5508 2820 5576 spiritualium
2863 5508 3119 5564 defaecata
3150 5529 3162 5564 :
3207 5523 3261 5566 et
3295 5530 3417 5570 cum
3451 5533 3707 5586 compun-

2081 5638 2090 5646 -
2134 5606 2242 5658 ctin
2268 5605 2444 5657 cordis
2477 5620 2760 5674 erumpere
2801 5616 3077 5675 properat,
3111 5608 3244 5664 obex
3284 5611 3550 5666 mordacis
3576 5628 3707 5666 conc

2133 5696 2373 5750 scientia:
2409 5711 2513 5748 non
2540 5697 2798 5761 obsistat;
2838 5713 2968 5751 neve
2995 5713 3090 5751 cur
3119 5701 3368 5768 pavidum
3399 5702 3570 5770 dign-.1:
3599 5703 3706 5758 for-
