5514 6642
102 0 1670 230 ν

13 6338 875 6530 μμ

2122 460 2228 522 559

2580 456 2863 514 S.PETRI
2897 452 3177 511 DAMIAM
3208 449 3356 511 OPP.
3390 452 3620 511 TOMUS
3658 451 3789 507 SEU
3827 450 4005 506 PARS
4042 449 4126 505 Ill.
4155 480 4224 491 —
4257 447 4619 507 OPUSCL‘LA
4660 446 4887 503 VAl'llA.

5248 446 5342 505 360

2121 578 2344 635 midinis
2371 576 2520 646 algor
2541 573 2863 643 obstringat,
2894 580 2947 624 et
2977 568 3336 637 lacrymarum
3368 581 3505 636 aqua
3534 579 3685 618 versa
3718 572 3760 625 Λ
3791 562 3975 617 facete
4004 562 4301 618 dicacitatis
4329 562 4653 622 urbanitate,
4694 560 5058 614 Democritum
5082 558 5338 614 ostendas.

2124 671 2177 726 in
2208 670 2431 737 glaciem
2462 681 2567 721 non
2596 657 2822 719 currat:
2867 676 3180 731 quanquam
3216 668 3269 713 et
3304 668 3478 713 metus
3504 656 3688 710 crimi-

2121 776 2247 815 num
2280 755 2745 826 compunctionem
2775 751 3065 820 aliquando
3096 750 3270 819 pariat
3303 748 3684 816 lacrymarum.

2191 850 2298 904 Sed
2324 848 2470 901 aliud
2493 856 2574 901 est
2602 847 2764 900 timor
2786 842 3021 907 servilis,
3050 840 3190 893 aliud
3213 838 3384 909 gratia
3408 834 3685 905 spiritalis,

2119 958 2225 1013 qua
2251 941 2503 995 videlicet
2532 938 2842 991 holocausta
2883 933 3170 989 medullata
3207 932 3317 985 Deo
3346 944 3507 998 super
3537 942 3686 982 aram

2118 1033 2338 1090 contriti
2374 1031 2550 1085 cordis
2580 1022 2894 1082 oll‘erimus:
2924 1035 2995 1079 iet
3039 1025 3233 1093 pingue
3276 1019 3601 1075 sacriﬁcium
3633 1017 3686 1072 in

2119 1127 2335 1180 odorem
2362 1120 2642 1174 suavitatis
2662 1118 2955 1174 salubriter
2974 1113 3263 1167 adolemus.
3279 1109 3410 1178 Quae
3431 1110 3686 1165 nimirum

2117 1215 2289 1271 sancti
2320 1212 2554 1283 Spiritus
2598 1210 2771 1281 gratia
2801 1208 2847 1263 si
2895 1205 3145 1268 defuerit,
3184 1204 3311 1258 licet
3347 1211 3584 1257 mentem
3617 1200 3686 1254 ad

2116 1318 2405 1374 supernam
2447 1302 2671 1371 gloriam
2708 1299 2829 1367 quis
2875 1295 3159 1352 sublevare
3204 1294 3527 1358 contendat;
3562 1290 3687 1345 licet

2118 1395 2375 1465 gehennre
2403 1390 2685 1461 supplicia,
2721 1386 2806 1443 vel
2830 1384 3100 1457 praeterita
3129 1391 3351 1452 peccata
3390 1380 3457 1435 ad
3486 1392 3686 1434 memo-

2113 1488 2253 1543 riam
2287 1484 2529 1547 reducat,
2558 1480 2640 1535 vel
2671 1479 2835 1535 etiam
2864 1476 3159 1532 Dominicte
3187 1472 3456 1543 passionis
3486 1477 3687 1540 myste-

2114 1578 2194 1631 ria
2224 1573 2459 1636 recolat;
2491 1578 2711 1642 propter
2736 1568 2850 1623 hac
2875 1575 3053 1620 tamen
3095 1562 3273 1619 omnia
3299 1562 3548 1631 lacrymz
3576 1574 3682 1612 non

2113 1670 2421 1732 erumpunt,
2460 1661 2543 1715 cui
2593 1659 2791 1715 mentis
2828 1671 3026 1711 arcana
3077 1652 3312 1723 peccatis
3349 1649 3683 1720 exigentibus

2110 1756 2496 1810 obdurescunt.
2534 1752 2613 1805 Tu
2655 1759 2857 1813 autem,
2904 1748 3043 1801 sicut
3072 1745 3311 1814 prudens
3340 1752 3394 1795 et
3424 1754 3685 1811 operosus

2113 1844 2373 1915 agricola,
2407 1856 2595 1911 agrum
2641 1849 2789 1893 tuum
2831 1836 3199 1891 indesinenter
3234 1846 3449 1894 exerce,
3484 1839 3680 1884 terrain

2114 1937 2190 1990 tui
2241 1933 2439 1996 cordis,
2490 1941 2544 1985 et
2590 1928 2829 1997 corporis
2877 1939 3095 1981 vomere
3145 1932 3345 1979 sancta:
3390 1921 3681 1990 disciplina:

2114 2025 2418 2097 proscinde,
2451 2023 2635 2093 glebas
2665 2020 2877 2074 duritia
2915 2017 3220 2072 minutatim
3253 2027 3493 2080 contere,
3525 2014 3682 2069 vitio-

2113 2130 2234 2169 rum
2256 2128 2448 2183 vepres
2475 2112 2777 2179 exstirpare
2799 2110 3102 2169 contende;
3132 2116 3187 2161 et
3211 2108 3289 2160 sic
3315 2115 3533 2173 paratus
3557 2118 3682 2173 quo.

2115 2206 2264 2267 tidie,
2302 2204 2466 2258 tensis
2516 2204 2567 2256 in
2593 2201 2785 2255 ccelum
2827 2199 3000 2253 oculis
3046 2197 3261 2267 superni
3301 2196 3487 2249 imbris
3520 2195 3680 2247 inuu-

2112 2297 2350 2353 dantiam
2374 2293 2707 2365 prtestolare.
2736 2291 2867 2343 Nam
2892 2305 3133 2344 summus
3157 2288 3395 2350 Arbiter,
3424 2287 3509 2339 ille
3536 2286 3683 2339 vide-

2110 2388 2237 2443 licet
2263 2386 2506 2441 occultus
2534 2383 2825 2451 inspector.
2851 2380 2939 2449 qui
2977 2380 3084 2432 stat
3120 2387 3240 2445 post
3283 2377 3538 2445 parietem
3585 2390 3682 2439 uo-

2110 2486 2301 2539 strum,
2336 2495 2354 2526 ι
2394 2474 2683 2541 respiciens
2711 2485 2808 2538 per
2848 2470 3164 2527 fenestram,
3212 2466 3542 2533 prOSpiciens
3588 2478 3683 2531 per

2108 2566 2380 2623 cancellos
2402 2562 2578 2635 (Cant.
2607 2560 2731 2631 ιι);υ
2767 2560 2890 2613 licet
2911 2559 2977 2611 ad
3002 2566 3211 2623 tempus
3239 2569 3429 2623 aquam
3461 2553 3681 2619 provida

2112 2656 2509 2725 dispensatione
2533 2652 2803 2707 contineat
2836 2664 2852 2702 :
2885 2649 2929 2701 si
2959 2657 3009 2700 te
3042 2648 3119 2700 sic
3151 2646 3375 2699 solerter
3413 2654 3678 2714 agentem,

2109 2764 2177 2801 ac
2237 2747 2445 2815 vigilem
2488 2758 2610 2799 esse
2654 2740 3033 2808 conspexerit,
3080 2752 3267 2804 agrum
3328 2737 3379 2789 in
3439 2736 3681 2803 proximo

2108 2827 2362 2891 uberibus
2390 2833 2589 2903 pr0prii
2618 2828 2963 2885 charismatis
3003 2827 3265 2880 imbribus
3308 2826 3586 2893 lrrigubil;
3627 2832 3680 2877 et

2107 2927 2183 2981 ita
2228 2923 2455 2978 diversis
2496 2921 2757 2974 virtutum
2803 2916 3026 2971 ﬂoribus
3075 2930 3205 2985 ager
3249 2913 3531 2969 ornabitur
3566 2927 3581 2964 :
3623 2920 3681 2965 ut

2105 3015 2199 3085 qui
2224 3022 2447 3068 eatenus
2473 3010 2747 3079 squalidus
2774 3022 2838 3061 ac
2864 3005 3073 3061 sterilis
3095 3005 3397 3067 videbatur,
3423 3004 3532 3070 jam
3559 3018 3681 3071 pro-

2106 3114 2271 3159 ventu
2300 3101 2708 3158 exuberantium
2740 3108 2981 3168 segetum
3012 3095 3262 3148 feraciter
3291 3094 3607 3147 cuiuuletur.

2661 3206 2886 3263 CAPUT
2924 3206 3134 3262 XXVII.

2178 3305 2254 3360 De
2285 3281 2657 3375 perseverando
2695 3301 2754 3380 ira
2787 3314 2847 3352 eo
2885 3300 3000 3378 vius
3035 3297 3189 3378 modo
3213 3336 3228 3361 ,
3266 3312 3417 3365 quem
3454 3294 3609 3349 seuiel

2667 3379 2782 3439 quis
2821 3379 3120 3436 arripuerit.

2176 3466 2440 3521 Pmtem
2486 3462 2607 3517 vita:
2649 3462 2863 3515 modum
2888 3498 2904 3523 ,
2944 3474 3103 3529 quem
3148 3456 3315 3513 semel
3361 3457 3675 3526 arripueris,

2102 3565 2514 3630 perseveranter
2546 3563 2669 3608 tene
2693 3591 2709 3617 ,
2749 3558 3062 3606 constanter
3089 3563 3385 3619 exsequere
3408 3587 3423 3611 ,
3464 3562 3531 3601 ne
3564 3562 3681 3601 SCO-

2107 3651 2251 3715 nica,
2281 3648 2422 3719 quod
2457 3646 2621 3709 absit,
2649 3659 2679 3698 a
2710 3642 2991 3713 temetipso
3011 3639 3246 3695 videaris
3274 3639 3536 3708 vertigine
3571 3638 3681 3691 dis-

2109 3753 2355 3807 crepare.
2404 3735 2537 3790 Nolo
2587 3734 2745 3805 igitur
2794 3731 2934 3785 male
2973 3730 3207 3784 volantis
3253 3728 3390 3782 Icari
3432 3728 3678 3796 sequaris

2105 3828 2408 3900 exemplum
2435 3844 2449 3880 :
2481 3826 2571 3895 qui
2614 3824 2866 3877 nimirum
2905 3822 3031 3876 dum
3069 3820 3229 3875 modo
3268 3834 3476 3874 summa
3522 3834 3681 3888 pene-

2108 3930 2239 3989 trat,
2267 3920 2426 3974 modo
2454 3916 2691 3971 dimissis
2720 3915 2821 3969 alis
2850 3914 2903 3967 in
2939 3914 3042 3967 ima
3072 3913 3328 3978 declinat,
3362 3913 3676 3967 inconstan-

2108 4014 2199 4067 tia:
2248 4026 2357 4066 suae
2400 4008 2679 4063 diﬂ'renata
2722 4006 2943 4061 libertas
2990 4006 3045 4058 in
3096 4004 3297 4059 hiantis
3341 4019 3465 4058 eum
3506 4003 3679 4071 pelagi

2106 4099 2371 4169 profunda
2404 4096 2721 4165 praecipitat,
2771 4109 2839 4148 ne
2869 4092 3046 4157 forte;
3085 4092 3227 4161 quod
3272 4092 3487 4157 dicitur,
3539 4092 3676 4146 mul-

2112 4191 2384 4246 tioolorem
2435 4197 2486 4242 te
2527 4196 2722 4241 nutans
2768 4185 3100 4238 mutabilitas
3146 4183 3372 4247 reddat;
3417 4184 3510 4239 sed
3561 4184 3679 4238 uni-

2108 4280 2336 4335 formem
2390 4280 2587 4354 potius.
2616 4284 2787 4331 status
2837 4275 3115 4346 gravitatis
3160 4274 3430 4330 exhibeat.
3488 4275 3677 4330 Perse-

2107 4386 2238 4426 vera
2278 4370 2459 4438 itaque
2512 4370 2566 4423 in
2603 4383 2681 4423 eo
2708 4366 2851 4435 quod
2897 4368 3167 4436 caperis,
3209 4374 3263 4421 et
3306 4375 3505 4421 rectam
3550 4382 3681 4421 con-

2110 4470 2277 4518 sueta:
2305 4462 2425 4514 vitae
2469 4459 2663 4513 lineam
2707 4466 2863 4519 tene;
2907 4472 2971 4511 ne
3011 4466 3063 4509 te
3106 4472 3300 4510 novum
3344 4471 3558 4524 semper
3591 4472 3681 4510 va-

3797 669 3814 701 r
3844 651 3977 718 Quis
4001 654 4142 706 enim
4170 664 4465 706 consensus
4512 649 4709 717 templo
4736 648 4828 702 Dei
4852 664 4973 702 cum
5004 646 5198 702 idolis?
5226 648 5341 713 Quae

3787 743 4016 797 societas
4044 744 4149 798 luci
4174 744 4241 799 ad
4278 742 4571 797 tenebras?
4602 740 4713 794 Deo
4734 740 4798 794 ad
4826 740 5033 794 Bclial?
5072 760 5088 791 ο
5119 738 5166 810 (1
5176 739 5198 792 1
5228 738 5340 796 Cor.

3788 831 3884 897 vr.)
3923 849 3942 881 σ
3988 831 4251 887 Modicum
4290 850 4309 883 ι
4343 830 4486 885 enim
4527 849 4544 880 ι
4575 828 4895 884 fermentum
4929 837 5093 882 totam
5124 843 5342 882 massam

3787 918 4155 987 corrumpitU
4182 916 4398 987 Conv).
4432 937 4451 970 ι
4494 916 4586 973 Sic
4645 918 4808 988 igitur
4852 932 4981 987 ager
5025 917 5216 971 animte
5252 926 5343 972 tua:

3786 1009 4049 1060 virtutum
4081 1006 4359 1076 segetibus
4403 1006 4615 1074 ﬂoreat,
4642 1017 4701 1060 ut
4732 1022 5069 1076 nequaquam
5117 1008 5341 1079 veprium

3785 1099 3958 1155 aculei
3996 1116 4094 1170 per
4124 1101 4386 1155 incuriam
4417 1100 4813 1155 inhorrescant.
4843 1098 4935 1153 Sic
4962 1114 5027 1153 ex
5059 1113 5161 1152 una
5202 1109 5342 1168 parte

3786 1189 4054 1244 rectitudo
4104 1189 4349 1245 videntes
4402 1188 4632 1245 edificet
4687 1206 4702 1255 ;
4761 1198 4820 1243 ut
4874 1203 4939 1242 ex
4989 1186 5157 1242 altera
5223 1188 5342 1242 vitio

3784 1288 4120 1350 emergente,
4164 1278 4311 1333 velut
4357 1278 4593 1348 impacto
4624 1280 4815 1344 ariete,
4845 1278 4987 1347 quod
5032 1275 5340 1332 aediﬁcatum

3782 1374 3885 1430 est,
3919 1381 4027 1421 non
4070 1367 4307 1422 vacillet.
4357 1361 4487 1423 Bito
4532 1368 4715 1439 itaque
4746 1367 4923 1437 gravis
4969 1366 5201 1429 incessu.
5234 1381 5340 1420 ma.

3788 1466 3943 1513 turus
3988 1458 4040 1511 in
4088 1458 4274 1521 verbo,
4324 1457 4476 1527 piger
4527 1457 4596 1512 ad
4641 1457 4955 1521 vindictam,
4994 1455 5147 1511 velox
5174 1455 5239 1509 ad
5266 1455 5340 1508 in-

3783 1547 4103 1619 dulgendam
4156 1546 4544 1617 penitentibus
4605 1548 4838 1602 veniam.
4892 1546 4949 1600 lu
5002 1545 5248 1601 omnibus
5299 1553 5344 1599 te

3784 1642 3983 1695 exhibe
4033 1649 4418 1696 consummat:
4450 1642 4668 1723 virtutis
4705 1640 5032 1711 exemplum,
5076 1647 5152 1704 et,
5191 1638 5345 1692 utdio

3781 1731 3944 1796 citur,
3976 1733 4209 1801 undique
4243 1741 4293 1787 te
4329 1732 4510 1801 praebe
4546 1742 4791 1796 teretem,
4821 1741 4983 1802 atque
5017 1731 5297 1785 rotundum
5325 1745 5337 1781 :

3784 1831 3843 1875 ut
3867 1822 4060 1876 malleo
4088 1836 4230 1876 nunc
4265 1823 4558 1892 disciplina:
4590 1832 4883 1891 contusus,
4930 1830 4985 1877 et
5017 1822 5143 1876 lima
5184 1821 5344 1890 paeni-

3714 1902 3757 1961 B
3786 1914 3983 1977 tentias,
4031 1913 4310 1982 sanctique
4344 1913 4655 1970 certaminis
4684 1915 4975 1983 expolitus,
5010 1912 5337 1983 postmodum

3786 2004 3902 2057 sine
3934 2004 4151 2069 tinnitu,
4188 2004 4269 2059 vel
4297 2004 4524 2075 strepitu
4552 2005 4775 2074 ponaris
4802 2003 4854 2057 iu
4900 2002 5089 2057 ordine
5119 2000 5342 2071 lapidum

3782 2094 4093 2163 ignitorum.

4266 2220 4274 2225 ·
4322 2200 4549 2257 CAPUT
4586 2199 4821 2255 XXVIII.

3784 2294 3969 2361 Qualis
4003 2295 4143 2363 eligi,
4187 2302 4235 2348 et
4262 2294 4433 2364 qualis
4466 2310 4575 2348 esse
4611 2295 4792 2348 debeat
4832 2294 5161 2348 eramitaruus
5189 2295 5341 2361 prior.

3853 2384 3989 2450 Quia
4024 2385 4185 2453 igitur
4214 2398 4311 2451 pro
4353 2383 4477 2453 styli
4512 2384 4833 2453 compendio
4866 2382 5095 2453 qualiter
5125 2398 5342 2437 conver—

3784 2476 3891 2526 sari
3926 2473 4115 2526 debeat
4144 2471 4392 2536 eremita,
4425 2480 4695 2540 utcunque
4721 2473 5137 2543 descripsimus;
5175 2474 5343 2542 qualis

3783 2562 3944 2615 etiam
3976 2576 4093 2615 esse
4120 2562 4467 2615 cremitarum
4499 2562 4647 2630 prior
4670 2564 4938 2631 expediat,
4969 2564 5019 2615 in
5051 2564 5195 2618 calce
5220 2579 5346 2633 npu-

3782 2652 3911 2707 sculi
3965 2654 4197 2706 breviter
4241 2663 4614 2709 aunectamus.
4664 2652 4775 2709 Nec
4825 2655 5079 2710 dicendus
5108 2664 5190 2710 est
5215 2657 5343 2711 ordo

3782 2754 4158 2813 praeposterus,
4190 2743 4233 2797 si
4274 2742 4320 2796 is
4346 2744 4436 2813 qui
4468 2742 4643 2799 oﬂicio
4692 2743 4904 2798 futurus
4930 2753 5012 2799 est
5037 2744 5262 2814 primus,
5296 2746 5343 2797 iu

3782 2833 4139 2901 descriptione
4169 2831 4364 2900 regulae
4390 2841 4621 2901 ponatur
4644 2841 4950 2899 extremus;
4978 2847 5099 2886 cum
5126 2843 5178 2886 et
5206 2833 5346 2901 prius

3782 2924 3974 2977 debeat
4019 2925 4069 2975 in
4100 2922 4286 2976 eodem
4333 2924 4614 2992 proposito
4644 2923 4826 2978 vivere
4850 2961 4867 2990 ,
4915 2937 5076 2993 quam
5100 2937 5343 2991 praeesse.

3782 3013 4133 3078 omniumque
4159 3024 4217 3065 se
4242 3012 4483 3079 praebere
4515 3011 4707 3066 debeat
4735 3010 5039 3071 minimum.
5066 3012 5155 3079 qui
5187 3012 5237 3064 in
5268 3024 5345 3063 re-

3787 3100 3985 3168 gimine
4020 3100 4225 3152 \iJetur
4247 3114 4366 3153 esse
4389 3100 4660 3169 praelatus.
4704 3099 5011 3156 Cavendum
5038 3102 5219 3169 itaque
5250 3110 5345 3163 est,

3786 3205 3854 3244 ne
3878 3190 3944 3243 de
3972 3190 4336 3243 monasteriali
4383 3190 4572 3244 ordine
4616 3190 4765 3259 prior
4792 3189 5021 3260 eligatur
5066 3191 5206 3243 inter
5234 3205 5347 3245 ere-

3782 3282 3969 3343 atitas;
4018 3280 4145 3333 licet
4170 3281 4427 3350 prudens,
4458 3289 4515 3335 et
4555 3280 4765 3348 doctus,
4794 3281 4878 3335 vel
4909 3281 5242 3353 regularibus
5266 3282 5347 3334 (Ιί-

3778 3372 4021 3441 sciplinis
4049 3371 4293 3425 videatur
4340 3364 4657 3427 instructus.
4693 3370 4800 3429 Sed
4829 3388 4898 3427 ex
4933 3372 5051 3443 ipso
5076 3374 5350 3443 proposito

3778 3447 4072 3528 spiritualis
4102 3458 4272 3514 frater
4310 3461 4562 3529 eligatur,
4594 3462 4685 3528 qui
4714 3462 4963 3517 videlicet
4984 3464 5097 3531 jam
5120 3464 5349 3531 coeperit

3779 3551 4052 3604 et-emitice
4085 3551 4300 3615 vivere,
4348 3560 4401 3605 et
4449 3552 4820 3621 experimento
4868 3553 5115 3608 didicerit
5164 3560 5349 3607 contra

3779 3641 4053 3709 spiritales
4079 3643 4347 3709 nequitias
4369 3642 4657 3708 dimicare;
4697 3643 4789 3711 qui
4817 3656 5019 3713 pugnas
5046 3641 5209 3697 alieni
5234 3656 5350 3696 cor-

3778 3731 3861 3785 dis
3887 3746 3952 3785 ex
3984 3734 4270 3801 semetipso
4297 3733 4588 3789 domestice
4614 3733 4854 3805 colligat,
4890 3742 4943 3787 et
4980 3734 5119 3803 quod
5157 3749 5225 3790 ex
5258 3750 5348 3789 ore

3780 3822 4088 3875 conlitentis
4118 3823 4383 3887 audierit,
4428 3837 4495 3877 ex
4523 3824 4741 3894 propria
4785 3824 5113 3880 conscientia
5138 3863 5155 3890 ,
5204 3824 5349 3879 velut

3781 3916 3905 3967 trita
3936 3930 4125 3968 manus
4157 3916 4223 3968 ad
4270 3915 4531 3984 praelium,
4560 3926 4931 3985 recognoscat.

3852 4002 4019 4058 Stude
4082 4004 4263 4072 itaque
4304 4004 4454 4073 prior
4485 4043 4502 4068 ,
4548 4013 4607 4058 ut
4655 4016 4706 4059 te
4753 4006 5037 4074 contiguus
5084 4004 5347 4073 alloquar,

3778 4109 4042 4169 quatenus
4067 4114 4202 4168 quos
4229 4099 4503 4167 prioratus
4545 4098 4719 4155 olllcio
4749 4115 4991 4169 superas,
5023 4101 5068 4155 si
5094 4102 5349 4168 possibile

3777 4195 3898 4252 est,
3948 4188 4349 4257 quantumlibet
4413 4190 4575 4243 etiam
4640 4190 4748 4243 vita
4814 4192 5103 4259 praedas.
5166 4189 5349 4243 Vivida

3778 4280 3993 4346 quippe,
4026 4284 4077 4331 et
4107 4276 4291 4331 etIicax
4342 4279 4395 4332 in
4445 4279 4829 4347 discipulorum
4871 4280 5123 4335 cordibus
5157 4282 5348 4349 praedi-

3779 4372 3921 4426 catio
3940 4378 4045 4433 est,
4076 4370 4196 4423 aliis
4220 4370 4471 4424 alimenta
4498 4371 4797 4439 providere,
4829 4372 5192 4439 providentem
5223 4387 5349 4425 vero

3781 4460 3832 4515 in
3853 4460 4047 4529 jejunii
4091 4462 4269 4531 rigore
4295 4464 4608 4529 persistere.
4646 4461 4859 4531 Optime
4905 4462 5112 4533 vigilias
5160 4462 5350 4531 pradi-

2106 4553 2262 4606 riata:
2288 4550 2405 4604 vita:
2434 4548 2714 4603 diversitas
2745 4547 2952 4609 reddat,
2984 4547 3074 4600 sed
3106 4547 3159 4599 iu
3191 4555 3389 4601 sanctae
3426 4556 3679 4599 constau-
3707 4589 3755 4647 Β
3781 4561 3903 4615 cat,
3957 4553 4048 4621 qui
4100 4560 4222 4619 post
4264 4551 4479 4621 longum
4549 4553 4858 4621 psztlmodim
4902 4554 5221 4628 decursu...)
5279 4556 5347 4607 Lg-

2108 4644 2197 4697 tite
2221 4642 2565 4696 fundamento
2593 4638 2824 4707 praeﬁxa:
2855 4637 3049 4707 regula:
3072 4638 3397 4691 consuetudo
3424 4637 3675 4697 stabiliat;

2108 4742 2170 4787 ut
2203 4734 2463 4787 diuturnae
2494 4730 2895 4785 consuetudinis
2930 4744 3058 4783 usus
3094 4730 3363 4793 obdulcet,
3392 4734 3530 4798 quod
3563 4742 3677 4783 tau-

2110 4836 2271 4889 quam
2303 4835 2543 4873 amarum
2576 4832 2799 4886 prorsus
2823 4856 2838 4881 ,
2882 4825 2934 4869 et
2965 4832 3212 4885 asperum
3253 4816 3535 4871 infirmitas
3578 4818 3677 4871 liu-

2110 4924 2281 4965 IIIIDIB
2311 4908 2615 4978 fragilitatis
2641 4906 2914 4960 abhorret.
2942 4904 3147 4958 Exliibe
3173 4915 3221 4957 te
3250 4904 3485 4972 undique
3513 4910 3676 4959 virtu-

2108 5010 2222 5056 tum
2258 4999 2430 5053 nitore
2472 4997 2842 5063 conspicuum,
2870 5002 2925 5049 et
2970 4994 3245 5057 uniformi,
3276 5002 3332 5048 ut
3364 4996 3431 5048 ita
3470 4994 3673 5064 loquar,

2106 5102 2257 5147 veste
2284 5092 2581 5144 sanctitatis
2606 5099 2890 5151 ornatum,
2924 5086 3008 5141 cui
3050 5089 3336 5152 videlicet,
3379 5088 3553 5143 nullus
3584 5105 3677 5143 cu-

2110 5172 2513 5251 35‘juslibét
2554 5179 2657 5232 villi
2691 5193 2903 5247 pannus
2944 5179 3192 5233 videatur
3241 5190 3477 5233 assutus.
3518 5179 3678 5235 lnlio~

2108 5282 2322 5326 nestum
2359 5270 2553 5340 quippe
2582 5270 2816 5330 videtur,
2842 5279 3004 5337 atque
3030 5270 3333 5333 ridiculum,
3362 5272 3408 5325 si
3430 5271 3673 5325 indutum

2108 5372 2162 5415 te
2193 5370 2342 5415 veste
2371 5372 2667 5429 purpurea,
2707 5358 2895 5412 sericis
2924 5360 3121 5423 ocreis,
3151 5360 3348 5431 calceis
3377 5360 3673 5423 deauratis,

2109 5450 2283 5504 solum
2326 5459 2378 5503 te
2410 5449 2581 5503 villosi
2627 5446 2813 5501 arietis
2851 5447 3048 5515 pileum
3096 5448 3233 5502 inter
3281 5450 3476 5504 multas
3514 5463 3673 5502 orna-

2111 5551 2413 5592 mentorum
2445 5536 2638 5590 infulas
2661 5536 2914 5590 exhibeat
2950 5536 3300 5591 rusticanum.

2182 5628 2335 5696 Quod
2380 5629 2559 5682 dicere
2608 5630 2801 5697 gestio,
2835 5626 2940 5681 tale
2980 5637 3098 5681 est:
3129 5643 3247 5681 cum
3287 5630 3337 5682 in
3383 5628 3672 5684 aﬂlictione

2103 5718 2402 5787 jejunii,‘iu
2438 5733 2663 5773 censura
2699 5719 2920 5781 silentii,
2960 5719 3010 5772 iu
3053 5718 3273 5789 abjectre
3316 5723 3482 5775 veStis
3521 5737 3669 5790 aspc-

2111 5808 2270 5865 ritate
2300 5798 2593 5865 Antonium
2623 5810 2862 5877 praebeas
2894 5826 2908 5876 ;
2951 5826 3017 5865 ne
3050 5810 3103 5864 in
3149 5810 3365 5865 levitate
3398 5812 3556 5879 risus,
3590 5814 3670 5866 vel

3780 4657 3943 4709 gnum
3989 4642 4291 4694 excitandis
4339 4641 4595 4695 fratribus
4625 4640 4798 4710 pulsat
4838 4659 4851 4695 :
4890 4641 5344 4709 eloquentissime.

3778 4732 3905 4785 dum
3940 4743 4200 4794 tacemus,
4231 4731 4503 4785 silentium
4551 4730 4991 4786 commendamus
5025 4750 5037 4784 :
5072 4730 5347 4785 frnctuose

3779 4819 3846 4873 de
3898 4820 4238 4874 extremitate
4287 4822 4515 4875 vestium
4571 4822 4843 4892 disputat,
4892 4822 4984 4891 qui
5038 4835 5095 4876 se
5142 4836 5347 4888 panno-

3778 4922 3898 4961 rum
3947 4910 4314 4964 c-mz-cissione
4379 4909 4668 4980 deformat.
4729 4909 5165 4965 lndumentoruin
5218 4924 5347 4964 vero

3771 4998 3929 5069 juxta
3978 4999 4198 5057 divitem
4230 5002 4405 5056 nitore
4433 5002 4774 5072 conspicuus,
4804 5001 5005 5056 frustra
5034 5008 5162 5056 cuni
5180 5000 5344 5056 Joan-

3777 5102 3846 5143 ne
3890 5089 4025 5159 pilos
4078 5091 4334 5161 pmdicat
4392 5093 4745 5147 camelorum.
4804 5091 4959 5147 Ultor
5009 5091 5219 5159 injuria:
5248 5107 5345 5161 pu-

3778 5178 4016 5237 tientiam
4056 5180 4216 5251 355
4253 5196 4359 5235 non
4416 5182 4627 5238 suadet.
4667 5182 4769 5249 Qui
4812 5184 5146 5238 cumulandis
5183 5198 5343 5253 pecii-

3783 5271 3993 5325 niarum
4048 5273 4345 5341 quaestibus
4394 5273 4705 5340 inardescit,
4766 5275 4941 5345 ignem
4995 5276 5237 5329 avaritia:
5292 5278 5342 5329 in

3780 5362 3954 5416 alieno
3985 5372 4206 5432 pectore
4240 5378 4345 5419 non
4376 5366 4693 5435 exstinguit.
4716 5367 4815 5434 Qui
4844 5368 5031 5422 crebra
5063 5370 5344 5439 vagatione

3780 5466 4039 5526 raptatur,
4068 5458 4135 5511 de
4164 5459 4465 5513 remorandi
4495 5474 4721 5515 censura
4778 5459 5000 5514 frivolus
5044 5460 5346 5531 disputator

3779 5547 4023 5601 habetur.
4056 5547 4155 5612 Qui
4182 5557 4360 5601 autem
4398 5548 4645 5603 cellulam
4688 5557 4978 5619 perpetuus
5030 5551 5237 5608 incolit.
5275 5551 5344 5603 ad

3780 5636 4090 5690 stabilitatis
4138 5639 4464 5706 praeconium
4500 5640 4564 5693 de
4593 5648 4705 5695 toto
4752 5654 4977 5708 corpore
5003 5638 5237 5709 linguam
5270 5644 5349 5691 ta-

3779 5726 3888 5789 cit;
3921 5736 3973 5778 et
4003 5743 4122 5780 cum
4174 5744 4233 5780 os
4266 5736 4463 5791 taceat,
4516 5739 4661 5784 muta
4710 5730 4947 5783 membra
4976 5728 5187 5796 melius,
5217 5731 5342 5799 quia

3780 5826 3832 5870 ct
3860 5817 4173 5886 simplicius,
4207 5820 4458 5872 clamant.
