5514 6660
2943 171 2972 180 .-
3015 171 3028 178 -
3099 159 3178 172 ..ρὰ
3201 155 3252 172 .—-.
3265 163 3286 170 υ
3361 159 3368 162 “

2751 193 2754 196 ,
2839 179 2842 182 ’
2903 203 2906 208 _
2929 189 2984 202 _._
3041 181 3112 204 ,P_.‘
3157 179 3196 200 ,.;.‘
3217 179 3232 186 '
3257 191 3268 198 .
3511 205 3514 208 .

2733 195 3196 248 *Ὺώηωζτπ
3137 229 3172 240 ,.
3189 207 3250 240 ,εἷ
3265 209 3304 234 .“·
3333 225 3356 230 .-
3367 209 3402 216 ’-
3421 209 3428 234 1
3473 207 3492 212 "
3639 219 3650 224 -

3067 251 3072 254 ’
3163 243 3204 256 ’ί
3239 251 3242 254 ’
3303 271 3312 276 _
3375 257 3706 274 ,ὠν-..θέει

526 640 617 696 561
1351 632 1595 689 OPL'SC.
1626 631 1745 686 XV.
1782 657 1852 670 —
1902 628 1990 682 DE
2029 617 2418 678 ltVSTlTU'l’lS
2457 616 2616 672 0111).
2671 611 2951 670 EREMIT.

521 852 651 901 bona
700 853 784 896 tua
831 842 880 895 in
938 841 1134 892 fratres
1183 837 1531 892 aedificatoria
1576 835 1774 888 debeat
1829 830 2089 886 relatioot:

521 932 908 992 transfundere.
939 943 993 981 et
1024 930 1222 982 famam
1271 935 1414 980 luam
1467 941 1494 978 a
1523 925 1743 979 sinistra
1777 922 1946 992 pOSsit
1995 935 2089 973 su-

519 1024 748 1094 spicione
778 1035 1027 1091 purgare.
1084 1017 1188 1072 Per
1215 1013 1455 1087 planiora
1501 1017 1604 1070 due
1634 1028 1849 1082 gregem
1883 1019 2032 1065 tuum
2071 1027 2084 1072 ;

517 1112 605 1165 sed
630 1113 836 1166 excelsa
867 1110 1082 1163 interitu
1113 1108 1381 1161 discretus
1437 1106 1626 1158 ductor
1655 1100 1878 1157 ostende
1911 1118 1924 1153 :
1955 1115 2090 1168 qna-

517 1210 665 1256 tenus
708 1202 830 1256 dum
882 1197 1270 1266 dispensationi
1322 1206 1424 1247 tute
1481 1195 1762 1262 deputant,
1817 1191 1960 1260 quod
2003 1204 2087 1243 re-

515 1292 720 1347 missius
748 1291 956 1353 vivunt,
987 1298 1040 1342 et
1070 1288 1375 1342 auctoritati
1406 1284 1626 1338 Patrum
1666 1283 1934 1346 districta,
1967 1294 2086 1348 qua:

513 1381 747 1444 audiunt,
788 1381 856 1436 ad
895 1378 1361 1434 conscendemlatn
1393 1371 1741 1444 perfectionis
1772 1385 1954 1424 arcem
1986 1384 2077 1421 ex-

513 1471 732 1539 peditius
779 1473 1176 1539 accinguntur;
1229 1467 1532 1536 pudeatque
1587 1465 1730 1533 ipsos
1780 1462 2086 1532 ignobiliter

512 1561 559 1614 in
590 1561 709 1616 imis
735 1562 950 1615 hebesct
976 1577 1048 1622 re,
1073 1559 1162 1627 qui
1219 1573 1312 1626 per
1342 1555 1554 1608 excelsa
1607 1553 1925 1607 eondiscunt
1957 1566 2086 1618 pne-

513 1646 618 1701 vios
651 1649 884 1717 ingenue
913 1659 1263 1699 commeasse.
1317 1641 1419 1695 Per
1449 1651 1592 1694 recta
1631 1638 2001 1708 gradientibus
2035 1646 2085 1690 te

511 1753 788 1808 supparem
849 1738 1033 1805 prtebe
1079 1752 1091 1787 :
1152 1735 1203 1786 in
1261 1731 1637 1798 delinquentes
1691 1738 1869 1781 autem
1927 1725 2088 1777 disci-

509 1828 654 1898 plina:
685 1831 923 1898 vigorem
949 1826 1151 1878 zelatus
1177 1834 1388 1875 exerce.
1425 1819 1528 1872 Pro
1555 1817 1890 1871 observanda
1942 1815 2082 1865 intra

507 1919 888 1972 conscientiam
935 1912 1253 1969 innocentes
1285 1911 1540 1979 puritate,
1576 1908 1680 1960 noli
1736 1907 1942 1974 virgam
1986 1904 2081 1957 de-

507 2021 696 2076 ponere
724 2007 1066 2076 disciplinm:
1115 2004 1194 2058 sic
1226 2013 1403 2055 tamen
1454 1998 1817 2068 correptionis
1859 1996 2079 2049 verbum

3673 611 3779 665 5112

592 755 720 812 vita;
757 761 856 807 tua;
885 766 1096 819 semper
1129 748 1322 802 habeto
1374 758 1591 806 testem,
1649 745 1738 814 qui
1794 753 1847 797 et
1877 740 2086 797 occulta
2120 744 2164 801 Α
2199 731 2432 787 metallo.
2474 730 2753 798 Ingressus
2788 737 2968 819 autem
3001 725 3272 819 cellulam,
3302 741 3405 778 non
3446 724 3628 819 statim
3669 741 3786 777 om-

2198 838 2319 877 nem
2369 819 2775 874 consuetudinis
2823 817 3059 886 regulam
3106 817 3450 885 permittatur
3501 813 3725 884 implere
3767 832 3780 867 :

2198 914 2290 966 sed
2319 912 2406 965 diu
2439 919 2641 976 qutcrat
2665 951 2678 970 .
2712 909 2853 976 quod
2897 907 3183 960 difficulter
3230 909 3527 969 inventum,
3565 905 3786 960 charius

2199 1012 2394 1057 teneat.
2435 1003 2787 1056 Postmodum
2828 1016 2956 1055 vero
2999 1015 3253 1069 processu
3292 1000 3550 1069 temporis
3596 1015 3787 1054 omnes

2197 1105 2387 1149 sancto
2414 1094 2682 1148 desiderio
2712 1096 3026 1148 relaxentur
3050 1093 3292 1158 habenae,
3327 1102 3379 1148 et
3407 1093 3666 1162 quidquid
3698 1107 3788 1146 ar-

2146 1212 2150 1216 :
2197 1190 2284 1242 dui
2320 1204 2470 1242 mens
2499 1187 2761 1256 spirabat,
2793 1194 3022 1240 attertet
3051 1204 3063 1240 :
3095 1197 3154 1240 ut
3183 1188 3234 1239 in
3269 1186 3383 1254 ipso
3409 1186 3637 1240 fervoris
3677 1185 3789 1254 spi-

2198 1283 2300 1335 ritu
2334 1281 2539 1335 semita:
2578 1279 2910 1333 sublitniotis
2941 1278 3044 1332 iter
3075 1278 3420 1348 aggrediatur
3447 1277 3724 1340 incedere,
3755 1290 3787 1330 ιι

2195 1388 2302 1440 qua
2326 1369 2664 1439 postmodum
2693 1373 2890 1437 pudeat
2922 1369 3230 1438 ignobiliter
3260 1367 3529 1422 declinare
3555 1385 3570 1420 :
3603 1377 3652 1420 et
3683 1367 3788 1420 iui-

2196 1463 2253 1515 tii
2303 1462 2384 1515 sui
2419 1460 2722 1514 rudimenta
2770 1475 2867 1528 pro
2897 1460 3142 1528 exemplo
3187 1475 3402 1527 semper
3442 1468 3570 1512 ante
3598 1458 3786 1512 oculos

2197 1566 2396 1620 teneat,
2431 1567 2489 1610 ut
2524 1559 2567 1611 si
2608 1574 2713 1613 non
2753 1559 3113 1611 eminentiora
3145 1556 3544 1618 conscenderit,
3588 1555 3655 1609 ab
3700 1555 3786 1608 his

2193 1649 2382 1702 saltem
2412 1650 2595 1717 dilabi,
2628 1665 2746 1720 qua:
2777 1651 2978 1706 dudum
3015 1651 3264 1720 coeperit,
3297 1650 3604 1704 erubescat.

2775 1743 3002 1799 CAPUT
3044 1742 3212 1798 XXX.

2196 1830 2270 1885 De
2315 1832 2393 1885 Itis
2432 1835 2522 1902 qui
2573 1851 2636 1886 ea:
2673 1833 3402 1955 ca’nobilicadconvcrsatioue
3438 1832 3508 1885 ad
3555 1847 3788 1886 eremum

2865 1920 2982 1955 arce
3027 1914 3135 1954 ιιηι.

2865 1914 3135 1956 accedunt.

2179 1983 2185 1990 ’
2265 1983 2318 2046 Si
2350 2001 2529 2047 autem
2563 1993 2629 2047 de
2657 1993 2838 2062 regula
2869 1993 3180 2048 monasterii
3210 1996 3296 2057 sit,
3325 1994 3416 2063 qui
3446 1993 3513 2047 ad
3543 2006 3786 2048 eremum

507 2109 568 2150 ex
614 2097 770 2152 labiis
818 2096 1150 2166 proferatur,
1181 2101 1240 2146 ut
1271 2088 1495 2144 fraterni
1542 2089 1744 2141 amoris
1780 2088 1832 2140 in
1865 2093 2081 2154 pectore
2119 2108 2160 2166 Β
2192 2093 2475 2158 properat,
2519 2082 2924 2149 superStitiosas
2964 2083 3222 2150 quasdam
3275 2084 3587 2137 monasticae
3624 2085 3790 2137 disci-

506 2187 718 2242 dulcedo
745 2197 1016 2242 servetur.
1067 2183 1217 2238 Sicut
1269 2181 1428 2250 plane
1477 2179 1753 2248 capiendis
1803 2178 1992 2231 avibus
2021 2176 2086 2229 de

507 2292 657 2334 manu
705 2278 908 2333 stantis
961 2275 1220 2344 accipiter
1251 2271 1510 2325 advolat:
1566 2270 1644 2323 sic
1700 2266 2088 2335 indignationis

505 2381 598 2422 vox
622 2369 736 2423 sine
763 2378 868 2422 tua:
909 2366 1105 2420 tuentis
1148 2365 1520 2432 indignatione
1562 2359 1840 2429 procedat.
1874 2356 2005 2408 Nam
2033 2364 2086 2408 et

505 2458 713 2529 sagitta,
745 2457 832 2512 cui
890 2456 1152 2526 infigitur,
1208 2455 1495 2505 vulnerat:
1554 2451 1871 2520 sanguinem
1906 2457 2085 2499 tamen

507 2548 548 2601 is
595 2563 624 2602 a
669 2564 776 2619 quo
821 2548 1025 2617 prodiit
1073 2559 1234 2600 arcus
1269 2545 1498 2614 ignorat.
1547 2540 1851 2628 Notandum
1882 2546 2083 2600 tamen,

504 2639 621 2706 quia
659 2639 866 2710 fragilis
903 2653 1056 2692 mens
1101 2636 1169 2690 ab
1218 2634 1386 2690 eremi
1433 2631 1835 2702 perseverantia
1874 2627 2086 2680 facilius

503 2727 781 2799 frangitur,
839 2729 1085 2784 etiamsi
1131 2726 1264 2780 levis
1313 2723 1524 2790 injuria:
1571 2729 1942 2774 sunnnotenus
1990 2733 2085 2771 oc-

504 2819 640 2874 casio
700 2820 1028 2888 prmbeatur.
1104 2815 1236 2869 Nam
1307 2823 1361 2868 et
1418 2815 1600 2882 gravis
1661 2811 1874 2864 sarcina
1936 2816 2086 2862 tanto

506 2909 694 2964 minori
756 2909 1152 2964 deliberatione
1206 2907 1536 2974 deponitur,
1593 2911 1797 2972 quanto
1859 2911 1912 2954 et
1973 2901 2087 2969 ipse

505 3001 899 3067 quodammodo
951 2999 1179 3052 suadere
1229 2998 1442 3052 videtur
1492 2995 1747 3048 humerus
1801 2993 1890 3063 qui
1965 3006 2086 3063 gra-

504 3101 668 3144 \‘ttltll‘.

567 3180 740 3236 Facile
798 3182 966 3252 igitur
1023 3182 1086 3233 ab
1136 3178 1347 3233 illorum
1396 3175 1797 3231 cohabilatione
1854 3173 2086 3228 discedi-

505 3281 607 3338 tur,
637 3275 726 3329 ubi
772 3277 1005 3343 qttisque
1054 3272 1367 3342 quotidiana
1407 3270 1509 3323 frui
1544 3269 1717 3322 victus
1768 3268 1967 3335 inopia,
2001 3281 2084 3318 ra-

507 3365 762 3420 rissimam
808 3380 946 3419 vero
974 3365 1183 3432 copiam
1216 3362 1450 3416 tolerare
1495 3361 1732 3430 jubetur.
1768 3356 1921 3411 Unde
1952 3365 2086 3414 tent-

503 3464 677 3523 perala
709 3455 1015 3525 disciplina:
1055 3463 1173 3505 arte
1217 3450 1474 3504 utendum
1507 3467 1520 3512 ;
1575 3464 1642 3502 ne
1677 3464 1812 3516 quos
1863 3447 2082 3500 alll'tetio
2112 3473 2154 3533 Ο

504 3545 703 3614 privata
741 3546 1016 3607 debilitat,
1078 3541 1273 3611 injecta
1328 3543 1477 3595 durae
1519 3540 1878 3608 correptionis
1925 3553 2082 3607 aspe—

506 3637 630 3692 ritas
658 3639 914 3694 sternat.‘
950 3635 1334 3705 Cujuscunque
1383 3643 1564 3687 autem
1618 3632 1833 3685 fortiter
1875 3630 2083 3700 agentis

501 3733 818 3804 exemplum,
850 3731 1114 3799 siquidem
1147 3743 1214 3782 ex
1275 3726 1381 3781 tuis
1422 3734 1525 3789 cst,
1568 3738 1856 3792 suppressa
1891 3736 2080 3790 perso-

505 3835 586 3885 na,
629 3821 813 3894 profer
849 3823 905 3876 in
962 3819 1222 3882 medium,
1255 3818 1298 3872 si
1337 3826 1516 3869 autem
1557 3825 1868 3875 cxtraneus,
1924 3827 2083 3865 voea-

505 3913 678 3980 bulum
739 3914 1102 3985 exprimatur.
1153 3908 1435 3964 ElIicacius
1498 3907 1643 3961 enim
1698 3905 2078 3958 Ιιιοιῖρνιιιηίιιιι

502 4005 852 4061 cohortantur
899 4004 1172 4074 exempla,
1224 4017 1386 4072 quam
1439 4007 1720 4059 veterum;
1772 4008 1824 4050 ct
1875 4013 2080 4066 magiae

503 4093 824 4153 confusionis
856 4095 1034 4165 pudor
1058 4104 1162 4160 est,
1195 4093 1244 4161 si
1272 4107 1395 4146 cum
1441 4082 1659 4145 sanetis'
1696 4088 1825 4141 viris
1872 4088 1925 4140 in
1975 4103 2077 4139 una

504 4183 654 4241 simul
689 4196 851 4242 atate
893 4188 1158 4248 viventes,
1208 4185 1262 4238 in
1309 4190 1472 4237 recta:
1509 4180 1939 4235 conversationis
1967 4189 2079 4232 stu-

504 4271 586 4329 dio
609 4275 689 4330 eis
739 4276 796 4330 in
831 4275 1018 4345 aliquo
1059 4290 1163 4328 non
1212 4273 1551 4342 reperiantur
1603 4270 1858 4337 tequales.
1901 4270 2081 4335 Quatt-

501 4361 776 4434 doquitlem
810 4366 936 4421 illos
984 4363 1095 4421 sola
1147 4365 1410 4418 mentium
1470 4362 1774 4430 ingenuitas
1812 4361 2074 4413 roborat:

501 4452 624 4510 istos
646 4467 826 4512 autem
862 4457 1198 4512 diversorum
1231 4465 1535 4524 temporum
1577 4451 1829 4507 debilitas
1857 4468 1960 4506 non
1983 4469 2078 4505 cx-

500 4557 658 4604 005:".

1059 4615 1284 4674 CAPUT
1315 4615 1506 4671 XXIX.

717 4731 795 4788 De
815 4731 1141 4788 venientibus
1171 4746 1236 4784 ea:
1265 4728 1459 4784 sarculo
1487 4729 1555 4781 nd
1589 4743 1839 4782 eremum.

567 4822 622 4880 Si
653 4826 877 4896 quando
912 4825 980 4880 de
1033 4822 1274 4878 saeculari
1313 4820 1499 4876 habitu
1549 4821 1672 4888 quis
1715 4820 1781 4872 ad
1831 4833 2072 4872 eremum
2107 4859 2155 4914 ι)

501 4917 732 4972 converti
755 4915 1016 4978 voluerit,
1047 4913 1174 4976 noli,
1205 4911 1363 4982 juxta
1394 4911 1638 4982 priorum
1685 4928 1951 4984 normam,
1987 4928 2074 4964 ru-

501 5004 723 5062 dimenta
748 5005 1067 5061 monasterii
1091 5005 1320 5059 suadere
1351 5019 1366 5057 z
1402 5003 1496 5057 sed
1519 5003 1565 5058 si
1596 5001 1812 5056 devotio
1841 5017 1965 5056 vera
2012 5018 2074 5054 ac

501 5096 700 5156 sincera
744 5099 1008 5171 patuerit,
1033 5100 1086 5153 in
1121 5112 1330 5161 eremo.
1358 5112 1520 5167 quam
1571 5093 1802 5167 flagitat,
1854 5109 2076 5149 conver—

500 5189 654 5247 sionis
680 5191 889 5247 aditum
920 5192 1118 5262 pmbt‘.
1165 5190 1240 5245 Eo
1268 5189 1482 5260 quippe,
1519 5197 1578 5243 ut
1630 5188 1819 5258 lugens
1862 5189 2073 5257 loquar,

500 5279 744 5353 pleraque
787 5284 1041 5340 devoluta
1095 5291 1223 5337 sunt
1276 5280 1622 5342 monasteria,
1670 5290 1732 5334 ut
1764 5279 2074 5335 vitiasiores

502 5377 836 5439 reperiantur
883 5375 949 5430 ab
997 5376 1079 5431 eis
1130 5374 1355 5445 ingressi
1397 5391 1410 5426 :
1469 5388 1630 5442 quam
1666 5371 1722 5435 ii,
1781 5372 1870 5440 qui
1904 5385 2073 5440 nuper

499 5461 652 5540 356
678 5478 802 5525 sunt
831 5468 900 5522 de
931 5467 1184 5522 mundani
1217 5465 1481 5537 naufragii
1513 5461 1766 5519 ﬂuctibus
1805 5465 1965 5517 erati.
2008 5462 2073 5516 Et

501 5567 636 5613 certe
662 5557 898 5629 simplici
930 5558 1142 5612 metallo
1187 5567 1415 5612 monetae
1453 5557 1664 5627 signum
1711 5567 2074 5626 congruenter

502 5643 819 5716 imprimitur
873 5667 887 5702 :
945 5659 999 5702 at
1043 5660 1328 5719 postquam
1378 5647 1608 5702 falsatus
1656 5655 1738 5703 est
1797 5662 2070 5712 nmnmus,

502 5737 700 5795 diliicile
725 5749 810 5795 est
849 5749 910 5794 ut
945 5742 1012 5796 ad
1038 5741 1320 5795 veritatem
1347 5738 1632 5794 inunctalis
1671 5738 1869 5809 regula:
1906 5740 2077 5794 corri-

503 5835 665 5897 gatur.

567 5919 751 5979 Pateat
789 5925 958 5996 igitur
986 5924 1162 5982 aditus
1190 5925 1426 5982 venienti
1458 5926 1524 5982 de
1551 5926 1771 5990 sa‘cuio.
1802 5938 1860 5982 ut
1889 5927 2076 5996 impri~

507 6022 670 6072 matur
725 6018 1125 6088 quodanmtodo
1178 6019 1403 6086 simplici
1461 6021 1852 6090 superveniens
1906 6022 2078 6094 figura

893 6113 1165 6172 ινιτιιοι..
1229 6113 1336 6177 CX
1351 6120 1469 6183 LV.

2188 2170 2346 2237 plime
2378 2185 2670 2232 censuras,
2702 2186 3067 2239 supervacuos
3108 2172 3594 2226 tiutimtalntlorum
3639 2173 3788 2227 clau-

2187 2279 2370 2332 gores,
2385 2263 2776 2317 cantilenarum
2804 2264 3127 2332 multiplices
3148 2265 3480 2330 harmonias,
3497 2280 3786 2320 ornamen-

2191 2363 2367 2406 torum
2391 2354 2660 2423 phaleras,
2681 2365 2733 2408 et
2757 2365 2948 2407 cetera
2979 2355 3126 2419 talia,
3142 2357 3373 2424 quadam
3398 2358 3591 2412 sobria:
3611 2371 3788 2427 repre-

2187 2442 2464 2496 hensionis
2505 2453 2620 2496 arte
2654 2443 2911 2511 dijudica,
2952 2455 3326 2512 competenter
3365 2455 3624 2510 extenua,
3667 2447 3789 2500 sine

2188 2531 2536 2588 damnatione
2574 2535 2835 2602 depretia,
2889 2535 3130 2590 inferens
3181 2535 3310 2590 illud
3339 2537 3579 2605 Apostoli
3608 2555 3620 2591 :
3648 2539 3790 2604 Quia

2194 2639 2212 2672 t
2237 2623 2285 2675 in
2308 2623 2526 2677 Christo
2548 2622 2673 2677 Jesu
2698 2640 2872 2692 neque
2900 2627 3246 2680 circumcisio
3274 2628 3480 2697 aliquid
3503 2630 3662 2690 valet,
3694 2646 3788 2684 nc-

2187 2727 2294 2781 que
2317 2714 2661 2782 praeputium,
2679 2713 2772 2769 sed
2799 2730 2934 2770 nova
2953 2726 3203 2771 creatura
3221 2715 3421 2787 (Galat.
3441 2721 3540 2786 vr).
3557 2738 3573 2770 ι
3599 2719 3666 2773 Et
3688 2719 3787 2774 ite-

2189 2818 2348 2858 rum:
2385 2804 2521 2870 Quia
2569 2823 2587 2856 ι
2635 2805 2950 2861 Altissimus
2980 2826 3084 2862 non
3120 2809 3171 2862 in
3221 2809 3542 2866 manufactis
3579 2812 3789 2867 habitat

2188 2895 2328 2964 (.tct.
2359 2897 2478 2966 vn).
2512 2915 2528 2947 ι
2562 2896 2693 2951 illud
2729 2900 2893 2952 etiam
2924 2901 2990 2954 ad
3018 2899 3358 2956 Timotheum
3398 2919 3411 2955 :
3453 2920 3470 2953 t
3493 2903 3627 2970 Quia
3661 2919 3786 2958 cor-

2188 2985 2388 3053 poralis
2432 2988 2752 3044 exercitatio
2807 2993 2874 3043 ad
2916 2991 3188 3046 modicum
3242 2993 3387 3050 utilis
3441 3005 3556 3060 est,
3612 2999 3788 3066 pictas

2189 3085 2368 3131 autern
2395 3080 2459 3132 ad
2483 3080 2662 3133 omnia
2695 3081 2839 3136 utilis
2872 3094 2950 3137 est
2985 3083 3033 3155 (I
3064 3083 3200 3138 Tim.
3243 3086 3336 3155 tv).
3372 3106 3389 3138 ι
3419 3087 3514 3144 llis
3543 3089 3702 3159 igitur
3732 3099 3788 3145 et

2189 3166 2495 3236 itujltSll‘lOdi
2527 3170 2868 3228 documentis
2898 3177 3355 3231 existimationem
3384 3181 3785 3236 monasterialis

2189 3264 2395 3318 ordinis
2449 3264 2682 3333 quodam
2732 3267 2991 3322 modestae
3034 3285 3280 3324 censura!
3327 3270 3613 3326 libramine
3657 3289 3785 3343 sup-

2189 3356 2396 3423 prime;
2430 3366 2490 3409 ut
2521 3357 2646 3412 dum
2679 3357 2732 3411 in
2762 3359 3034 3414 audientis
3065 3371 3244 3414 mente
3273 3361 3474 3414 fabrica
3509 3376 3806 3418 consuetrc‘

2189 3449 2312 3501 vita:
2359 3448 2652 3503 destruitur
2672 3490 2686 3512 ,
2715 3450 2949 3518 prtelattc
2977 3451 3284 3506 solitudinis
3329 3455 3623 3509 :ediliciem
3651 3471 3785 3510 con-

2186 3549 2469 3596 struatur:
2502 3548 2557 3593 et
2597 3540 2664 3595 ad
2711 3541 2961 3595 standum
3009 3557 3066 3596 se
3111 3543 3175 3597 de
3221 3553 3418 3599 caetero
3469 3554 3785 3601 constanter

2185 3631 2466 3699 accingat,
2496 3630 2587 3698 qui
2624 3645 2681 3684 se
2711 3630 2972 3686 hactenus
2999 3631 3238 3698 iacuisse
3269 3634 3596 3690 considerat.

2257 3721 2312 3773 Si
2365 3735 2490 3774 vero
2536 3730 2651 3789 post
2701 3724 2905 3789 peracti
2948 3723 3151 3778 laboris
3182 3723 3434 3779 diuturna
3479 3730 3781 3784 certamina

2183 3819 2306 3880 post
2335 3811 2612 3865 cdomatas
2645 3822 2934 3869 macerata:
2963 3816 3144 3870 carnis
3177 3816 3490 3885 illecebras,
3522 3835 3645 3877 cura
3663 3821 3781 3892 jam

2184 3919 2244 3958 se
2276 3905 2473 3958 viderit
2515 3905 2875 3973 quorumdam
2907 3909 3162 3962 vitiorum
3185 3953 3198 3972 ,
3233 3911 3379 3964 velut
3421 3914 3643 3968 totidem
3678 3915 3779 3969 ho-

2184 3999 2371 4059 stium,
2401 3997 2611 4052 calcare
2627 3999 2888 4063 cervices,
2911 4002 3138 4070 ceperit
3166 4001 3576 4061 immoderatit’is
3601 4016 3779 4064 trans-

2183 4097 2302 4141 acta
2340 4089 2635 4159 despicere,
2673 4099 2723 4143 et
2761 4106 2870 4153 ea,
2919 4106 3039 4161 quae
3078 4102 3279 4160 pr:e$to
3322 4105 3484 4160 sunt,
3533 4097 3778 4154 liberiori

2185 4181 2338 4235 laude
2385 4183 2660 4250 proferre;
2725 4194 2850 4237 tunc
2903 4186 3275 4241 coenobiorum
3332 4195 3458 4241 sunt
3503 4186 3776 4245 efferenda

2182 4275 2474 4342 pra-conia,
2499 4281 2548 4328 et
2576 4289 2910 4343 (put-cunque
2935 4276 2985 4328 in
3009 4291 3196 4330 eorum
3219 4277 3498 4349 discipulis
3519 4290 3774 4350 aguntur,

2183 4365 2251 4418 ad
2285 4364 2377 4420 Dei
2419 4366 2641 4435 gloriam
2678 4364 2999 4430 referenda;
3045 4383 3108 4421 ac
3153 4367 3407 4424 salutaris
3455 4370 3779 4426 obedientite

2182 4455 2512 4524 perltibenda
2545 4465 2671 4509 sunt
2698 4457 2996 4522 sacrificia;
3031 4467 3304 4528 quatenus
3351 4458 3476 4514 dum
3508 4460 3776 4529 professio

2182 4548 2305 4602 vita:
2335 4549 2640 4601 communis
2668 4547 2978 4610 extollitur,
3010 4548 3081 4602 de
3109 4549 3366 4618 singulari
3397 4552 3694 4621 proposito,
3725 4557 3773 4610 si

2181 4633 2287 4707 qua
2328 4639 2468 4692 forte
2498 4637 2869 4707 subrepserat,
2900 4640 3207 4709 arrogantia
3237 4643 3558 4709 deponatur.
3592 4642 3660 4698 Et
3681 4659 3776 4700 ne-

2181 4745 2450 4800 quaquam
2474 4730 2626 4799 quasi
2651 4733 2718 4785 de
2740 4730 3078 4799 perfectioris
3103 4734 3225 4788 vitae
3244 4733 3525 4802 privilegio
3544 4743 3772 4798 tumeat.

2180 4821 2306 4876 dum
2352 4822 2640 4892 plerosque
2685 4823 2738 4876 in
2786 4822 3031 4878 infcriori
3070 4825 3237 4893 gradu
3287 4834 3436 4880 tanto
3485 4827 3774 4882 sublimius

2183 4915 2493 4970 incedentes
2520 4915 2699 4969 adhuc
2735 4914 2965 4970 fortasse
2999 4933 3106 4970 non
3147 4928 3348 4986 aequat.
3381 4918 3772 4975 Admonendus

2179 5018 2283 5072 est,
2309 5018 2366 5062 ut
2391 5010 2434 5064 si
2462 5010 2589 5078 quid
2616 5011 2884 5080 agendum
2909 5009 3157 5065 fortassis
3185 5013 3489 5076 itmnineat,
3520 5027 3624 5066 non
3647 5029 3774 5083 pro-

2179 5111 2368 5167 pterea
2416 5102 2776 5169 quorumdam
2823 5117 2974 5157 more
3023 5102 3420 5156 etenobitarmn
3450 5141 3466 5167 ,
3512 5103 3774 5158 velociter

2179 5194 2376 5263 psallat
2407 5211 2418 5246 :
2453 5203 2508 5247 et
2551 5194 2630 5247 sic
2665 5193 2730 5246 de
2761 5192 3030 5246 Psalterio
3060 5193 3127 5246 ad
3161 5193 3436 5261 negotium
3487 5193 3602 5247 vice
3649 5209 3774 5262 prr-

2179 5299 2360 5346 versa.
2396 5294 2647 5353 tanquam
2692 5286 2758 5338 de
2800 5283 2986 5356 pelago
3012 5281 3080 5337 ad
3117 5282 3266 5338 littus
3292 5293 3514 5338 enatare
3549 5293 3774 5340 conten-

2181 5376 2292 5428 dat.
2322 5375 2665 5431 Anxictatem
2698 5375 2894 5445 quippe
2922 5373 3177 5442 spiritus,
3215 5372 3443 5428 callidus
3483 5376 3776 5430 insidiator

2180 5463 2342 5536 357
2384 5465 2657 5519 immittit:
2690 5466 2928 5534 quietum
2963 5478 3090 5523 vero
3139 5472 3194 5518 et
3226 5464 3484 5519 humilem
3513 5466 3772 5531 animum,

2181 5557 2270 5611 ubi
2310 5559 2644 5626 requiescat,
2676 5558 2927 5628 princeps
2956 5559 3108 5624 Dacis
3149 5556 3398 5626 inquirit.
3432 5557 3777 5628 Respondeat

2180 5649 2345 5720 igitur
2375 5649 2689 5705 adversario
2737 5649 3044 5718 suggerenti
3077 5644 3347 5715 fabulosa.
3392 5651 3519 5706 dum
3555 5653 3731 5722 psallit
3759 5668 3779 5709 :

2179 5741 2306 5796 dum
2336 5740 2462 5807 hoc,
2505 5739 2645 5811 quod
2689 5756 2803 5811 pra:
2842 5740 3091 5796 manibus
3121 5749 3224 5803 est.
3284 5739 3519 5798 ofﬁcium
3559 5760 3778 5816 perago,

2180 5832 2398 5888 interim
2439 5844 2589 5899 tace;
2628 5832 2974 5901 postmodum
3020 5832 3066 5888 si
3103 5834 3234 5906 quid
3278 5851 3440 5890 causa
3471 5836 3780 5911 dictaverit,

2183 5925 2485 5980 iunotescc.

2254 6017 2409 6086 Quod
2457 6016 2503 6073 si
2548 6014 2727 6073 adhuc
2762 6015 3098 6088 pertinacius
3125 6018 3347 6088 ingruit.
3381 6026 3435 6072 et
3463 6016 3780 6074 obfirmata:

3305 6110 3390 6178 19.
