4276 6380
678 395 782 450 36⁸5

1136 386 1194 443 S.
1235 383 1435 442 PETRI
1470 379 1750 439 DABIIANI
1785 379 1934 437 OPP.
1958 375 2194 434 TOMUS
2232 374 2362 431 SEU
2402 372 2601 430 PARS.
2638 367 2723 426 III.
2747 363 3203 426 -0PUSCUL.-\
3229 362 3460 421 \‘AIlIA.

3843 358 3949 418 δδι

674 506 897 570 insistit,
922 511 1206 569 utrumque
1234 498 1413 563 simul,
1436 507 1491 551 et
1517 496 1567 551 id
1593 496 1734 565 quod
1759 496 2005 557 mittitur,
2033 500 2087 546 et
2115 504 2236 544 eum
2268 494 2317 552 Α
2414 498 2547 569 tuta,
2568 484 2707 568 sed.
2738 483 2933 570 lepiortt
2952 569 2960 570 ί
2974 478 3449 570 ρηξάξιξιέὼιίξξυε
3517 477 3953 532 conversationis

674 600 764 668 qui
800 595 1008 650 miserit
1059 590 1366 645 maledicat.
1411 588 1647 657 Adjiciat
1676 600 1887 656 quoque
1912 583 2089 637 verbis
2115 595 2236 634 eum

672 698 875 741 terrere
929 681 1250 743 minacibus,
1307 679 1528 733 dicens:
1586 676 1666 730 Me
1715 674 1894 728 infelix
1950 673 2158 735 desere,
2186 678 2240 724 ct

668 772 1005 831 tremendum
1048 770 1235 842 judicii
1283 770 1422 823 diem
1475 775 1599 822 ante
1628 768 1814 822 oculos
1858 778 2017 833 pone,
2055 763 2109 816 in
2134 777 2239 832 quo

667 864 919 919 videlicet
955 859 1099 929 juste
1142 856 1477 913 damnandus
1502 871 1581 921 es,
1617 864 1670 909 et
1700 854 1970 923 perpetuis
2003 862 2243 920 postmo-

667 956 795 1009 dum
840 951 1067 1008 flammis
1120 948 1399 1003 ultricibus
1443 945 1766 1002 esurendus.
1823 942 1925 1010 Qui
1983 942 2236 996 nimirum

666 1054 841 1100 terror
883 1041 1169 1111 plurimum
1193 1037 1337 1092 valet
1370 1036 1440 1090 ad
1483 1032 1842 1103 superandam
1896 1046 2151 1101 pugnam,
2184 1037 2239 1083 et

666 1134 733 1186 ad
762 1128 1119 1196 effugiendam
1166 1126 1364 1184 versuti
1405 1122 1735 1179 insidiatoris
1783 1121 2060 1175 astutiam.
2103 1119 2236 1173 Hinc

663 1234 746 1277 est
796 1220 980 1283 ctiam,
1027 1216 1168 1285 quod
1220 1213 1508 1284 praemissis
1549 1210 1883 1265 orationibus
1925 1207 2235 1272 exorcistni,

664 1325 879 1380 semper
902 1324 969 1363 ex
995 1304 1356 1361 ecclesiastica
1390 1300 1679 1355 traditione
1710 1299 2088 1369 subjungitur:
2131 1297 2233 1362 Qui

664 1411 923 1456 venturus
953 1407 1033 1453 est
1061 1395 1305 1464 judicare
1334 1394 1482 1447 vivos
1520 1400 1574 1447 et
1600 1399 1869 1455 mortuos,
1892 1398 1946 1444 et
1982 1386 2233 1443 sacculum

664 1507 760 1561 per
789 1491 961 1558 ignem
996 1504 1009 1539 :
1042 1495 1099 1541 ut
1137 1485 1261 1539 dum
1292 1483 1557 1552 malignus
1605 1482 1825 1551 spiritus
1858 1489 2001 1532 tanta
2051 1477 2236 1531 formi-

660 1582 784 1634 dine
819 1580 869 1632 in
908 1576 1199 1631 tentatione
1242 1573 1569 1644 percellitur,
1614 1588 1642 1625 a
1684 1580 1932 1625 creatura
1963 1567 2053 1621 Dei
2082 1567 2236 1621 terri-

660 1679 749 1723 tus
780 1665 1094 1736 espellatur.
1126 1663 1219 1718 llis
1256 1672 1306 1717 et
1335 1660 1640 1730 hujusmodi
1683 1660 1802 1713 telis
1839 1657 2235 1713 commilitones

662 1767 784 1812 tuos
818 1756 1083 1811 subtiliter
1133 1755 1354 1815 instrue,
1411 1762 1464 1807 et
1496 1752 1549 1805 iu
1582 1751 1698 1807 acie
1749 1766 1871 1805 cum
1904 1749 2233 1805 adversariis

656 1845 855 1917 jngiter
897 1845 1157 1899 dimicare
1186 1844 1418 1913 praevius
1450 1842 1598 1896 doce.
1988 1836 1997 1843 ’

1214 1932 1441 1989 CAPUT
1482 1931 1671 1987 XXXI.

658 2029 735 2084 De
792 2027 1053 2097 patientia:
1110 2027 1321 2087 virtute,
1363 2025 1442 2076 illi
1502 2026 1590 2104 qui
1637 2034 1819 2094 pro'est
1874 2022 2095 2076 maxime
2142 2036 2229 2074 ne-

1324 2110 1568 2146 εεδεανια.

729 2185 891 2239 I’lanc
918 2198 1041 2238 cum
1072 2183 1320 2237 omnibus
1343 2180 1537 2235 debeas
1572 2179 1763 2234 ﬂorere
1796 2180 2102 2242 virtutibus,
2137 2178 2226 2247 qui

656 2281 722 2333 ad
760 2276 971 2330 virtutis
997 2275 1296 2345 exemplum
1326 2288 1383 2327 es
1418 2288 1576 2342 super
1604 2272 1732 2326 alios
1753 2272 2096 2335 constitutus,
2134 2284 2229 2338 pa-

658 2369 858 2422 tientia:
890 2365 1071 2419 virtnti
1108 2364 1424 2435 propensius
1469 2362 1731 2417 studeas:
1779 2362 2083 2430 omnigena
2133 2358 2229 2412 ad-

656 2456 931 2511 versitatis
965 2454 1238 2509 obstacula
1268 2468 1360 2522 per
1396 2452 1713 2522 patientiam
1754 2456 1924 2504 vince.
1963 2447 2227 2502 Patientia

657 2556 711 2601 te
749 2548 941 2600 durum
989 2544 1237 2614 lapidem,
1279 2544 1386 2597 imo
1430 2542 1772 2597 insecabilem
1823 2542 2057 2611 praebeat
2102 2541 2230 2593 ada-

654 2647 911 2694 mantem.
944 2637 1260 2691 Adamaulis
1288 2635 1485 2704 quippe
1530 2634 1762 2703 sigillum
1811 2632 2037 2686 formam
2078 2641 2227 2685 caate‘

651 2731 728 2783 ris
771 2728 1035 2799 lapidilus
1066 2725 1365 2793 imprimit:
1414 2726 1506 2777 sed
1551 2722 1786 2776 vicissim
1828 2722 1881 2774 in
1926 2736 1983 2774 se
2028 2718 2225 2773 nullius

650 2816 935 2873 soliditatis
962 2812 1248 2883 imaginem
1292 2826 1511 2882 prorsus
1536 2809 1791 2863 admittit.
1841 2808 1987 2862 Mens
2009 2821 2223 2876 quoque

652 2918 739 2961 tua
785 2906 828 2958 si
867 2903 1195 2959 irruentibus
1236 2902 1475 2957 adversis
1522 2900 1664 2955 nulla
1714 2914 1772 2953 se
1822 2899 2225 2969 perturbatione

652 2992 963 3057 mutaverit,
991 2990 1139 3044 velut
1164 2990 1323 3044 alieni
1358 2991 1409 3043 in
1455 3005 1513 3043 se
1551 2988 1745 3058 lapidis
1795 2987 2081 3057 imaginem
2119 3002 2224 3041 non

653 3084 849 3155 accipit
874 3101 891 3135 τ
922 3082 1032 3137 imo
1061 3096 1213 3135 suum
1242 3080 1363 3134 aliis
1392 3080 1760 3134 characterem
1787 3079 2066 3143 imprimit,
2097 3077 2224 3131 dum

2410 549 2667 626 principia
2690 556 2744 607 in
2782 554 2881 606 hac
2910 549 3090 621 regillo
3117 550 3395 602 contineri.

2410 645 2647 701 Obsecro
2691 650 2870 697 autem
2921 655 2989 695 ne
3043 653 3153 702 me,
3185 640 3385 692 fratres
3432 636 3567 699 mei.
3622 634 3953 691 districtiori

2341 752 2501 807 quam
2534 736 2621 790 hic
2676 735 2887 804 legitur,
2940 732 3056 801 lege
3104 730 3374 795 viventes,
3424 727 3819 784 dissolutionis
3866 744 3951 783 ar-

2339 834 2524 899 guant,
2561 833 2615 880 et
2644 825 3014 879 austeritatem
3047 818 3216 875 eremi
3267 830 3631 888 temperasse,
3671 819 3953 873 austerio-

2305 920 2417 973 vris
2443 916 2583 971 forte
2636 930 2881 969 censurae
2932 926 3095 982 quam
3146 910 3402 972 debeant,
3454 908 3950 980 suggillationibus

2339 1006 2755 1079 reprehendant.
2786 1005 2919 1058 Nam
2951 1000 3366 1067 cumhlsrael'ta:
3390 999 3467 1053 illi
3507 998 3767 1053 canales
3800 997 3951 1053 deci-

2340 1097 2588 1153 dentibus
2615 1094 2891 1164 Benjamin
2920 1092 3043 1147 filiis
3068 1088 3355 1144 venialiter
3379 1097 3637 1157 parcunt,
3662 1102 3951 1157 unamque

2337 1203 2401 1244 ex
2447 1186 2899 1243 lsraeleecidisse
2946 1184 3144 1238 tribum
3194 1179 3635 1250 Iacrymabiliter
3685 1187 3940 1247 genium,

2336 1288 2391 1333 et
2422 1277 2622 1332 amaris
2659 1275 2873 1330 fletibus
2904 1283 2957 1328 et
2986 1273 3284 1327 ululatibus
3315 1280 3738 1341 conquerantur
3772 1287 3786 1321 :
3814 1268 3949 1337 quid

2337 1369 2493 1424 nobis
2538 1369 2800 1437 agendum
2842 1373 2946 1428 est,
2979 1380 3103 1418 cum
3153 1364 3438 1418 videamus
3486 1362 3633 1414 inter
3675 1357 3946 1415 ecclrsia—

2336 1462 2484 1514 stica:
2510 1458 2804 1527 disciplinae
2836 1454 3073 1523 reliquos
3115 1454 3339 1508 ordines
3372 1454 3681 1509 eretnitieae
3732 1452 3947 1521 profrs-

2335 1551 2502 1605 sionis
2542 1563 2823 1603 numerum
2867 1555 3095 1600 eatenus
3141 1545 3526 1610 imminutum;
3562 1554 3626 1600 ut
3661 1544 3715 1597 in
3747 1542 3947 1613 pleris-

2334 1656 2438 1709 que
2471 1650 2627 1695 tcrra:
2673 1637 2967 1707 provinciis
3004 1650 3110 1690 non
3149 1636 3492 1705 ambigamns
3528 1634 3785 1690 funditus
3817 1649 3948 1689 esse

2334 1729 2586 1784 deletum.
2635 1726 2970 1782 Parcendum
3023 1736 3107 1781 est
3158 1741 3289 1797 ergo
3338 1724 3653 1795 Benj'imiu,
3708 1725 3946 1799 egregiis

2334 1819 2606 1882 videlicet,
2634 1833 2697 1871 ac
2746 1816 3137 1871 robustissimis
3186 1817 3328 1871 inter
3378 1816 3662 1871 Israelitas
3709 1827 3943 1871 exteros

2333 1909 2716 1974 bellatoribus;
2746 1916 3017 1978 quatenus
3043 1907 3291 1972 venialis,
3326 1916 3381 1963 et
3413 1908 3703 1963 moderata
3731 1908 3943 1962 discre-

2334 2002 2407 2055 tio
2453 2014 2549 2069 per
2603 1999 2941 2069 pesteritatis
2999 1998 3337 2052 incrementa
3392 1997 3745 2066 mult'plicet,
3800 2011 3942 2066 quos

2330 2091 2516 2159 utique
2543 2089 2789 2144 districta
2836 2088 3125 2151 severitas,
3156 2086 3240 2140 vel
3271 2087 3451 2155 potius
3483 2087 3729 2139 humana
3775 2086 3943 2155 fragi-

2329 2181 2455 2236 litas
2502 2180 2820 2236 annullavit.
2864 2180 2931 2233 Et
2982 2180 3061 2233 sic
3094 2180 3332 2233 tribuum
3381 2191 3646 2232 numerus
3694 2186 3938 2240 constet,

2328 2276 2451 2331 dum
2483 2290 2622 2337 eam,
2672 2289 2790 2342 quae
2834 2274 3067 2343 periisse
3108 2271 3413 2333 videbatur,
3462 2270 3770 2324 austeritas
3795 2279 3936 2324 tem-

2326 2373 2511 2435 perata
2538 2370 2842 2419 conservet.
2886 2360 3020 2415 Nam
3047 2369 3100 2414 et
3146 2359 3273 2412 illud
3304 2373 3524 2428 quoque
3551 2372 3663 2412 non
3700 2358 3935 2420 excidit,

2327 2454 2467 2522 quod
2495 2452 2665 2507 sancti
2691 2451 2943 2522 apostoli,
2971 2451 3063 2519 qui
3094 2449 3245 2503 missi
3275 2447 3491 2502 fuerant
3519 2463 3745 2503 crucem
3770 2447 3937 2502 Chri-

2328 2545 2394 2599 Sli
2427 2544 2665 2597 humano
2710 2542 2890 2611 generi
2940 2542 3233 2612 praedicare
3280 2539 3420 2609 (Act.
3471 2555 3565 2601 xv,
3616 2542 3762 2606 xxi),
3819 2554 3942 2593 om-

2327 2636 2584 2703 niumque
2610 2637 2870 2687 virtutqu
2913 2632 3221 2702 adoptionis
3266 2630 3405 2684 filios
3446 2631 3799 2685 documentis
3828 2632 3935 2683 im-

2323 2722 2509 2787 buere,
2557 2724 2699 2777 inter
2753 2722 2865 2791 ipsa
2922 2720 3201 2775 nascentis
3258 2719 3383 2774 fidei
3434 2718 3781 2782 rudimenta,
3831 2720 3938 2774 hoc

2322 2811 2492 2867 solum
2534 2811 2854 2881 quibusdam
2886 2817 3257 2879 praeceperunt
3306 2808 3603 2877 gentilibus
3638 2827 3651 2861 :
3696 2817 3759 2863 ut
3807 2809 3935 2862 abs-

2326 2899 2557 2954 tinerent
2606 2908 2664 2952 se
2717 2899 2784 2951 ab
2843 2898 3135 2953 immolatis
3183 2898 3605 2953 simulacrorum
3637 2939 3652 2962 ,
3703 2908 3763 2953 et
3806 2916 3935 2953 san-

2324 2991 2505 3059 guine,
2525 3001 2579 3043 et
2595 2988 2878 3053 suffocato,
2897 2999 2949 3045 et
2963 2988 3343 3046 fornicatione.
3361 2990 3713 3060 Imponentes
3728 2993 3936 3061 quippe

2327 3080 2571 3144 minima,
2610 3094 2716 3132 non
2755 3079 3081 3148 prohibuere
3128 3080 3371 3149 majora;
3418 3081 3603 3151 utqui
3636 3097 3798 3136 nova:
3836 3084 3935 3137 do-

651 3175 911 3245 quidqnid
928 3173 1266 3227 adversitatis
1295 3172 1637 3234 aceiderit,in
1666 3172 1889 3225 salutem
1920 3170 2017 3222 sibi
2042 3169 2221 3223 suavi-
2252 3186 2295 3251 ρ
2328 3169 2515 3223 ctrinm
2564 3166 2765 3221 duritia
2821 3177 3074 3237 poterant
3128 3171 3414 3235 deterreri,
3476 3172 3814 3241 quandoque
3862 3173 3933 3227 ad

650 3272 762 3318 tate
800 3262 1015 3327 mentis,
1043 3271 1095 3317 et
1125 3262 1290 3315 animi
1344 3260 1730 3330 tranquillitate
1776 3258 2063 3313 convertit.
2120 3260 2226 3312 Aut

650 3368 944 3423 nunquam,
990 3361 1083 3406 aut
1123 3366 1249 3406 raro
1279 3351 1570 3421 capitulum
1620 3366 1741 3405 cum
1790 3349 2048 3403 fratribus
2088 3349 2226 3403 cele-

654 3454 863 3507 oretur,
895 3456 1003 3511 quo
1049 3441 1207 3495 missa
1240 3449 1508 3493 metantes
1552 3448 1601 3494 lc
1650 3454 1753 3494 non
1802 3454 2050 3502 accuses;
2085 3437 2226 3491 ultro

650 3535 812 3591 etiam
852 3534 901 3587 in
951 3542 1003 3588 te
1054 3547 1339 3601 scoparum
1384 3531 1665 3599 disciplina
1719 3532 1996 3600 procedat,
2036 3529 2222 3585 humili

650 3624 783 3677 satis
810 3622 1127 3677 auctoritate
1157 3622 1411 3691 deposce.
1454 3619 1509 3674 Si
1544 3620 1624 3674 vel
1654 3629 1826 3686 tuum,
1868 3620 1952 3674 vel
1996 3619 2222 3688 cujusli-

652 3714 743 3769 bet
790 3712 972 3767 fratris
1015 3712 1198 3766 laesum
1256 3712 1538 3765 adversum
1585 3720 1634 3763 te
1682 3710 1920 3763 animum
1967 3710 2217 3773 senseris,

650 3801 757 3855 noli
786 3801 1081 3870 quiescere,
1113 3799 1282 3855 donec
1325 3797 1541 3854 studeas
1567 3798 1757 3852 vulnus
1801 3798 2016 3861 mentis,
2062 3806 2220 3867 prout

654 3905 815 3945 causa
842 3890 1140 3954 dictaverit,
1180 3890 1261 3944 vel
1293 3890 1653 3959 corripiendo,
1686 3889 1768 3966 vel
1796 3888 2099 3953 mulcenda,
2134 3888 2219 3943 vel

657 3980 819 4036 etiam
873 3979 1254 4036 satisfaciendo
1308 3986 1520 4035 sanare.
1567 3979 1771 4035 Idcirco
1819 3989 1998 4035 autem
2056 3995 2219 4050 super

652 4070 849 4140 prioris
876 4069 1050 4125 ollicio
1096 4070 1297 4125 diutius
1334 4072 1497 4125 verba
1531 4071 1912 4141 protrahimus,
1959 4072 2084 4141 quia
2132 4072 2216 4124 di-

651 4160 775 4213 vina
803 4161 974 4231 gratia
1004 4161 1271 4229 praeduce,
1298 4174 1511 4217 omnem
1542 4159 1904 4229 sttbjcctorum
1934 4160 2217 4231 perfectio-

650 4263 774 4303 nem
824 4250 875 4303 in
925 4250 1041 4319 ejus
1096 4250 1326 4320 pendere
1356 4250 1666 4321 magisterio
1716 4265 1822 4305 non
1871 4252 2210 4322 ambigimus.

649 4338 802 4405 Quod
827 4340 966 4394 enim
998 4339 1305 4395 stomachus
1326 4340 1378 4393 in
1419 4339 1656 4394 humano
1690 4354 1935 4411 corpore,
1963 4342 2067 4396 hoc
2092 4355 2215 4410 pro-

648 4427 933 4498 pemodum
964 4428 1110 4497 prior
1137 4436 1219 4482 est
1247 4428 1296 4481 in
1338 4426 1565 4481 fratrum
1603 4427 1960 4498 spiritualium
1990 4444 2214 4501 congre-

2324 3261 2484 3316 fortia
2521 3262 2960 3317 convalescerent
2986 3263 3275 3333 prmceptis
3324 3263 3638 3319 mitioribus
3668 3264 3926 3329 invitati;

2324 3359 2433 3404 eta
2466 3352 2667 3420 parvis,
2703 3366 2767 3405 ac
2791 3351 3026 3416 levibus,
3052 3352 3201 3407 velut
3227 3352 3381 3422 pueri
3411 3352 3591 3409 adhuc
3631 3354 3931 3419 lactentes,

2326 3444 2645 3512 inciperent,
2711 3452 2770 3496 nt
2823 3444 3073 3512 graviora
3129 3443 3267 3514 legis
3316 3444 3516 3499 divinae
3558 3445 3825 3500 mandata
3874 3447 3931 3500 in

2322 3532 2556 3603 perfecta
2586 3533 2927 3602 postmodum
2966 3542 3128 3588 πίειιο
3155 3534 3403 3589 valenter
3441 3534 3752 3605 implerent.

2391 3622 2497 3678 Nos
2548 3624 2754 3686 etiam,
2803 3622 2895 3691 qui
2966 3622 3233 3693 spiritalis
3291 3621 3535 3678 infantia:
3585 3625 3930 3695 crepundias

2327 3714 2581 3776 teximus,
2614 3722 2668 3767 et
2712 3712 2962 3765 laetantis
3000 3712 3180 3768 adhuc
3215 3714 3481 3779 eremita,
3511 3722 3573 3768 ut
3603 3712 3679 3769 ita
3711 3713 3923 3782 fatear,

2320 3801 2644 3859 incunabula
2678 3799 3039 3867 fabricamus;
3083 3801 3210 3873 dum
3255 3801 3463 3857 debiles
3510 3816 3781 3871 quosque,
3828 3820 3928 3859 no-

2318 3895 2527 3962 strique
2576 3890 2887 3947 consimiles
2930 3906 3028 3961 per
3060 3890 3307 3960 planiora
3359 3892 3704 3959 deducimus,
3749 3908 3901 3964 expc

2319 3985 2431 4040 dite
2476 3982 2798 4052 princinctos
2848 3981 2918 4035 ab
2961 3982 3117 4035 ardui
3174 3981 3378 4037 montis
3422 3996 3652 4038 ascensu
3693 3982 3927 4039 minime

2318 4074 2702 4145 prohibemus;
2754 4079 3021 4141 quatenus
3057 4070 3356 4129 imbecilles
3400 4071 3580 4127 adhuc
3630 4074 3713 4128 sic
3757 4072 3925 4130 lactis

2319 4165 2495 4236 liquor
2523 4164 2785 4229 enutriat,
2835 4172 2896 4218 ut
2942 4162 3208 4227 valentes,
3258 4178 3325 4220 ac
3358 4163 3570 4219 vividos
3624 4162 3922 4235 corpulen-

2318 4257 2471 4313 tioris
2497 4256 2599 4310 sibi
2631 4254 2875 4309 soliditas
2915 4269 3022 4310 non
3071 4253 3316 4324 repellat.
3363 4252 3477 4309 Hoc
3513 4263 3697 4308 autem
3723 4266 3797 4308 ex
3829 4256 3918 4310 di-

2316 4348 2454 4401 vina:
2483 4344 2782 4400 clementia:
2824 4344 3064 4398 bonitate
3097 4342 3445 4409 confidimus,
3474 4342 3619 4414 quod
3661 4343 3921 4414 quisquis

2318 4433 2406 4490 illa
2439 4448 2720 4504 peragere,
2772 4446 2892 4502 qua:
2937 4432 2991 4487 in
3046 4434 3151 4489 hoc
3198 4432 3462 4504 opusculo
3506 4434 3713 4505 scripta
3760 4449 3917 4499 sunt,

647 4518 883 4589 gationc.
912 4517 1062 4572 Sicut
1089 4517 1230 4599 enim
1267 4517 1332 4571 de
1373 4518 1633 4572 stomachi
1680 4519 2018 4589 receptaculo
2063 4522 2214 4593 vigor
2242 4535 2290 4594 ο
2316 4524 2544 4594 augendi
2574 4533 2861 4592 provectus
2890 4522 3189 4577 intentione
3212 4520 3501 4585 studuerit,
3537 4536 3645 4578 non
3683 4521 3915 4579 laedatur

647 4623 701 4663 et
732 4611 895 4665 robur
922 4625 1016 4679 per
1061 4610 1239 4663 omnia
1289 4611 1529 4680 corporis
1576 4612 1815 4665 membra
1856 4610 2207 4677 diﬂ'unditur;

646 4702 720 4754 ita
756 4700 1008 4754 nimirum
1044 4699 1111 4754 de
1143 4700 1281 4753 bene
1318 4700 1693 4754 administrato
1726 4700 1891 4771 358
1923 4703 2211 4771 praisideno

648 4790 716 4843 tis
744 4786 915 4843 ollieio
938 4803 1096 4842 omne
1121 4804 1314 4859 corpus
1340 4789 1391 4843 in
1422 4790 1701 4844 charitatis
1729 4806 1985 4862 compage
2016 4791 2213 4862 degen~

650 4879 782 4933 tium
820 4888 1115 4947 vegetatur.

1194 4969 1417 5026 CAPUT
1459 4969 1666 5025 XXXII.

652 5052 778 5110 Fest
826 5056 1049 5125 perfecta
1096 5067 1142 5112 et
1175 5070 1529 5116 consummata
1577 5062 1855 5117 eremitica'
1902 5064 2019 5117 rita:
2060 5064 2207 5116 insti-

2314 4629 2344 4669 a
2371 4622 2543 4668 morte
2572 4614 2830 4677 secunda,
2862 4625 2962 4669 nec
2987 4611 3257 4668 delebitur
3286 4626 3484 4668 nomen
3526 4611 3647 4682 ejus
3673 4614 3743 4669 de
3772 4612 3916 4672 libro

2318 4706 2461 4771 vitae,
2506 4706 2599 4761 sed
2629 4705 2811 4777 Agnus
2842 4704 2947 4769 ille,
2998 4706 3091 4775 qui
3134 4718 3259 4760 eum
3296 4712 3420 4775 post
3472 4720 3535 4762 se
3564 4706 3747 4762 crucis
3798 4720 3915 4763 sua

2316 4796 2582 4866 conspicit
2626 4805 2975 4868 gestatorem,
3024 4796 3080 4850 in
3124 4796 3337 4851 caelesti
3372 4796 3675 4852 Jerusalem
3728 4798 3906 4853 ascri-

2317 4885 2409 4940 bet
2434 4886 2648 4942 sibimet
2679 4885 2864 4956 procul
2887 4885 3051 4941 dubio
3071 4884 3410 4941 cohznredem
3437 4884 3627 4956 (Apoc.
3651 4902 3745 4953 xx,
3768 4886 3909 4957 ut).

2314 4975 2502 5029 Arnen.

2627 5065 2705 5121 Sit
2747 5081 2931 5120 nomen
2973 5063 3186 5119 Domini
3224 5064 3584 5123 benedictum.
