4276 6422
847 449 1085 507 OPUSC.
1129 444 1268 502 XVI.
1307 473 1378 483 --
1415 439 1688 499 CONTRA
1725 436 1936 492 l-ZPISC.
1980 431 2285 491 Ml).\".\Cll.
2324 432 2415 487 AD
2455 428 2629 485 S:EC.
2674 428 2831 482 ιιι-Ν.
3402 420 3507 476 366

488 772 838 847 πεπυ
917 781 1765 905 OPUSCULUM
1866 773 2519 889 DECIMUM
2625 766 3250 882 SEXTUM.

248 1009 804 1081 nnurnomcas
834 991 2003 1069 DECLAMATIONISINVECTIO1N
2038 987 2476 1051 EPISCOPUM
2510 966 2949 1046 MONACHOS
2977 984 3085 1043 an
3114 979 3504 1043 sascuwu

759 1099 1329 1169 REVOCANTEM.
1369 1098 1478 1157 AD
1520 1091 1948 1155 GlSLERlUM
1994 1087 2433 1149 EPISCOPUM
2480 1082 3003 1146 AUXIMANUM.

250 1396 654 1451 Attonitas-run.
686 1412 755 1424 —
785 1376 1078 1448 Redarguit
1120 1372 1409 1443 quemdam
1443 1363 1903 1451 episcoptttanui
1935 1374 2096 1416 ausus
2146 1358 2318 1451 fuerat
2368 1370 2614 1451 asseretze
2650 1353 2976 1451 monachum
3032 1351 3509 1451 ll‘OiigiOtliS.'lltiiti-

329 1423 655 1517 $5318.33
694 1423 1507 1518 suscepto-iii“.poQ._—pro_pter
1552 1423 1927 1513 aegritudinem
1986 1428 2249 1518 aut‘alias
2294 1442 2531 1518 causam.
2554 1426 2806 1518 deserere
2838 1423 3043 1518 Lquod

325 1511 513 1601 pium.
563 1534 619 1578 et
664 1511 1178 1601 sacris-canoniluts
1220 1511 1682 1601 cpnoiliorntnqne

1727 1502 1941 1557 statutis
1993 1498 2326 1552 contrarium
2374 1496 2618 1565 pluribus
2662 1492 2932 1557 ostendit,
2965 1500 3020 1545 et
3069 1488 3394 1545 ﬁrmissimis
3428 1504 3512 1542 ra-

328 1568 979 1661 iiiiiiiitits'éoiiiﬁibioai;
1018 1581 1295 1652 religionis
1326 1568 1609 1648 proposito
1633 1574 1886 1629 recedere
1914 1586 2019 1624 non
2049 1568 2230 1621 licere.

325 1748 532 1802 Domno
554 1743 808 1798 Gtsunuo
832 1734 1132 1788 Auximano
1153 1732 1429 1801 episcopo,
1460 1727 1675 1780 Pcrnus
1704 1721 1828 1776 nlti-
1863 1730 1905 1786 Α
1935 1718 2149 1791 stolam.
2182 1719 2284 1771 hoc
2314 1717 2476 1769 etiam
2514 1714 2827 1785 opusculum
2859 1714 3095 1783 suscipe.
3126 1723 3182 1768 et
3216 1714 3293 1769 sic
3322 1728 3510 1768 revera

248 1857 376 1897 mus
420 1834 809 1894 monachorum
851 1841 1061 1889 servus,
1099 1821 1505 1878 ferventissimze
1534 1813 1831 1871 devotionis

248 1929 597 1999 obsequium.

329 1992 442 2073 Non
486 2013 639 2069 vobis
680 2010 795 2064 exci
818 2009 901 2068 lit.
954 2000 1388 2059 reverentissime
1438 1994 1652 2068 prmsul.
1706 1992 1830 2062 quia

245 2112 321 2164 de
370 2104 613 2173 reprobis
664 2100 771 2153 illis
820 2098 992 2158 viris,
1044 2094 1133 2162 qui
1179 2098 1359 2160 spreto
1410 2084 1680 2155 religionis
1733 2083 1831 2173 lia-—

246 2201 366 2255 ltittt
407 2170 473 2249 ad
516 2190 767 2248 Stecuhtm
796 2195 919 2242 sunt
962 2182 1173 2252 relapsi.
1205 2193 1345 2248 saepe
1388 2190 1491 2229 una
1532 2170 1829 2240 conquesti.

244 2300 395 2356 ιερρο
425 2279 692 2339 communi
722 2290 908 2330 smnus
939 2272 1094 2327 tzedio
1125 2266 1421 2323 lamentati.
1450 2262 1626 2331 Nuper
1655 2271 1832 2312 autem

246 2354 377 2432 cum
418 2383 468 2428 te
493 2368 758 2439 corporali
786 2365 1092 2418 valetudine
1122 2360 1420 2417 laborante.
1454 2354 1709 2406 llontattre
1742 2364 1831 2419 sy-

246 2464 397 2520 nodo
421 2476 508 2516 me
556 2461 817 2513 interesse
860 2452 1219 2519 contingeret,
1266 2445 1424 2511 hujus
1459 2442 1535 2497 rei
1587 2440 1830 2496 notitiatu

246 2555 473 2609 domino
520 2562 671 2619 papze
726 2555 1015 2614 suggerere
1072 2551 1364 2607 congruum
1412 2530 1695 2597 jttdicavi:
1748 2528 1834 2583 ille

246 2653 433 2697 autem
478 2618 663 2707 utpote
694 2636 779 2687 vir
830 2629 1224 2688 sanctissimus,
1264 2623 1413 2692 juxta
1453 2618 1833 2675 sincerissima

246 2729 537 2786 eharitatis
562 2727 789 2784 viscera,
814 2736 931 2789 qum
954 2720 1006 2771 in
1040 2715 1235 2785 templo
1257 2713 1339 2766 sui
1368 2710 1599 2782 pectoris
1630 2708 1828 2777 vige:.t.

248 2835 368 2874 rem
396 2816 549 2870 valde
578 2811 864 2884 perdoluit,
897 2818 953 2862 et
977 2822 1096 2860 mox
1124 2818 1418 2873 congruunt
1445 2798 1834 2855 inunanissinto

248 2908 463 2963 vulneri
491 2903 788 2959 remedium
818 2898 1074 2954 adhibere
1122 2895 1349 2950 curavit.
1390 2891 1574 2960 Itaque
1606 2890 1733 2959 quia
1764 2889 1831 2942 ad

248 2996 657 3054 exsecutionem
688 2990 845 3057 hujus
877 2987 1073 3057 negotii
1107 2985 1401 3039 idoniorcm
1439 2982 1491 3035 in
1525 2980 1629 3035 illis
1667 2978 1834 3048 parti—

1937 1808 2213 1878 Beujamin
2281 1807 2423 1860 [ilius
2507 1816 2736 1875 utraque
2794 1821 2955 1859 manu
3012 1805 3215 1873 bicipiti
3272 1814 3515 1858 armatus

1933 1899 2132 1970 gladio,
2193 1899 2244 1951 in
2294 1900 2631 1967 constipatos
2677 1896 2864 1952 hostes
2916 1897 3188 1965 irrnntpe.
3247 1905 3514 1965 quatenus

1936 1988 2019 2040 illa
2050 2003 2114 2043 ac
2140 1988 2183 2043 si
2213 1986 2421 2041 validus
2478 2001 2666 2041 vomer
2712 1986 2780 2039 ad
2828 1985 3066 2038 vitosnm
3109 1985 3380 2038 aconitum
3425 2000 3513 2038 ra-

1934 2076 2130 2133 dicitus
2172 2075 2509 2131 evelleudnm
2550 2074 2803 2129 zizaniali
2847 2074 3083 2143 pectoris
3110 2088 3238 2127 arva
3271 2076 3517 2143 proscis-

1934 2164 2043 2218 dat.
2076 2164 2187 2218 lloc
2214 2164 2363 2233 quasi
2396 2163 2513 2217 vilis
2538 2162 2779 2217 sarenlus
2802 2163 3132 2230 subsequens
3157 2162 3340 2232 gl.-b.;s
3368 2162 3516 2216 fran-

1933 2262 2061 2321 gat.
2109 2252 2214 2305 imo
2264 2262 2320 2305 ιιι
2377 2251 2681 2321 exemplum
2744 2252 3124 2322 congruentius
3178 2252 3515 2322 proferatur,

1933 2343 2036 2395 hoe
2061 2342 2203 2396 velut
2228 2350 2413 2395 orator
2463 2340 2729 2394 ntzzuifesti
2777 2341 3021 2397 criminis
3073 2358 3193 2397 reos
3238 2359 3358 2397 esse
3390 2360 3520 2397 con-

1934 2433 2134 2494 vincat,
2168 2447 2301 2502 qnos
2327 2432 2413 2484 illa
2450 2433 2762 2494 auctoritas.
2798 2431 2940 2485 velut
2971 2433 3176 2486 arbiter
3199 2435 3516 2503 prresidcnl.

1933 2522 2178 2576 canonici
2212 2522 2403 2590 rigoris
2431 2536 2658 2576 censura
2689 2531 2956 2577 coerceat.
2993 2522 3099 2577 Sed
3127 2523 3307 2578 divina
3346 2527 3518 2594 gratia

1934 2616 2201 2684 praedure,
2234 2630 2393 2683 quem
2442 2614 2659 2684 aggredi
2694 2615 2938 2681 nitimur,
2989 2615 3041 2670 itt
3092 2614 3241 2670 illuttt
3273 2619 3519 2686 protinus

1935 2704 2273 2760 invehamur.

2450 2795 2677 2853 CAPUT
2717 2795 3006 2853 PRIMUM.

1936 2908 2089 2975 Quod
2135 2912 2387 2963 monac/to
2442 2911 2717 2979 a‘grolanli
2773 2925 2873 2989 non
2929 2910 3081 2964 liceat
3140 2912 3208 2963 ad
3262 2910 3516 2963 mention

2632 2989 2836 3033 reverti.

248 3088 357 3140 ltus
388 3085 562 3137 virum
607 3080 791 3148 nequit
818 3077 1116 3137 addiscere,
1161 3087 1286 3126 snas
1314 3071 1381 3125 ad
1423 3081 1473 3125 te
1497 3069 1708 3125 censuit
1743 3067 1830 3121 lit-
1863 3072 1906 3131 Β
2004 3070 2179 3140 Cogor
2237 3070 2523 3124 adversum
2578 3078 2631 3123 te
2660 3110 2675 3133 ,
2729 3086 2852 3125 veni
2867 3070 3051 3125 rabilis
3079 3072 3328 3141 episeopo
3366 3070 3520 3125 Mau-

250 3189 400 3233 teras
443 3174 736 3235 destinare,
795 3178 1060 3238 quatenus
1112 3163 1552 3234 pra-varicatores
1604 3160 1723 3213 illos
1774 3166 1828 3210 tu

247 3266 549 3322 secundum
579 3260 877 3333 prudentiae
923 3268 1027 3311 tua:
1059 3254 1362 3309 facundiam
1411 3251 1752 3313 convenires,
1779 3258 1835 3302 et

248 3357 472 3411 obedire
504 3353 741 3407 volentes
802 3349 868 3403 ad
919 3360 1075 3399 suum
1122 3342 1454 3411 propositum
1502 3352 1831 3399 revocares;

248 3447 343 3517 qui
392 3458 521 3498 Vero
571 3440 794 3494 rebelles
824 3438 1143 3498 existerent,
1190 3430 1433 3501 perpetui
1474 3428 1835 3482 attathctuatis

246 3535 522 3591 sententia
569 3530 884 3585 feriretttttt'.

308 3622 594 3677 Dominum
633 3626 812 3672 autem
854 3614 1153 3670 Guidonem
1188 3609 1487 3663 Numanum
1528 3608 1833 3675 episcopum

250 3714 306 3767 in
338 3712 597 3782 praedicto
625 3706 851 3762 eoat-ilio
876 3704 1073 3771 reperi,
1108 3710 1162 3756 ct
1185 3700 1309 3769 quia
1343 3699 1450 3761 ille,
1482 3708 1532 3750 ut
1566 3697 1725 3755 nosti.
1762 3696 1837 3748 itt-

245 3804 540 3860 citameuta
568 3800 808 3869 prmhere
848 3794 974 3849 huic
999 3794 1131 3846 vitio
1161 3792 1458 3850 dicebatur,
1508 3784 1678 3840 fateor
1708 3800 1835 3854 pee-

249 3902 437 3947 catunt
482 3902 684 3948 meum,
739 3886 874 3939 dure
924 3882 1072 3936 illum
1122 3892 1442 3934 succensere
1498 3876 1832 3944 praesumpsi.

245 3979 343 4035 Ille
373 3979 627 4032 nimirum
654 3977 736 4028 vir
766 3974 939 4043 dignae
986 3968 1324 4031 humilitatis,
1356 3977 1411 4021 et
1442 3964 1733 4035 patientiat,
1781 3972 1837 4018 et

244 4084 358 4124 non
386 4066 560 4122 solum
590 4064 763 4119 sacris
788 4059 1039 4129 eloquiis,
1072 4057 1167 4112 sed
1207 4055 1373 4111 etiam
1420 4054 1720 4107 liberalium
1749 4068 1838 4105 ar-

245 4160 387 4213 tium
408 4155 601 4211 studiis
629 4152 893 4212 eruditus.
924 4147 1358 4218 insuggillantcm
1387 4146 1603 4214 quidem
1638 4159 1720 4197 nte
1751 4158 1838 4212 pa-

244 4251 452 4304 tienter
483 4246 605 4299 tulit
637 4262 648 4295 :
686 4241 880 4310 objecti
906 4255 1033 4295 vero
1060 4238 1305 4294 criminis
1334 4237 1546 4305 culpam
1570 4236 1832 4305 negando,

245 4322 590 4401 detestandi).
641 4337 732 4390 Dei
780 4334 1145 4389 testimonium
1192 4331 1551 4401 imploranda,
1592 4329 1836 4382 disertis—

1936 3174 2035 3222 re.
2096 3160 2344 3230 exigente
2411 3161 2750 3222 necessitate.
2794 3176 2899 3215 non
2954 3162 3163 3215 tuodiea
3229 3162 3515 3215 scribere:

1930 3248 2221 3318 compellor
2270 3250 2410 3323 ultra
2467 3250 2572 3303 mei
2622 3251 2829 3305 ordinis
2876 3260 3073 3305 mrttm
3120 3251 3278 3323 361
3334 3266 3517 3306 sacer-

1935 3336 2114 3400 dotis,
2184 3339 2524 3392 sermonibus
2598 3354 2702 3393 non
2774 3354 2801 3394 δ
2836 3341 3200 3395 cerdotalibus
3249 3340 3510 3401 obviare;

1936 3427 2172 3496 nudique
2216 3438 2498 3491 coarctor,
2554 3430 2791 3498 undique
2835 3446 3051 3501 premor
3097 3446 3112 3485 :
3158 3430 3410 3487 videlicet
3463 3444 3519 3488 et

1935 3526 2124 3571 contra
2165 3518 2474 3587 episcopum
2523 3517 2665 3588 loqui
2718 3522 3007 3590 superbum
3058 3514 3177 3584 ‘est.
3221 3531 3269 3575 et
3324 3523 3391 3576 ad
3436 3532 3521 3576 ta-

1934 3608 2002 3660 lia
2053 3609 2459 3669 conticescere.
2517 3623 2840 3664 consensum
2897 3620 2983 3664 est
3053 3611 3337 3666 adhibere.
3412 3611 3524 3667 Sed

1939 3697 2126 3753 melius
2156 3707 2265 3757 est.
2309 3706 2367 3750 ιιι
2410 3714 2674 3768 arrogans
2718 3699 2865 3755 solus
2907 3717 3216 3770 appareant,
3249 3718 3409 3771 quam
3456 3706 3525 3759 ad

1940 3788 2229 3840 multorum
2280 3788 2574 3855 perniciem
2610 3789 2836 3843 mortale
2866 3791 3071 3851 vitium.
3103 3793 3247 3859 quod
3295 3795 3520 3849 nuncin

1937 3878 2126 3946 primis
2165 3880 2357 3938 oritur.
2418 3879 2699 3934 inolescat.
2752 3880 2919 3953 Magis
2971 3883 3279 3951 eligendum
3328 3889 3518 3940 estde

1937 3967 2284 4035 simplicitate
2338 3967 2624 4022 locutionis
2662 3969 2713 4023 in
2756 3971 3130 4039 episcoporum
3167 3971 3374 4040 judicio
3403 3991 3524 4029 eor-

1941 4054 2064 4126 ripi,
2094 4073 2256 4126 quant
2285 4067 2411 4111 ante
2456 4058 2693 4113 tribunal
2726 4061 2942 4128 superni
2980 4059 3178 4128 judicis
3207 4062 3273 4117 de
3306 4062 3524 4119 silentio

1939 4145 2311 4200 condemnari.
2356 4145 2558 4217 Nempe
2605 4156 2731 4202 ante
2780 4149 2881 4202 hoc
2913 4149 3037 4208 fere.
3068 4149 3343 4207 biennium
3391 4154 3523 4209 dttm

1941 4235 1991 4288 itt
2014 4246 2245 4305 angusto
2286 4235 2493 4290 cellula:
2517 4252 2650 4291 mea:
2676 4240 2874 4309 attgqu
2900 4240 3192 4305 latitarem,
3236 4245 3522 4300 sinistrum

1938 4322 2068 4393 quid
2120 4335 2173 4379 et
2225 4340 2457 4381 maerore
2506 4326 2723 4394 plenum
2755 4330 2822 4383 ad
2878 4346 2963 4383 me
3002 4330 3145 4385 fama
3182 4332 3523 4390 discurrente

246 4431 392 4485 sime
420 4424 771 4497 propttlsarit.
815 4422 966 4479 Ultro
1005 4424 1169 4477 etiam
1218 4436 1315 4491 pro
1346 4436 1430 4474 me
1464 4421 1624 4490 cmpit
1653 4420 1837 4472 verbo-
1866 4409 1909 4470 C
1943 4412 2206 4483 pedatunt
2252 4424 2336 4470 est
2365 4432 2379 4468 :
2432 4416 2684 4471 videlicet
2732 4418 2875 4487 qttod
2908 4420 3151 4475 nonnulli
3183 4422 3381 4491 perditi
3427 4424 3523 4479 lto-

248 4536 379 4578 rum
408 4532 632 4574 suorum
691 4514 795 4569 tela
826 4514 1079 4584 dirigere,
1127 4513 1218 4581 qui
1256 4512 1538 4566 adversum
1576 4526 1660 4564 me
1701 4508 1834 4562 falso

244 4608 537 4665 dicebatur
579 4614 805 4659 eatenus
850 4602 1128 4655 dimicare.
1185 4600 1290 4654 Sed
1348 4585 1838 4653 licet‘vcnerabilis

243 4702 342 4759 ille
388 4700 470 4753 vir
522 4700 781 4753 innocens
828 4704 1072 4764 repertus
1128 4693 1229 4757 sit.
1271 4706 1369 4760 ego
1424 4701 1601 4745 tamen
1647 4690 1836 4743 vibrati

240 4794 364 4862 jam
390 4789 557 4859 jacnli
592 4791 851 4856 impetum
878 4800 982 4839 non
1018 4782 1281 4845 continui,
1310 4782 1405 4835 sed
1438 4796 1595 4833 verso
1627 4780 1840 4832 nomine

243 4883 413 4939 aliam
468 4881 575 4935 huc
624 4891 949 4947 personant.
1004 4890 1127 4928 cum
1185 4889 1288 4941 qua
1334 4871 1714 4941 conﬂigerent.
1760 4871 1840 4922 it:-

245 4972 467 5030 trorlttxi
501 4988 514 5023 :
565 4979 621 5022 ttt
671 4966 924 5020 nimirum
968 4964 1057 5017 illc
1093 4979 1150 5017 se
1183 4964 1285 5017 hoc
1312 4963 1569 5016 vocabulo
1598 4971 1837 5014 notarent

243 5076 359 5117 non
385 5058 645 5127 ambigat,
675 5054 921 5123 quisquis
954 5052 1291 5121 improbe-ad
1335 5052 1489 5120 hujus
1526 5061 1839 5104 controver-

244 5152 347 5207 sia:
371 5156 647 5204 certamen
678 5144 900 5213 aspirat.
957 5143 1019 5197 lit
1059 5142 1185 5197 licet
1235 5148 1424 5195 auctor
1466 5139 1623 5208 hujus
1653 5141 1839 5211 ﬂagitii

244 5256 397 5299 nunc
417 5237 738 5294 manifestus
765 5252 868 5289 non
897 5237 987 5300 sit,
1033 5246 1211 5289 tamen
1256 5235 1381 5288 dum
1414 5234 1581 5287 latere
1612 5234 1677 5287 ad
1706 5244 1839 5287 tem-

244 5348 354 5406 pus
384 5330 600 5389 nititur.
632 5326 1028 5379 immunitatem
1073 5324 1138 5379 de
1170 5322 1305 5391 fugae
1333 5337 1444 5376 sua:
1480 5322 1704 5375 latibulo
1734 5338 1838 5375 non

244 5423 525 5479 literatur.
559 5417 665 5472 Sed
697 5416 776 5469 sie
818 5424 1065 5470 armatus
1112 5413 1495 5483 disputationis
1540 5414 1673 5466 ordo
1720 5413 1841 5467 dra-

242 5520 463 5570 conteze
490 5507 660 5563 fovea:
690 5504 931 5559 foramen
982 5504 1252 5566 obsideat,
1303 5510 1572 5572 quatenus
1626 5516 1744 5555 mox
1782 5510 1840 5555 ut

246 5600 566 5662 cnterserit,
618 5597 670 5649 in
714 5596 1082 5651 itttntinentem
1123 5594 1359 5665 gladium
1391 5592 1568 5648 subito
1598 5591 1838 5648 confrin-

246 5689 461 5766 gendos
494 5686 777 5755 impingat.

326 5785 672 5853 Quapropter
717 5786 835 5848 post
880 5776 1025 5832 illam
1078 5793 1303 5832 summae
1355 5775 1696 5832 auctoritatis
1726 5774 1837 5848 cpi-

1945 4504 2117 4557 ntiucs
2142 4514 2259 4572 post
2283 4504 2539 4559 Satanam
2570 4508 2839 4569 conversi.
2873 4510 3249 4565 monachicum
3276 4512 3520 4568 ltabitum

1941 4594 2201 4663 sacrilega
2252 4598 2557 4651 temeritate
2587 4600 2925 4661 desererent.
2951 4611 3006 4655 et
3032 4604 3355 4658 exsecrabili
3392 4622 3521 4675 apo-

1942 4688 2107 4740 stasia
2150 4687 2214 4741 ad
2262 4690 2575 4743 szecttlarent
2633 4691 2880 4745 militiam
2934 4693 3111 4747 denuo
3157 4694 3516 4763 repedarcnt:

1942 4776 2031 4842 qui
2092 4780 2342 4833 nimirum
2397 4780 2449 4833 itt
2507 4789 2613 4833 tam
2659 4778 2908 4850 profundi
2935 4784 3179 4838 criminis
3203 4786 3519 4842 barathrum

1943 4872 2097 4940 lapsi,
2123 4870 2226 4923 tuis
2255 4870 2319 4921 ad
2344 4870 2646 4924 audendum
2669 4872 3139 4927 exhortationibus
3165 4876 3402 4939 incitari.
3429 4886 3519 4933 tua

1942 4964 2005 5015 ad
2038 4961 2433 5030 pet-sistendum
2478 4959 2794 5015 eliciebantur
2820 4964 3142 5018 auctoritate
3175 4964 3372 5020 fulciri.
3422 4967 3523 5021 Fu.

1942 5052 2149 5104 rebaris
2215 5050 2359 5107 enim
2423 5048 2635 5115 dicere,
2699 5052 2823 5121 quia
2866 5053 2966 5107 nisi
3028 5057 3151 5124 quis
3200 5056 3523 5125 regulariter

1942 5150 2269 5209 protractus,
2296 5153 2350 5193 et
2382 5154 2475 5207 per
2499 5141 2653 5211 longa
2686 5152 2989 5212 temporum
3014 5147 3209 5215 spatia.
3240 5148 3378 5201 sicut
3401 5163 3521 5203 mo-

1942 5232 2148 5285 nastica
2181 5232 2424 5300 praecipit
2470 5233 2670 5303 περίιθι,
2703 5235 2773 5287 sit
2819 5238 3099 5304 jl‘ttltaltls.
3150 5237 3193 5292 si
3218 5236 3397 5307 aliter,
3427 5251 3521 5294 aut

1941 5332 2163 5389 propter
2217 5323 2625 5391 a-gritudiueut,
2680 5333 2771 5378 an:
2808 5327 3047 5392 quolibet
3099 5329 3205 5382 alio
3254 5334 3411 5386 modo
3453 5334 3519 5384 ad

1943 5412 2317 5465 monachicum
2359 5414 2665 5479 pervenerit
2696 5410 2961 5480 ordinent,
3006 5418 3229 5473 liberam
3263 5421 3517 5475 redeundi

1942 5504 2007 5555 ad
2037 5503 2290 5557 srecttlum
2335 5504 2526 5558 habeat
2552 5504 2883 5562 facultatem.

2014 5594 2188 5662 Super
2232 5594 2387 5662 cujus
2434 5594 2508 5648 rei
2571 5596 2805 5665 capitulo
2853 5608 2981 5653 tunc
3014 5601 3273 5669 temporis
3299 5602 3518 5656 brevem

1944 5684 2037 5739 tibi
2085 5683 2371 5753 epistolam
2421 5686 2634 5742 misisse
2664 5703 2748 5741 nte
2795 5690 3034 5753 memini.
3086 5698 3135 5742 et
3198 5701 3254 5743 ιιι
3303 5688 3371 5743 ab
3418 5690 3520 5746 hac

1939 5774 2197 5846 pestifera
2251 5775 2495 5832 doctrina
2530 5790 2792 5845 cessares.
2844 5780 3020 5834 debita
3061 5780 3359 5835 humilitate
3399 5796 3521 5850 sng-
