4276 6390
607 454 706 507 507

609 562 768 633 geSsi.
803 557 980 626 Nuper
1026 563 1198 606 autem
1232 550 1368 618 apud
1422 546 1708 602 Auximum
1746 539 2086 596 eoostitutus,

610 652 848 722 pluribus
892 643 1072 702 didici,
1120 641 1244 707 quia
1298 639 1348 690 in
1382 645 1466 688 tua
1505 634 1676 686 adhuc
1703 627 2046 683 nihilominus
2081 622 2165 674 in-

611 740 845 793 tentione
869 730 1286 790 obstinatissime
1317 739 1649 794 perseveras,
1680 731 1730 774 et
1759 724 1944 770 contra
1976 711 2169 766 divina:

613 829 743 897 legis
769 821 1143 878 auctoritatem
1163 859 1176 881 ,
1211 829 1394 870 contra
1427 812 1803 882 ecclesiastica
1829 802 2171 859 consuetudi-

615 920 699 972 nis
726 928 990 974 normam,
1024 909 1208 962 eadem
1242 905 1604 974 dogmatizare
1640 915 1741 952 non
1789 909 1987 951 cessas.
2023 889 2172 945 Unde

616 1007 748 1061 satis
775 1005 959 1061 miror,
988 1015 1092 1068 quo
1137 1005 1292 1067 pacto
1323 999 1554 1065 prudens
1581 992 1761 1050 homo,
1790 996 1842 1040 et
1873 1000 1976 1038 non
2006 980 2175 1036 omni-

617 1111 688 1150 no
726 1111 753 1146 a
795 1093 1093 1145 litterarum
1125 1086 1312 1139 studiis
1342 1083 1567 1139 alienus.
1608 1089 1716 1130 tam.
1741 1077 2029 1133 incautam,
2066 1081 2172 1123 tam

616 1195 946 1256 perversam,
997 1188 1101 1230 tam
1173 1175 1386 1227 noxiam
1454 1168 1620 1238 possit
1672 1163 1908 1234 proferre
1962 1169 2175 1215 senten-

623 1276 782 1334 tiam;
815 1285 932 1338 qua:
964 1266 1206 1318 videlicet
1236 1258 1503 1315 communi
1554 1256 1826 1310 hominum
1859 1251 2014 1304 saluti
2056 1262 2178 1302 con-

620 1360 902 1423 traria,ad
954 1355 1024 1408 nil
1075 1353 1215 1405 aliud
1270 1350 1369 1403 nisi
1421 1349 1485 1400 ad
1525 1345 1880 1399 claudendum
1943 1338 2177 1394 C(elestis

625 1451 1003 1522 regnijanuam
1033 1442 1399 1514 peccatoribus
1426 1436 1611 1508 procul
1641 1435 1802 1489 dubio
1830 1433 2038 1486 videtur
2061 1442 2178 1482 esse

626 1517 849 1612 prolata.
895 1538 987 1589 Die
1033 1549 1180 1604 rogo,
1240 1532 1358 1600 quis
1395 1530 1532 1582 hanc
1587 1525 1904 1580 sententiam
1959 1517 2177 1586 reperit,

626 1633 726 1687 nisi
770 1631 854 1684 ille
887 1628 977 1696 qui
1019 1625 1248 1692 primum
1299 1620 1565 1672 hominem
1594 1618 1658 1669 de
1681 1611 1912 1683 paradisi
1957 1605 2180 1662 arumni-

630 1733 738 1779 tale
786 1720 1010 1790 dejecit?
1046 1716 1197 1782 Quis,
1252 1714 1490 1781 inquam,
1541 1717 1645 1760 lam
1680 1702 1911 1764 crudele,
1949 1708 2054 1752 tam
2087 1699 2182 1750 im-

626 1814 772 1885 pium
801 1787 1158 1880 promulgavit
1179 1805 1431 1862 edit-tum,
1468 1799 1566 1851 nisi
1605 1798 1648 1850 is
1679 1795 1768 1863 qui
1797 1793 1927 1847 Cain
1959 1787 2185 1842 fratrici-

1019 443 1073 499 S.
1115 440 1312 496 PETRI
1357 432 1633 493 DAMIANI
1671 428 1818 487 OPP.
1845 422 2080 480 TOMUS
2113 414 2241 474 SEU
2283 411 2478 468 PARS.
2511 408 2596 464 111.
2633 434 2704 450 --
2736 393 3098 457 OPUSCCLA
3136 388 3370 444 VARIA.

2130 546 2158 584 a
2189 531 2237 588 Δ
2265 535 2410 581 recto
2456 524 2576 593 jure
2621 514 2960 572 conceditur.
3021 506 3126 562 Sed
3185 517 3309 557 cum
3353 497 3602 554 Iacobus
3659 494 3815 547 dicat
3858 507 3872 540 :

3019 207 3068 219 ρ..

3760 378 3879 432 363

2274 631 2292 664 α
2323 612 2423 680 Qui
2474 606 2712 665 converti
2755 601 2940 656 fecerit
2994 603 3332 666 peccatorcm
3385 588 3457 641 ab
3503 599 3707 639 errore
3766 581 3880 633 viae

2270 720 2410 769 suae,
2463 699 2692 756 salvabit
2739 695 2974 748 animam
3013 687 3128 758 ejus
3195 701 3223 738 a
3287 689 3466 736 morte
3508 677 3661 747 (Jac.
3695 675 3802 744 v):
3854 691 3875 722 ι

2270 796 2422 864 cujus
2466 789 2740 848 homicidii
2774 799 2897 840 reus
2923 780 3172 842 efficitur,
3201 773 3291 842 qui
3324 767 3609 840 peccatori
3643 766 3882 818 dissua-

2271 887 2359 941 det
2387 899 2416 939 e
2453 883 2686 941 diverso,
2723 892 2789 930 ne
2841 865 3220 928 convertatur?
3253 862 3486 930 Nempe,
3539 856 3648 910 nisi
3683 852 3882 912 fallor,

2272 975 2413 1030 illius
2439 971 2580 1042 quod
2611 939 2714 1022 non
2761 961 3082 1034 quandoque
3123 955 3450 1010 moriturum
3478 960 3689 1015 corpus
3716 939 3881 997 occi-

2273 1034 2568 1127 ditur,-sed
2608 1059 2819 1111 victura
2867 1056 2919 1106 in
2951 1057 3268 1118 perpetuum
3301 1040 3489 1094 anima
3535 1034 3882 1091 trucidatur.

2351 1120 2703 1209 At'fors'tan,
2761 1141 2993 1212 inquies,
3025 1152 3129 1190 nou
3180 1131 3398 1202 quidem
3438 1125 3777 1196 prohibetur
3815 1120 3884 1175 in

2274 1239 2535 1310 corporali
2587 1210 2849 1289 molestia
2886 1229 3112 1299 positus,
3165 1223 3230 1275 ad
3271 1229 3490 1288 portum
3553 1210 3884 1269 monachici

2276 1329 2482 1384 ordinis
2528 1330 2750 1393 repente
2795 1317 3104 1386 confugere,
3131 1312 3224 1367 sed
3253 1310 3382 1364 licet
3423 1307 3471 1360 si
3501 1301 3884 1364 convaluerit,

2279 1420 2344 1474 ad
2386 1417 2624 1488 pristinae
2667 1407 3093 1467 conversationis
3148 1403 3392 1458 habitum
3445 1411 3726 1452 remeare.
3769 1393 3888 1448 Sed

2280 1510 2492 1569 clamat,
2524 1507 2629 1560 imo
2678 1502 2942 1556 reclamat
2994 1497 3108 1566 ipsa
3141 1492 3356 1547 Veritas
3406 1499 3518 1541 tam
3566 1485 3888 1555 perspicua:

2283 1599 2520 1661 falsitati,
2571 1610 2691 1650 cum
2728 1592 2856 1645 dicit
2890 1607 2903 1644 :
2951 1608 2969 1640 ι
3008 1585 3176 1640 Nemo
3209 1581 3429 1635 mittens
3453 1591 3684 1630 manum
3720 1587 3888 1628 suam

2284 1693 2347 1745 al
2373 1698 2632 1747 aratrum,
2686 1680 2981 1750 respiciens
3039 1685 3203 1735 retro,
3253 1679 3414 1740 aptus
3462 1675 3548 1720 est
3581 1679 3758 1732 regno
3786 1659 3889 1714 Dei

2286 1779 2437 1850 (Luc.
2483 1775 2581 1846 ix).
2639 1793 2659 1816 ›
2699 1749 2927 1838 Dignum
2981 1764 3177 1834 quippe
3209 1767 3315 1822 est,
3371 1766 3428 1809 ut
3469 1756 3615 1808 sicut
3657 1750 3788 1821 quis
3817 1749 3890 1802 ad

629 1843 772 1885 Plu"!
802 1843 1158 1880 Pluinna-bane
1180 1843 1278 1856 *νιιι*
1304 1843 1431 1862 ,ιι-η,
1469 1843 1566 1851 ......
1607 1843 1647 1850 ,..
1683 1843 1767 1863 Ίῂ-
1808 1843 1854 1847 -s
2295 1843 2304 1850 ἱ
2543 1843 2549 1846 Ἴ

629 1905 750 1957 dam
778 1902 829 1954 in
880 1894 1260 1964 desperationis
1289 1889 1594 1957 voraginem
1646 1884 1853 1945 mersit,
1884 1891 1938 1934 et
1982 1893 2087 1931 non
2120 1875 2183 1928 ad
2217 1862 2259 1920 Β
2293 1872 2454 1925 Deum
2487 1866 2707 1920 veniens
2739 1869 2894 1928 aptus
2940 1858 3012 1910 sit
3040 1867 3202 1924 regno
3228 1849 3344 1908 Dei,
3394 1847 3475 1900 sic
3507 1861 3536 1897 a
3574 1843 3688 1896 Deo
3723 1853 3894 1894 rece-

2308 1963 2315 1964 ί
2684 1963 2689 1964 ν
2819 1951 2850 1964 ολ
2983 1955 2997 1964 -
3043 1960 3085 1964 ν-
3116 1946 3221 1964 ιη---
3261 1954 3424 1964 -..ι-...Α
3457 1937 3551 1964 nn:
3613 1935 3650 1964 I:
3679 1932 3894 1964 manu.

629 1988 959 2044 evadendum
990 1984 1155 2037 ruinae
1187 1978 1500 2049 periculum,
1525 1975 1614 2029 sed
1639 1973 1704 2026 ad
1731 1968 2046 2041 profundius
2069 1979 2184 2018 cor-

631 2080 892 2135 ruendum
939 2077 1116 2130 dicere
1142 2073 1322 2126 docuit
1349 2087 1361 2122 :
1395 2087 1412 2118 ς
1447 2066 1610 2134 Major
1639 2075 1722 2120 est
1750 2061 2004 2130 iniquitas
2047 2071 2193 2118 mea,

633 2184 795 2241 quam
832 2178 886 2220 ut
917 2164 1124 2218 Veniam
1162 2158 1400 2214 merear?
1439 2177 1454 2206 i
1494 2154 1640 2225 (Gen.
1677 2154 1773 2221 tv.)

704 2257 834 2324 Quae
870 2260 951 2306 est
996 2250 1138 2303 enim
1181 2248 1279 2300 ista
1327 2242 1766 2309 dementia?qna:
1792 2235 2045 2290 vesania?
2075 2245 2192 2301 quae

638 2338 963 2401 crudelitas?
1005 2337 1169 2391 liabet
1200 2337 1357 2387 homo
1396 2329 1844 2399 disponendarum
1875 2339 2050 2376 rerum
2077 2335 2196 2374 sua-

637 2451 756 2490 rum
783 2433 1002 2486 liberam
1046 2427 1348 2481 facultatcm
1368 2464 1381 2486 ,
1416 2434 1472 2475 ut
1499 2422 1842 2487 semetipsum
1874 2414 1983 2467 Deo
2005 2411 2198 2466 offerat

639 2529 954 2596 potestatem
979 2532 1082 2571 non
1118 2513 1320 2576 habet?
1347 2512 1495 2567 Valet
1518 2507 1822 2562 hominibus
1847 2505 2059 2557 tradere
2082 2502 2199 2554 sub-

640 2613 892 2668 stantiam
939 2621 1112 2668 suam,
1152 2619 1253 2657 non
1294 2602 1455 2656 habet
1493 2599 1793 2651 libertatem
1840 2593 1946 2646 De:
1978 2591 2201 2645 reddere

643 2704 876 2758 animam
932 2697 1125 2751 suam?
1179 2694 1329 2747 Licet
1401 2689 1600 2744 homini
1664 2687 1939 2754 lapsorum
2004 2678 2196 2734 animal

641 2795 708 2848 ab
741 2789 938 2844 hiantis
991 2786 1131 2854 putei
1162 2798 1257 2836 ore
1287 2779 1600 2850 propellere,
1661 2776 1920 2829 ruituram
1973 2785 2099 2824 mox
2145 2769 2200 2822 in

643 2880 908 2937 infernum
960 2877 1190 2928 animam
1249 2885 1350 2923 non
1414 2868 1536 2921 licet
1583 2862 1912 2934 pcenitentia:
1968 2855 2204 2912 remedio

644 2971 911 3032 liberare?
945 2970 1111 3023 Porro
1139 2966 1183 3018 si
1212 2965 1322 3034 ipse
1349 2961 1490 3016 Deus
1530 2957 1893 3025 oumipotens,
1918 2951 2008 3020 qui
2039 2948 2204 3003 offen-

649 3081 743 3122 sus
765 3072 867 3128 est,
890 3068 1109 3131 paratus
1137 3064 1216 3112 est
1245 3063 1302 3109 ut
1327 3051 1581 3122 recipiat,
1611 3048 1730 3118 quis
1753 3054 1836 3100 est
1877 3041 2084 3111 hicqui
2113 3054 2208 3093 vo-

652 3159 822 3213 lentes
845 3129 1063 3208 currere
1108 3149 1175 3202 ab
1229 3146 1342 3215 ipso
1370 3141 1586 3212 pictatis
1619 3140 1763 3192 fonte
1791 3131 2130 3204 compescat?
2151 3129 2207 3184 Si

2289 1963 2435 2021 deus,
2472 1971 2576 2011 non
2607 1963 2764 2022 aptus
2788 1951 2856 2005 sit
2883 1946 3224 2016 postmodum
3261 1954 3428 2008 regno
3457 1937 3578 1990 Dei.
3613 1935 3652 1988 Ii
3679 1932 3896 2003 quippe

2292 2049 2441 2111 tales,
2480 2055 2537 2099 ut
2581 2041 2951 2111 experimento
2996 2032 3310 2092 didicimus,
3345 2042 3450 2080 non
3485 2026 3538 2079 in
3573 2022 3798 2084 eadem,
3833 2019 3894 2073 in

2290 2154 2394 2207 qua
2430 2135 2678 2206 primitus
2700 2127 2930 2188 fuerant,
2955 2125 3217 2178 malorum
3246 2130 3503 2172 mensura
3535 2112 3894 2183 pcrsistunt;

2293 2200 2384 2282 sed
2417 2200 2699 2296 postquam
2732 2219 2800 2273 ad
2830 2215 3088 2271 vomitum
3125 2200 3375 2270 redeunt,
3410 2206 3478 2259 ad
3532 2202 3898 2272 iniquitatum

2295 2289 2601 2382 rora-ginem
2649 2306 2968 2379 profundius
3012 2301 3398 2358 devolvuntur.
3471 2292 3633 2347 Sicut
3700 2299 3758 2345 et
3815 2289 3902 2343 illi

2297 2403 2604 2475 nuperrime
2661 2396 2904 2467 contigit,
2963 2392 3056 2462 qui
3099 2401 3212 2454 tuo,
3271 2395 3331 2441 ut
3385 2384 3578 2445 fertur,
3629 2384 3900 2442 hortatu,

2299 2505 2499 2550 sanctae
2551 2485 2982 2544 conversationis
3039 2481 3281 2536 habitum
3341 2475 3590 2531 deseruit
3641 2469 3905 2528 :deinde

2302 2585 2386 2638 vi:
2422 2581 2570 2636 brevi
2617 2579 2825 2632 dierum
2861 2578 3096 2645 .peracto
3125 2566 3353 2629 circulo,
3401 2564 3755 2618 innocentem
3798 2559 3907 2613 ho-

2302 2675 2500 2730 minem
2541 2669 2653 2724 suis
2681 2661 2926 2720 manibus
2956 2659 3233 2716 interemit
3282 2655 3341 2710 In
3381 2669 3490 2724 quo
3517 2650 3778 2706 videlicet
3809 2663 3908 2700 re-

2303 2763 2471 2836 probo
2517 2763 2631 2815 viro
2666 2757 3014 2826 adimpletum
3061 2753 3356 2810 cernimus,
3405 2745 3553 2816 quod
3591 2745 3802 2799 dictum
3835 2754 3909 2792 ex

2305 2870 2402 2909 ore
2428 2852 2684 2907 Veritatis
2715 2849 3040 2909 audivimus,
3075 2845 3331 2898 nimirum
3352 2881 3366 2905 ,
3417 2839 3545 2908 quia
3579 2833 3909 2890 immundus

2309 2943 2552 3014 spiritus,
2601 2941 2690 3010 qui
2727 2955 2848 2994 eum
2879 2946 3006 2991 ante
3057 2935 3370 3002 reliquerat.
3404 2928 3761 2999 postmodum
3813 2938 3909 2978 re-

2312 3012 2464 3088 diens
2489 3040 2692 3100 Septem
2729 3029 2864 3082 alios
2911 3024 3200 3095 nequiores
3231 3037 3290 3075 se
3325 3020 3554 3089 spiritus
3605 3012 3915 3082 assumpsit

2314 3121 2464 3192 (Luc.
2526 3119 2625 3188 ιι).
2675 3128 2730 3173 et
2781 3132 2901 3171 cum
2954 3117 3039 3170 bis
3086 3112 3342 3168 omnibus
3390 3110 3444 3164 in
3493 3107 3753 3163 familiari
3809 3117 3916 3158 suo

653 3195 822 3213 "‘"“’°
846 3195 1062 3208 ν“’¹¹¹ν’“’
1109 3195 1172 3202 ""
1230 3195 1335 3215 ’τ’τ-
1370 3195 1388 3212 ῐ
1414 3195 1442 3196 η
1913 3195 1928 3204 υ

651 3249 878 3304 Creator
923 3250 1144 3312 paratus
1189 3246 1269 3293 est
1302 3247 1358 3290 ut
1392 3231 1628 3303 peccatis
1667 3231 1941 3300 ignoscat;
1977 3222 2098 3292 quis
2125 3205 2280 3274 estC
2313 3211 2527 3267 vasculo
2580 3208 2916 3280 pestilentius
2969 3195 3266 3268 habitavit;
3306 3195 3915 3272 liuntqoenovissima

649 3337 752 3391 iste
779 3333 868 3403 qui
910 3305 1247 3401 peccatorcm
1292 3321 1533 3378 converti
1574 3305 1892 3390 prohibeat?
1936 3312 2074 3380 Quid
2126 3319 2214 3396 est

655 3383 750 3391 'v-v
784 3383 812 3403 ’1
840 3383 867 3386 ⁷⁷
910 3383 926 3401 Ι
955 3383 968 3385 “
987 3383 999 3384 7
1574 3383 1591 3390 -

655 3424 798 3479 enim
831 3420 973 3474 aliud
1028 3416 1348 3471 monachum
1392 3410 1527 3474 fieri,
1579 3421 1742 3478 quam
1788 3399 2065 3459 converti?
2110 3383 2218 3453 Sed

655 3515 746 3585 qui
783 3511 1051 3566 hominem
1079 3523 1182 3562 non
1213 3518 1368 3575 posse
1409 3499 1782 3556 monachicum
1813 3495 1995 3550 subire
2025 3507 2221 3562 propo-

655 3583 818 3659 situm
858 3600 909 3654 in
939 3599 1194 3667 languore
1223 3591 1462 3662 corporis
1489 3589 1647 3659 362
1679 3586 2027 3642 constitutum
2052 3583 2218 3636 dene-

661 3700 770 3764 gat,
797 3688 1038 3761 profecto
1064 3702 1167 3739 non
1214 3697 1371 3754 posse
1418 3678 1658 3734 converti
1691 3675 2056 3728 indubitanter
2083 3669 2226 3724 allir-

663 3761 814 3846 rnat;
843 3779 982 3848 quod
1014 3778 1055 3831 si
1085 3775 1247 3830 semel
1303 3771 1627 3831 admittitur,
1662 3765 1790 3820 nulli
1823 3764 2042 3818 dubium
2093 3761 2223 3831 quin

666 3870 1005 3942 pmtiitenlia,
1044 3881 1162 3936 qua:
1192 3879 1312 3934 spes
1365 3871 1451 3916 est
1498 3868 1864 3930 peccatorum,
1921 3863 1976 3908 et
2012 3854 2226 3906 unicum

663 3962 850 4016 salutis
879 3961 1124 4012 humante
1147 3953 1464 4014 remedium,
1494 3950 1824 4003 destruatur.

741 4050 878 4116 Ecce
928 4047 1088 4117 igitur
1119 4042 1417 4113 peccatoris
1460 4038 1634 4092 anima
1677 4035 1918 4104 perdita,
1971 4033 2230 4086 irresera-

671 4141 765 4198 bili
820 4137 1060 4194 busseris
1096 4134 1211 4205 (sic)
1259 4131 1424 4200 janua
1473 4129 1599 4181 vita:
1647 4127 1919 4185 damnata,
1960 4133 2012 4176 et
2060 4121 2234 4176 onmis

671 4245 796 4301 spes
820 4230 1064 4284 humana:
1093 4221 1445 4292 reparationis
1469 4217 1670 4272 evulsa.
1718 4213 1822 4268 Sed
1849 4213 2048 4267 clamat
2091 4227 2120 4264 e
2159 4211 2239 4264 di-

672 4336 831 4377 verso
883 4317 1061 4373 divina
1117 4314 1307 4383 pietas,
1361 4309 1593 4364 dicens:
1635 4324 1653 4356 ι
1715 4305 2048 4371 Quacunque
2105 4301 2238 4354 hora

671 4421 927 4484 peccator
956 4420 1246 4462 conversus
1291 4401 1470 4464 fuerit,
1498 4400 1606 4453 vita
1639 4397 1782 4451 vivet
1823 4404 2010 4450 etnon
2046 4392 2242 4446 morie-

672 4513 765 4560 tur
787 4499 999 4573 (Ezech.
1034 4497 1215 4566 xvtn);
1253 4513 1271 4546 ι
1308 4501 1360 4548 ct
1389 4493 1581 4545 iterum
1611 4506 1625 4543 :
1656 4506 1674 4538 ι
1703 4487 1833 4542 Nolo
1864 4497 2088 4539 mortem
2120 4497 2242 4553 pec-

2316 3301 2548 3358 hominis
2581 3299 2721 3352 illius
2747 3294 2927 3366 pejora
2955 3295 3248 3364 prioribus.

2369 3387 2531 3446 'Sane
2585 3390 2629 3443 si
2686 3397 2914 3441 terrente
2948 3385 3156 3440 militia:
3209 3381 3689 3452 transfugam‘non
3733 3379 3917 3435 solum

2321 3483 2606 3538 mundana
2654 3481 2799 3550 leges
2847 3480 3130 3549 abjiciunt,
3158 3479 3252 3532 sed
3283 3477 3449 3530 etiam
3497 3475 3643 3530 sacri
3674 3488 3924 3530 canones

2323 3574 2551 3630 infames
2575 3570 2866 3642 appellant,
2894 3570 3029 3622 adeo
3053 3577 3111 3621 ut
3135 3581 3257 3621 eum
3285 3567 3448 3618 etiam
3477 3565 3544 3616 ad
3562 3562 3924 3618 .reddendum

2325 3666 2380 3719 in
2434 3663 2780 3719 contentione
2817 3659 3183 3715 testimonium
3240 3672 3346 3710 non
3377 3655 3539 3726 333
3592 3654 3921 3723 recipiant:

2329 3757 2420 3826 qui
2466 3757 2517 3809 in
2577 3752 2794 3822 superni
2851 3749 3200 3818 imperatoris
3244 3760 3397 3798 arma
3442 3746 3767 3812 juraverat,
3829 3743 3928 3813 qui

2331 3848 2665 3920 chlamydem
2685 3847 2797 3914 jam
2850 3845 3054 3899 militia:
3093 3842 3331 3898 cmlestis
3361 3841 3638 3905 induerat,
3678 3840 3777 3909 qui
3806 3840 3928 3896 bal-

2333 3952 2476 3996 teum
2531 3939 2794 3994 castitatis
2851 3936 3186 3997 accinxerat,
3250 3934 3342 4002 qui
3400 3933 3717 3986 donativum
3780 3931 3928 3988 sacri

2335 4031 2484 4086 verbi
2519 4030 2586 4083 ab
2607 4029 2725 4098 ipso
2752 4027 2980 4080 militum
3012 4027 3147 4080 duce
3174 3994 3516 4092 susceperat,
3559 4038 3667 4091 quo
3692 3994 3947 4092 judicio,

2337 4138 2444 4194 quo
2469 4123 2610 4192 jure,
2659 4135 2763 4190 qua
2797 4119 2972 4172 fronte
2993 4118 3102 4185 jam
3135 4125 3313 4186 potest
3341 4115 3576 4185 propria:
3621 4111 3930 4184 professio-

2340 4213 2423 4266 nis
2445 4220 2623 4266 castra
2651 4208 2923 4272 deserere,
2957 4218 3009 4260 et
3036 4222 3134 4261 suo
3167 4205 3372 4259 vomitu
3399 4203 3724 4266 delectatus,
3761 4200 3835 4256 ad
3866 4216 3930 4255 ea

2343 4316 2461 4370 qua:
2495 4305 2912 4367 contempserat,
2961 4312 3079 4365 qua:
3103 4295 3610 4365 abrenuntiaverat,
3633 4305 3757 4360 quae
3779 4291 3937 4344 dam-

2345 4399 2590 4454 naverat,
2631 4388 2814 4443 mundi
2846 4387 3074 4440 ludibria
3117 4387 3357 4440 animum
3405 4383 3705 4439 revocare?
3733 4381 3936 4438 Foedus

2346 4479 2575 4538 mortale
2603 4495 2724 4552 cum
2757 4476 2970 4532 mortali
3004 4476 3349 4546 paciscimur,
3380 4483 3435 4529 et
3465 4488 3790 4539 servamus;
3821 4472 3936 4528 Deo

676 4593 900 4659 catoris,
930 4592 1021 4667 sed
1052 4598 1111 4643 ut
1131 4594 1497 4647 convertatur,
1533 4593 1588 4636 et
1616 4582 1761 4634 vivat
1797 4579 1956 4648 (Ibid.
1995 4577 2179 4644 xxxv).
2217 4595 2235 4628 ι
2273 4568 2323 4628 D
2347 4572 2688 4644 sponsionem
2713 4568 2960 4630 facimus,
2983 4579 3037 4621 et
3065 4569 3222 4622 fidem
3247 4566 3498 4635 frangere
3519 4580 3628 4619 non
3654 4566 3934 4619 timemus.

682 4685 890 4742 Etcum
937 4693 1229 4735 conversus
1279 4674 1618 4742 ingemuerit,
1652 4680 1776 4725 tunc
1800 4671 1978 4724 salvus
2016 4670 2137 4722 erit.
2178 4668 2244 4732 Et

684 4784 745 4831 ut
798 4773 1070 4830 canonicae
1119 4766 1455 4824 auctoritatis
1510 4763 1883 4834 compendium
1933 4758 2244 4830 proferam:

688 4865 993 4933 Quicunque
1019 4870 1191 4930 negat,
1227 4861 1380 4913 etiam
1411 4857 1465 4911 iu
1495 4855 1676 4910 ultimo
1706 4841 1820 4908 vita
1849 4853 2055 4923 spiritu,
2087 4851 2247 4920 pomi-

689 4955 901 5008 teutiam
952 4950 1155 5005 abolere
1205 4965 1307 5002 non
1351 4963 1497 5018 posse
1525 4955 1754 5015 peccata,
1787 4941 2114 4998 Novatiauus
2154 4950 2248 5005 ut,

695 5059 797 5097 non
822 5041 1166 5096 Christianus.

1309 5125 1532 5182 CAPUT
1577 5125 1638 5180 Il.

766 5221 845 5274 An
884 5227 1108 5289 a‘grotus
1146 5204 1377 5270 Italiilum
1417 5217 1712 5286 religiosum
1753 5214 1967 5274 induere
2003 5211 2185 5282 possit.
2231 5257 2236 5262 .

771 5311 907 5364 Dum
962 5321 1092 5376 ergo
1143 5308 1463 5362 monachum
1495 5306 1604 5358 fieri
1647 5306 1748 5360 hoc
1795 5304 1866 5358 sit
1899 5304 2085 5371 utique
2125 5313 2260 5354 con-

703 5400 862 5464 verti,
893 5410 948 5456 et
977 5398 1345 5454 conversionis
1371 5395 1662 5451 remedium
1691 5394 1832 5449 nulla
1861 5394 1995 5448 hora
2026 5391 2258 5461 respuit,

705 5490 910 5547 nullum
971 5498 1177 5559 tempus
1242 5487 1513 5550 excludit;
1581 5495 1792 5540 constat
1841 5483 2024 5555 procul
2073 5481 2260 5546 dubio,

706 5579 832 5648 quia
864 5578 916 5632 in
963 5577 1273 5648 egritudine
1305 5577 1654 5638 constitutus,
1681 5575 1819 5628 sicut
1849 5573 2084 5628 converti
2140 5587 2262 5627 cum

707 5666 843 5730 vult,
894 5665 1086 5721 nullius
1123 5666 1454 5722 auctoritatis
1478 5664 1754 5720 obstaculo
1803 5663 2158 5732 praepeditur;
2191 5662 2264 5715 ita

711 5757 873 5812 etiam
918 5769 975 5814 ut
1023 5758 1314 5814 monachus
1359 5757 1482 5825 flat,
1529 5757 1730 5827 absque
1776 5753 1881 5810 ulla
1909 5754 2268 5825 refragatioue

2354 4663 2528 4717 ilomo
2574 4660 2776 4714 homini
2810 4659 3023 4714 violata:
3067 4659 3334 4714 cautionis
3371 4667 3586 4712 tenetur
3629 4656 3934 4720 obnoxius;

2353 4754 2444 4824 qui
2498 4761 2772 4807 auctorem
2819 4750 3095 4806 hominum
3151 4749 3338 4805 fallere
3396 4748 3614 4812 nititur,
3675 4748 3942 4803 innocens

2352 4844 2659 4914 judicatur?
2678 4842 2860 4896 Fallax
2887 4842 3096 4898 debitor
3121 4842 3188 4895 ab
3210 4849 3468 4896 exactore
3489 4838 3928 4909 constringitur;

2359 4934 2452 5003 qui
2482 4932 2828 5002 semetipsum
2876 4932 2984 4985 Deo
3031 4930 3328 4993 subtrahit,
3358 4928 3616 4984 immunis
3664 4928 3941 4984 habetur?

2359 5021 2608 5092 Nunquid
2654 5035 2844 5077 servus
2883 5021 3038 5074 venia
3087 5020 3280 5090 dignus
3328 5027 3436 5083 est,
3467 5017 3560 5088 qui
3604 5018 3807 5073 violata
3838 5018 3943 5073 fide

2359 5127 2464 5167 non
2496 5111 2666 5166 solum
2695 5111 2898 5166 recedit
2945 5125 2972 5163 a
3003 5109 3255 5173 Domino,
3299 5109 3396 5164 sed
3422 5108 3565 5162 ultro
3599 5122 3660 5164 se
3688 5109 3808 5175 ejus
3853 5122 3941 5163 so-

2362 5201 2470 5256 ciat
2499 5200 2753 5255 inimico?
2786 5199 2920 5253 Nam
2951 5200 3094 5267 quod
3123 5200 3263 5257 Deus
3290 5199 3418 5254 huic
3451 5197 3658 5252 mundo
3689 5197 3943 5252 inimicus

2363 5292 2452 5356 sit,
2505 5291 2626 5345 audi
2677 5288 2937 5344 Iacobum
2988 5288 3255 5344 dicentem
3299 5305 3313 5341 :
3356 5305 3375 5340 ι
3414 5287 3517 5356 Qui
3556 5286 3694 5354 vult,
3745 5286 3940 5356 inquit,

2367 5380 2570 5434 amicus
2597 5393 2718 5434 esse
2741 5378 2920 5433 saeculi
2954 5379 3128 5446 hujus,
3173 5378 3429 5433 inimicus
3471 5376 3568 5432 Dei
3593 5375 3943 5432 constituitur

2368 5472 2507 5544 (Jac.
2538 5474 2635 5546 ιν).
2675 5491 2694 5523 ι

2441 5565 2505 5620 Ει
2529 5575 2586 5620 ut
2615 5565 2682 5620 ad
2721 5565 3044 5620 sententiam
3082 5563 3325 5628 redeam,
3357 5576 3680 5622 conservus,
3730 5558 3820 5630 qui
3852 5559 3943 5614 hu-

2366 5653 2454 5723 ius
2493 5653 2672 5726 eil‘ugii
2702 5655 2947 5709 incentor
2973 5653 3224 5720 edicitur,
3271 5653 3542 5722 nunquid.
3568 5667 3678 5706 non
3708 5649 3940 5705 districta

2373 5749 2660 5805 Dominicm
2689 5747 3168 5836 animadversionis
3198 5746 3399 5802 ultione
3423 5744 3724 5816 plcctetur;
3757 5750 3811 5797 et
3838 5753 3942 5811 po:-
