5514 6660
2815 167 2818 170 _
2881 163 2932 168 ___
3105 155 3138 162 ...-
3167 156 3191 162 η
3282 158 3389 169 ,.,,___.
3522 152 3531 161 ά
3572 168 3575 171 _
5140 94 5141 189 ‘

2491 191 2522 200 __
2589 195 2606 200 _
2639 189 2648 192 -
2675 173 2784 202 πει...
2805 165 2966 202 νπ
2964 180 2967 185 ‹
3024 184 3031 187 -
3064 180 3143 203 τ...
3170 180 3239 197 Ὗ.-
3266 188 3293 197 ..
3324 180 3327 181 ν
3460 190 3481 191 κ

2347 213 2356 218 _
2437 211 2456 218 __
2497 211 2536 220 ..-
2591 209 2612 214 -
2631 215 2642 218 _
2687 209 2710 218 α,
2727 201 2926 214 --.--.--.-..-ι
3009 207 3018 212 -
3171 211 3176 214 -
3256 208 3311 219 ,υ-
3332 204 3471 217 -γ-ι-μπιι-
3518 208 3535 211 π
3720 204 3739 207 ⁴
5140 204 5141 227 i

2267 235 2272 238 .
2295 233 2312 238 ..
2365 231 2448 240 ..-
2471 229 2670 240 ...μ--ιπ-
2895 217 3032 238 ιιι..
3104 228 3137 241 ,μ
3164 224 3297 249 ...φερν-
3322 224 3389 241 ,7-
3442 226 3445 229 λ
3642 222 3667 225 ι
3708 222 3727 225 Α

2363 245 2378 250 -
2413 245 2432 256 -:-
2461 243 2692 256 ,ιε’-...ηυμβ-
2731 243 2794 256 _-l"'.'...
2828 248 2842 260 _
3142 248 3171 251 -ν
3334 244 3368 268 ⁸
3475 265 3482 270 Ι
3624 262 3655 267 γ’
3680 260 3739 267 “7

561 630 658 686 569
1144 627 1389 686 OPUSC.
1429 628 1569 684 XVI.
1605 658 1677 671 --
1711 626 1993 687 CONTRA
2034 624 2247 682 EPISC.
2289 620 2595 681 MONACH.
2635 619 2728 677 AD
2764 619 2941 676 διεδ.
2983 619 3232 676 REVOC.
3644 646 3653 655 -
3728 620 3833 677 370

564 760 647 806 na,
684 757 844 813 quam
885 751 1118 813 uterque
1162 752 1454 801 meruerat,
1509 741 1560 794 in
1618 757 1783 794 unum
1826 747 1984 809 caput
2017 754 2144 792 con-
2175 745 2217 801 Α
2249 750 2406 805 posse
2456 735 2754 790 docemus:
2792 743 2844 787 et
2892 748 3053 801 sa'pc,
3105 732 3245 801 quod
3284 732 3334 785 in
3366 732 3478 803 ipsa
3531 732 3836 791 litterarum

563 847 710 907 gesta
762 836 1108 890 retunditur?
1162 835 1469 889 Przcsertim
1525 836 1568 889 si
1618 836 1884 905 ejusmodi
1934 833 2142 887 fraudis

563 926 648 981 ille
674 940 864 979 servus
886 925 1184 995 impetitur,
1206 926 1301 993 qui
1328 927 1555 979 rectoris
1581 926 1699 980 loco
1723 926 1955 996 positus,
1980 934 2141 978 easte-

562 1014 639 1069 ris
660 1029 893 1083 praeesse
919 1016 1232 1103 videbatur:
1279 1025 1339 1070 et.
1369 1016 1460 1084 qui
1488 1016 1715 1070 debebat
1758 1025 2049 1071 extraneos
2076 1015 2141 1069 ad

560 1102 761 1157 domini
783 1104 863 1159 sui
894 1103 1171 1157 servitium
1209 1105 1438 1159 trahere.
1478 1105 1639 1173 ipsee
1660 1114 1848 1157 contra
1883 1104 2143 1158 domesti—

558 1206 656 1248 cos
696 1192 981 1262 compellat
1032 1194 1223 1246 exire:
1259 1206 1333 1257 et,
1365 1203 1423 1247 ut
1459 1194 1529 1246 ita
1560 1193 1808 1255 dixerim,
1838 1193 1990 1263 cujus
2026 1200 2162 1247 erat

557 1284 793 1340 cilicium
820 1283 1081 1341 violentos
1122 1285 1515 1339 incursantium
1548 1284 1782 1340 ferarum
1815 1286 2043 1355 impetus
2073 1284 2140 1339 ad

557 1377 760 1432 domini
788 1377 867 1441 sui
900 1392 1116 1447 gregem
1162 1390 1532 1447 compescere,
1561 1375 1674 1444 ipse
1701 1384 1914 1445 satagat
1948 1391 2141 1431 cruen-

558 1466 629 1523 tis
653 1466 899 1538 luporum
924 1467 1174 1523 dentibus
1195 1466 1469 1534 simplices
1497 1480 1625 1521 oves
1650 1464 1864 1520 offerre.

1170 1553 1397 1610 CAPUT
1436 1553 1520 1609 Ill.

871 1645 1091 1702 Prwlati
1151 1648 1432 1717 perniciosi
1470 1648 1799 1715 deplorandi.

624 1734 766 1804 Quid
802 1738 869 1791 ad
920 1738 1035 1793 lucc
1071 1738 1287 1792 dicam?
1329 1738 1480 1805 Quod
1512 1738 1681 1793 dolori
1719 1755 1839 1794 mco
1897 1740 2137 1797 solamen

552 1828 861 1884 inveniam?
905 1830 1211 1900 Compellor
1237 1830 1578 1895 exclamare,
1609 1833 1905 1901 compellor
1935 1834 2137 1887 amari-

553 1920 798 1978 tudinem
854 1922 956 1975 mei
1007 1922 1186 1977 cordis
1210 1920 1507 1986 effundere,
1538 1932 1597 1976 ut
1629 1923 1875 1977 videlicet
1918 1924 2132 1976 dicam:

553 2007 597 2067 Ο
627 2017 893 2080 tempora,
925 2025 958 2065 o
985 2027 1182 2075 mores,
1211 2027 1245 2066 o
1277 2010 1511 2066 ferreum
1536 2014 1822 2067 saeculum!
1851 2012 2132 2077 Ferreum,

2245 825 2531 896 superﬁcie
2580 824 2720 877 male
2755 822 3038 877 sentientis
3084 836 3238 874 error
3264 822 3533 891 intelligit,
3566 823 3837 878 subtiliter

2243 923 2583 986 perscrutata
2626 912 2855 965 intentio
2886 910 3124 965 doctoris
3146 912 3377 977 evertit;
3409 920 3464 965 et
3486 914 3628 981 quod
3653 914 3705 966 in
3738 927 3833 966 co-

2245 1017 2386 1059 ntate
2427 1013 2571 1058 recte
2615 1002 2805 1058 sentiri
2854 1003 3167 1071 putabatur,
3220 1003 3564 1058 considerata
3609 1004 3835 1073 diligen-

2244 1098 2350 1151 tius
2380 1096 2621 1151 continui
2652 1104 2828 1150 textus
2857 1095 3027 1157 serie,
3066 1109 3223 1150 error
3267 1096 3435 1151 fuisse
3469 1097 3831 1151 convincitur.

2313 1189 2539 1258 Jamjam
2566 1191 2675 1258 ipsa
2696 1187 2997 1257 Scriptura,
3022 1204 3141 1258 quae
3170 1190 3237 1244 de
3266 1190 3546 1245 monachis
3572 1190 3831 1259 loquitur,

2242 1281 2501 1348 procedat
2558 1280 2609 1333 in
2651 1279 2908 1341 medium,
2952 1292 3019 1331 ne
3070 1290 3257 1334 noster
3309 1280 3659 1335 adversarius
3704 1296 3836 1335 con-

2243 1380 2503 1438 queratur
2526 1368 2794 1423 devictum
2823 1382 2882 1422 se
2911 1382 3030 1423 esse
3072 1369 3183 1422 sola
3211 1370 3680 1440 argumentatione
3708 1385 3833 1424 ver-

2243 1464 2454 1517 borum.
2487 1462 2602 1517 Non
2651 1464 2780 1518 mihi
2829 1462 3110 1519 dialectica
3146 1464 3583 1536 syllogismorum
3611 1479 3832 1519 suorum

2243 1555 2476 1611 circulos
2527 1554 2752 1620 offerat,
2806 1571 2911 1610 non
2966 1556 3237 1611 rhetorica
3288 1556 3494 1626 lepidos
3550 1553 3835 1610 delinificaa

2243 1634 2477 1701 suadela:
2530 1646 2740 1702 colores
2798 1646 3085 1713 infundat,
3138 1662 3245 1701 non
3308 1648 3487 1717 aliqua
3556 1645 3834 1700 saecularis

2241 1737 2503 1805 sapientia
2568 1737 2847 1807 phalerata
2910 1736 3039 1791 mihi
3114 1752 3226 1793 sua:
3292 1738 3617 1792 urbanitatis
3687 1736 3830 1790 leno.

2242 1824 2380 1878 cinia
2412 1838 2698 1896 suggerat;
2747 1826 2856 1881 sola
2888 1843 2966 1890 5e,
3008 1836 3061 1881 et
3091 1828 3231 1881 unda
3258 1828 3501 1898 proferat
3530 1828 3827 1883 auctoritas

2241 1913 2486 1976 Patrum,
2518 1918 2567 1969 in
2595 1933 2825 1985 quorum
2859 1928 3081 1987 pectore
3116 1918 3463 1987 omnipotens
3492 1917 3654 1983 Deus,
3688 1917 3836 1971 velut

2242 2010 2293 2064 in
2343 2010 2595 2065 tribunali
2642 2011 2775 2064 solio
2823 2010 3143 2080 prmsidens,
3194 2012 3461 2065 sanetioui
3500 2024 3611 2065 suae
3662 2010 3835 2065 voluit

553 2100 799 2171 inquam,
848 2103 1125 2168 satctdum,
1151 2104 1203 2157 in
1245 2120 1353 2173 quo
1378 2120 1570 2159 aurum
1624 2107 1677 2160 in
1710 2108 1941 2162 scoriam
1971 2108 2139 2163 verti-
2171 2097 2215 2157 Β
2246 2103 2593 2173 promulgare
2646 2104 2957 2167 decretum;
3014 2113 3280 2172 quatenus
3310 2104 3399 2173 qui
3437 2100 3725 2175 conﬂigere
3752 2104 3834 2158 ni-

558 2199 662 2255 tur,
696 2199 753 2246 et
808 2194 1015 2263 argenti
1049 2195 1281 2263 speciem
1311 2195 1430 2250 vilis
1464 2198 1640 2251 stanni
1692 2213 1825 2252 vena
1876 2198 2133 2253 mentitur

556 2280 688 2352 (Ira.
720 2298 827 2349 xx;
865 2283 1053 2337 Ezerh.
1090 2287 1238 2352 xxx).
1273 2286 1328 2339 lu
1358 2302 1467 2356 quo
1512 2286 1739 2356 proiecti
1769 2298 1897 2343 sunt
1935 2288 2136 2358 lapides

554 2374 853 2429 sanctuarii
880 2376 933 2429 itt
957 2376 1139 2446 capite
1171 2378 1414 2432 omnium
1461 2379 1761 2447 platearum
1792 2380 2007 2440 (Tltren.
2038 2380 2134 2451 tv),

552 2471 606 2517 et
631 2472 719 2519 est
739 2463 883 2519 sicut
912 2466 1157 2535 p0pulus,
1193 2468 1272 2522 sic
1298 2470 1586 2533 sacerdos;
1620 2471 1761 2525 sicut
1807 2484 2019 2535 servus,
2058 2472 2139 2526 sic

552 2552 805 2610 dominus
860 2555 996 2624 ejus.
1051 2556 1186 2612 Nam
1217 2559 1341 2629 quis
1387 2568 1495 2614 tam
1538 2561 1769 2615 inveniri
1804 2562 1973 2631 possit
2003 2562 2138 2616 etin-

552 2645 691 2715 guis,
722 2646 816 2714 qui
842 2662 946 2701 non
1003 2649 1068 2702 ad
1101 2649 1215 2715 haec
1253 2648 1445 2705 saltem
1479 2651 1531 2705 in
1573 2667 1704 2707 voce
1734 2652 2136 2709 lamentationis

549 2738 835 2805 erumpat?
864 2737 996 2804 Quis
1025 2748 1132 2793 tam
1180 2739 1411 2806 ferreus,
1441 2742 1565 2811 quis
1602 2753 1710 2797 tam
1741 2743 2005 2814 lapideus,
2041 2759 2139 2799 cu-

548 2820 630 2891 lus
651 2840 751 2881 cor
777 2826 999 2882 vulnera
1029 2829 1131 2884 ista
1163 2845 1269 2884 non
1295 2831 1496 2886 sentiat
1514 2832 1537 2884 ?
1558 2831 1811 2888 Pervenit
1837 2834 1983 2888 enim
2012 2832 2129 2903 gla-

546 2911 668 2968 dius
690 2928 863 2985 usque
888 2917 954 2971 ad
975 2917 1231 2973 animam.
1259 2917 1526 2975 Nimirum
1549 2922 1782 2977 mundus
1798 2937 1855 2978 se
1877 2924 1943 2979 ad
1972 2924 2133 2978 linem

549 3000 825 3071 delapsum
844 3007 1014 3063 ruinis
1036 3009 1510 3066 crebrescentibus
1535 3013 1740 3068 indicat
1765 3023 1848 3069 :et
1872 3016 2133 3085 episcopi,

548 3092 638 3161 qui
666 3095 877 3150 animas
905 3099 972 3151 ad
1005 3098 1170 3154 Deum
1200 3101 1420 3156 trahere
1458 3102 1764 3172 importune
1793 3105 2097 3161 debuerant
2117 3148 2133 3170 ,

551 3184 772 3239 student
799 3188 1029 3256 qualiter
1069 3190 1315 3246 homines
1345 3208 1374 3246 a
1408 3192 1502 3247 Dei
1538 3196 1800 3251 servitute
1836 3197 2135 3251 recedant?

546 3271 718 3331 Iudex
738 3277 853 3347 jam
894 3280 1106 3335 vicinus
1139 3285 1441 3353 appropiat,
1472 3296 1523 3340 et
1556 3302 1756 3355 prteco,
1783 3298 1840 3342 ut
1872 3290 2020 3345 cives
2052 3290 2135 3344 fu-

548 3364 693 3434 giant
712 3408 725 3429 ,
754 3368 991 3423 clamat?
1028 3372 1165 3426 Ante
1192 3374 1425 3428 tribunal
1450 3378 1668 3445 superni
1687 3377 1890 3445 judicis
1908 3378 2130 3448 jamjam

2245 2194 2396 2258 titur,
2433 2210 2536 2247 non
2564 2194 2676 2263 jam
2727 2194 3095 2248 cavillantinm
3150 2196 3437 2247 verborum
3480 2192 3831 2259 commentis,

2240 2286 2333 2339 sed
2367 2286 2482 2355 ipso
2516 2286 2694 2353 potius
2731 2286 2978 2339 veritatis
3013 2284 3235 2339 oraculo
3264 2285 3510 2352 superari
3544 2285 3829 2339 videatur:

2239 2382 2295 2431 et
2322 2386 2379 2429 ut
2405 2392 2565 2430 omne
2591 2376 3055 2446 tergiversationis
3085 2378 3322 2445 undique
3352 2376 3705 2431 occlaudatur
3729 2391 3827 2428 au-

2242 2467 2470 2537 fugiam,
2521 2453 2667 2537 ipsos
2704 2477 2890 2522 contra
2938 2483 2997 2521 se
3050 2468 3101 2521 itt
3170 2469 3433 2523 movenda
3484 2467 3576 2521 lite
3633 2467 3838 2523 sentiat

2240 2571 2509 2624 oratores,
2539 2576 2675 2631 quos
2702 2560 2987 2613 universus
3013 2560 3164 2614 orbis
3191 2560 3351 2613 habet
3378 2568 3431 2613 et
3451 2558 3684 2629 judices.

2859 2649 3086 2705 CAPUT
3122 2650 3209 2703 lV.

2242 2742 2395 2810 Quod
2434 2754 2614 2813 sponte
2649 2744 2963 2813 suscipitur,
3001 2745 3111 2797 sine
3149 2752 3361 2811 peccato
3400 2759 3504 2796 non
3548 2743 3829 2797 deseritur.

2309 2834 2526 2889 Primus
2558 2836 2741 2903 itaque
2788 2847 3016 2903 magnus
3046 2832 3153 2886 Leo
3182 2849 3292 2887 sua:
3322 2832 3663 2887 auctoritatis
3700 2832 3833 2901 figat

2241 2926 2557 2989 articulum,
2590 2935 2642 2979 et
2677 2933 2733 2978 ut
2768 2939 2957 2977 revera
2983 2923 3366 2992 insuperabilis
3396 2924 3522 2984 dux,
3552 2923 3663 2993 ipse
3692 2938 3851 2991 prae--

2242 3014 2382 3069 ferat
2420 3016 2473 3069 itt
2507 3018 2677 3083 prima
2723 3014 2848 3069 belli
2882 3016 3060 3068 fronte
3090 3013 3368 3067 vexillum.
3398 3014 3487 3066 Ait
3518 3014 3662 3067 enim
3688 3013 3830 3067 inter

2239 3116 2467 3160 caetera:
2503 3126 2521 3157 ι
2554 3106 2898 3176 Propositum
2943 3106 3189 3160 monachi
3216 3104 3436 3174 proprio
3464 3104 3712 3168 arbitrio,
3737 3109 3832 3183 aut

2238 3196 2519 3252 voluntate
2551 3209 2862 3266 susceptum
2910 3197 3089 3252 deseri
3119 3212 3223 3249 non
3258 3204 3433 3265 potest
3463 3195 3667 3263 absque
3704 3198 3832 3263 pec—

2238 3294 2379 3338 cato.
2436 3286 2590 3353 Quod
2635 3287 2780 3340 enim
2825 3285 2947 3354 quis
2986 3286 3132 3341 \ovit
3188 3284 3318 3348 Deo,
3374 3284 3534 3339 debet
3579 3282 3827 3337 reddere.

2243 3374 2395 3430 Unde
2440 3378 2530 3447 qui
2564 3378 2747 3432 relicta
2785 3376 3180 3447 singularitatis
3212 3374 3569 3445 professione,
3596 3372 3660 3425 ad
3690 3373 3833 3427 mili-

548 3455 771 3512 humani
819 3461 1034 3528 generis
1074 3478 1285 3518 summa
1330 3465 1623 3535 colligitur,
1678 3477 1733 3524 et
1765 3484 1793 3523 a
1845 3471 2129 3527 sacerdote
2158 3461 2202 3522 C
2239 3468 2391 3532 tiam,
2450 3470 2535 3523 vel
2569 3471 2645 3523 ad-
2694 3469 2908 3539 nuptias
2943 3468 3227 3523 devolutus
3259 3477 3363 3532 est,
3400 3466 3626 3536 publica:
3656 3466 3832 3535 poeni-

546 3550 878 3619 praecipitur,
914 3562 971 3605 ut
997 3553 1243 3610 homines
1274 3557 1340 3610 ad
1368 3558 1647 3613 szecularia
1676 3562 1889 3631 negotia
1919 3562 2130 3634 disper-

544 3640 783 3705 gantur?
809 3639 948 3696 Proh
981 3644 1164 3698 dolor!
1211 3646 1441 3701 hneciue
1491 3650 1844 3706 sacerdotalis
1875 3654 2008 3709 ordo
2039 3670 2127 3711 re-

544 3724 733 3783 dactus
774 3741 878 3795 est,
923 3743 979 3785 ut
1027 3734 1115 3802 qui
1150 3737 1428 3792 constituti
1456 3750 1583 3795 sunt
1630 3744 1888 3797 mundum
1928 3754 2131 3802 sanctte

545 3818 950 3884 prmdicationis
992 3823 1108 3877 luce
1146 3824 1504 3893 perfundere,
1534 3828 1633 3899 ipsi
1665 3832 2007 3901 potissimum
2038 3848 2131 3889 co-

546 3916 744 3962 nentur
790 3911 1039 3967 homines
1092 3930 1472 3983 perversorum
1532 3920 1845 3990 dogmatum
1891 3925 2131 3980 tenebris

542 3994 859 4057 obczecare?
900 4004 965 4057 Et
986 4005 1074 4073 qui
1101 4006 1258 4075 positi
1288 4017 1413 4062 sunt
1445 4008 1609 4081 365
1634 4011 1697 4065 de
1720 4027 1849 4082 agro
1874 4006 2130 4071 Ecclesiae

543 4098 771 4145 cunctos
830 4107 1075 4147 errorum
1106 4111 1298 4165 vepres
1348 4098 1599 4162 evellere,
1634 4101 1732 4169 ipsi
1764 4117 1869 4156 non
1900 4119 2129 4159 verean-

545 4184 631 4232 tur
670 4181 954 4237 aculeatos
982 4198 1224 4239 erronem
1252 4186 1533 4255 pravitatis
1560 4190 1786 4245 tribulos
1826 4193 2130 4251 seminare?

541 4262 678 4321 Olim
711 4284 840 4324 cum
898 4270 1092 4327 ﬂorens
1145 4274 1321 4329 adhuc
1372 4277 1605 4333 mundus
1644 4279 1998 4347 blandiretur,
2029 4284 2127 4338 ho-

541 4359 745 4415 minum
804 4362 1067 4432 plurimos
1114 4366 1180 4419 ab
1215 4380 1281 4421 eo
1338 4367 1691 4424 subtrahebat
1741 4371 1899 4427 docta
1949 4374 2128 4444 lingua

540 4460 823 4519 pastorum
863 4473 876 4507 :
913 4472 1052 4510 nunc
1091 4470 1272 4512 autem
1327 4474 1448 4514 cum
1478 4460 1591 4529 jam
1622 4464 2031 4522 evidentiSsime
2071 4485 2129 4525 se

541 4541 775 4597 mundus
834 4543 1215 4613 despicabilem
1270 4549 1493 4616 indicat,
1552 4551 1747 4608 Pastor
1790 4555 2043 4615 Ecclesiae
2071 4567 2130 4615 ut

539 4630 604 4685 ad
630 4649 754 4687 eum
777 4634 1030 4691 homines
1061 4648 1405 4695 revertantur
1431 4642 1639 4698 invitat.

606 4723 879 4781 Videmus
906 4730 1142 4797 quotidie
1176 4732 1421 4789 homines
1467 4734 1643 4790 aliena
1674 4737 1928 4807 diripere,
1962 4739 2128 4797 bello—

2238 3562 2420 3617 tentice
2453 3561 2828 3617 satisfactione
2864 3562 3176 3631 purgandus
3207 3569 3307 3615 est.
3359 3558 3493 3625 Quia
3518 3568 3571 3612 et
3600 3558 3641 3612 si
3669 3558 3827 3612 inuo-

2236 3669 2367 3710 cens
2412 3653 2630 3719 militia,
2675 3664 2725 3708 et
2759 3656 3045 3708 honestum
3095 3660 3272 3723 potest
3307 3665 3428 3707 esse
3468 3650 3825 3721 .conjugium;

2233 3746 2550 3803 electionem
2599 3747 2881 3802 meliorem
2906 3746 3233 3809 deseruisse,
3271 3745 3630 3815 transgressio
3657 3753 3761 3799 est.
3802 3765 3821 3797 ι

2234 3839 2337 3895 Ubi
2386 3839 2705 3901 notandum,
2729 3839 2873 3907 quod
2919 3838 3002 3892 vir
3029 3838 3421 3893 disertissimus
3480 3851 3586 3890 non
3634 3837 3732 3900 ait,
3767 3845 3829 3891 ιιι

2230 3938 2416 3984 noster
2441 3929 2613 3999 garrit
2658 3930 2965 3999 episcopus,
2997 3929 3331 3998 propositum
3370 3926 3533 3998 365
3577 3926 3834 3982 monachi

2231 4014 2386 4086 longa
2405 4018 2719 4071 morositate
2740 4026 3072 4085 susceptum.
3096 4018 3230 4072 «Sed
3254 4018 3610 4087 propositum,
3626 4016 3826 4087 inquit,

2232 4106 2483 4162 monachi
2516 4108 2736 4177 proprio
2766 4107 3015 4171 arbitrio,
3058 4119 3151 4162 aut
3196 4110 3478 4164 voluntate
3510 4119 3823 4179 susceptum

2232 4198 2409 4253 deseri
2428 4213 2532 4252 non
2560 4209 2738 4268 potest
2765 4200 2969 4269 absque
2992 4211 3235 4269 peccato.
3260 4223 3278 4253 ι
3299 4201 3441 4256 Nihil
3468 4217 3599 4273 ergo
3627 4204 3824 4257 virium

2234 4289 2518 4358 temporali
2562 4290 2779 4360 reliquit
2812 4291 3134 4356 morositati,
3180 4292 3273 4364 qui
3306 4301 3476 4347 totum
3514 4302 3827 4363 spontanee

2234 4378 2422 4433 tribuit
2461 4379 2740 4434 voluntati.

2302 4468 2360 4526 Si
2402 4471 2570 4540 igitur
2605 4472 2941 4542 propositum
2979 4473 3081 4527 hoc
3118 4474 3304 4544 negari
3343 4489 3449 4529 non
3489 4483 3671 4545 potest
3700 4490 3824 4530 cum

2230 4561 2509 4631 voluntate
2559 4575 2867 4634 susceptum
2892 4606 2906 4629 ,
2954 4575 3232 4620 asseratur
3272 4582 3498 4623 necesse
3536 4576 3619 4622 est
3646 4610 3658 4630 ,
3696 4583 3822 4623 cum

2227 4662 2475 4719 peccato.
2497 4653 2767 4706 relictum.
2800 4653 2899 4708 Cui
2932 4654 3108 4709 simile
3151 4663 3234 4709 est
3285 4656 3414 4710 illud
3448 4657 3645 4723 etiam,
3676 4658 3823 4728 quod

2234 4741 2301 4797 de
2334 4742 2631 4813 virginibus
2662 4745 2800 4798 idem
2839 4746 2920 4799 vir
2956 4745 3437 4815 eloquentissimus
3475 4749 3552 4802 ait
3581 4767 3592 4802 :
3625 4767 3642 4799 t
3666 4748 3826 4805 Puel-

537 4825 653 4912 rttm
685 4816 890 4871 studiis
923 4818 1192 4885 insudare,
1246 4837 1446 4891 egenos
1478 4826 1807 4894 Opprimere,
1845 4831 2125 4884 machina-
2157 4816 2206 4876 Ῑ)
2234 4833 2297 4888 ire
2318 4876 2330 4898 ,
2367 4836 2575 4905 inquit,
2611 4852 2731 4905 qua:
2762 4854 2866 4893 non
2892 4849 3082 4895 coacto
3112 4851 3399 4909 parentum
3430 4842 3658 4912 imperio
3679 4883 3694 4908 ,
3728 4845 3824 4900 sed

538 4902 742 4959 tiouum
789 4907 1095 4962 tendiculas
1144 4909 1397 4966 fraternis
1422 4914 1698 4980 gressibus
1724 4918 1995 4972 occultare
2027 4937 2039 4971 :
2070 4929 2125 4974 et

534 5005 593 5049 ut
650 5008 850 5052 cuncta
912 5000 1095 5054 mundi
1155 5001 1295 5056 mala
1357 5004 1503 5058 brevi
1568 5006 1781 5077 cingulo
1839 5008 2123 5065 locutionis

536 5088 857 5159 astringam,
890 5103 1078 5146 omnes
1100 5108 1254 5162 pene,
1284 5110 1401 5163 quae
1422 5112 1518 5151 sua
1549 5112 1695 5163 sunt,
1723 5116 1989 5169 qurerere,
2014 5119 2120 5158 non

534 5190 650 5243 qua:
676 5177 806 5233 Jesu
838 5178 1076 5244 Christi;
1110 5198 1206 5237 nos
1230 5184 1488 5241 adversus
1510 5204 1603 5242 eos
1628 5189 1771 5243 nullo
1796 5191 1911 5246 zelo
1934 5194 2117 5248 chari-

536 5269 658 5323 tatis
704 5271 1074 5339 accindimur,
1125 5274 1285 5330 nullis
1328 5280 1759 5335 correctionibus
1813 5283 2116 5351 obviamus,

534 5357 677 5412 nulla
700 5360 1144 5417 contradictione
1168 5366 1468 5422 resistimus
1497 5368 1717 5440 (Philip.
1745 5374 1826 5441 ιι).
1854 5372 1908 5427 Si
1941 5385 2121 5432 autem

534 5447 848 5503 rarissimus
898 5451 1124 5519 quilibet
1154 5470 1220 5507 ex
1277 5466 1422 5511 tanta
1460 5460 1738 5515 hominum
1774 5462 2121 5523 multitudine

532 5550 620 5594 aut
657 5540 892 5611 ﬂagellis
938 5546 1172 5609 attritus,
1209 5555 1304 5613 aut
1326 5548 1521 5605 divinze
1548 5552 1917 5623 inspirationis
1944 5560 2137 5628 gratia.

533 5642 880 5701 provocatus,
916 5634 985 5689 ad
1009 5635 1319 5693 Creatorem
1353 5658 1510 5696 suum
1540 5646 1862 5716 quandoque
1893 5666 2116 5706 conver-

532 5722 680 5788 titur,
719 5741 850 5780 mox
909 5726 979 5778 ad
1018 5728 1293 5785 suasorize
1328 5736 1710 5792 asseutationis
1747 5739 2113 5797 blandimenta

530 5815 888 5878 convertitur,
943 5818 1084 5870 sacri
1129 5818 1324 5889 eloquii
1376 5822 1623 5881 ﬂosculos
1670 5844 1735 5882 ac
1791 5832 2113 5898 pravitatem

532 5911 698 5965 nostri
748 5913 1065 5969 intellectus
1130 5916 1141 5970 i
1184 5916 1467 5985 ﬂectimus,
1531 5932 1584 5978 et
1631 5926 1709 5981 sic
1756 5926 1953 5983 divinis
2002 5931 2113 5999 jam

532 5998 802 6074 obsequiis
833 6005 1205 6075 mancipatum
1237 6010 1301 6063 ad
1355 6013 1537 6069 mundi
1568 6016 1905 6073 volutabrum
1938 5998 2114 6077 redire

2234 4928 2535 4997 spontaneo
2578 4929 2786 4999 judicio
2835 4931 3165 5000 virginitatis
3228 4934 3599 5004 propositum,
3660 4944 3824 5007 atque

2231 5016 2476 5070 habitum
2503 5028 2889 5088 susceperunt,
2915 5022 2957 5075 si
2981 5030 3163 5090 postea
3190 5024 3405 5093 nuptias
3426 5024 3661 5096 eligunt,
3684 5040 3823 5097 prte-

2233 5106 2566 5173 varicantur,
2624 5110 2787 5163 etiam
2841 5111 2884 5165 si
2937 5112 3175 5167 nondum
3211 5114 3291 5168 eis
3325 5115 3499 5183 gratia
3541 5132 3823 5172 consecra-

2233 5197 2396 5251 tionis
2446 5201 2777 5255 accesserit:
2832 5198 2986 5269 cujus
3038 5201 3222 5273 itaque
3274 5220 3381 5259 non
3436 5204 3821 5263 fraudarentur

2236 5303 2460 5344 munere
2480 5331 2495 5355 ,
2522 5292 2565 5345 si
2598 5292 2649 5344 in
2677 5293 2955 5362 preposito
2988 5305 3355 5351 remanerent.
3388 5315 3406 5349 ι
3433 5296 3604 5353 Audis
3633 5298 3817 5370 igitur,

2231 5394 2264 5434 ο
2289 5380 2539 5451 episcope
2556 5422 2571 5447 ,
2596 5382 2719 5451 quia
2751 5383 2882 5437 nihil
2911 5385 3169 5439 momenti
3199 5401 3428 5442 morosae
3453 5392 3814 5448 conversioni.

2230 5472 2363 5526 nihil
2405 5474 2503 5543 ipsi
2539 5476 2701 5530 etiam
2742 5477 3139 5531 consecrationi
3180 5479 3468 5541 tribuitur,
3523 5480 3618 5535 sed
3652 5496 3814 5537 omne

2227 5564 2543 5618 monastica:
2606 5565 2952 5633 perfectionis
3026 5566 3191 5622 robur
3258 5581 3559 5640 spontaneo
3610 5568 3816 5641 judicio

2230 5661 2561 5706 reservatur.

2296 5743 2377 5797 Ad
2410 5746 2773 5802 confutandas
2801 5748 3094 5820 litigatoris
3126 5752 3296 5819 nostri
3326 5752 3633 5808 calumnias
3662 5763 3815 5824 pote-

2228 5848 2343 5897 rat,
2398 5838 2507 5894 imo
2539 5840 2814 5895 debuerat
2859 5842 3327 5901 eminentissimus
3373 5844 3483 5901 Leo
3534 5844 3809 5911 suﬂicere,

2224 5929 2269 5983 si
2302 5929 2400 6009 hic
2436 5941 2622 5999 posset
2659 5928 2818 5988 facile
2857 5934 3085 6004 rigidam
3122 5938 3392 5992 cervicem
3427 5938 3606 5993 cordis
3640 5939 3812 5994 sacris

2225 6021 2644 6079 auctoritatibus
2675 6022 2942 6083 inclinare
2972 6045 2987 6082 :
3022 6026 3117 6083 sed
3148 6029 3273 6099 quia
3307 6030 3410 6085 iste
3442 6028 3679 6085 necdum
3700 6029 3810 6085 for-~

4678 6434 5142 6558 ,Δ
