4276 6324
677 318 770 376 571
803 329 821 347 ’
1128 322 1184 377 S.
1224 323 1422 378 PETRI
1462 323 1739 379 DAMIANI
1774 324 1920 383 OPP.
1959 323 2195 381 TOMUS
2227 324 2354 381 εει]
2389 326 2584 382 PARS.
2623 323 2707 383 m.
2740 358 2809 368 —
2831 324 3196 385 OPUSCULA
3236 326 3472 383 VARIA.
3826 327 3942 382 372

678 434 815 488 sitan
856 433 1104 496 ﬂectitur,
1137 434 1322 487 beatus
1351 449 1563 504 quoque
1593 449 1727 504 papa
1757 435 2001 489 Gelasius
2040 435 2107 488 ad
2142 443 2223 489 te-
2255 442 2300 497 Α
2328 441 2533 490 eentur.
2572 434 2721 503 Quod
2760 437 2803 492 si
2845 437 3009 507 aliqui
3055 452 3152 505 per
3196 436 3587 506 pmnitcntiam
3650 435 3945 491 irrevoca-

676 524 983 579 stimonium
1039 526 1335 577 deducatur
1358 515 1378 587 ;’
1428 525 1618 577 scrihit
1673 524 1814 577 enim
1876 526 2015 577 inter
2070 524 2173 579 alia
2208 541 2222 577 :
2327 525 2461 579 biles
2498 535 2656 590 sunt,
2686 541 2785 581 nec
2823 527 3080 582 admoniti
3116 537 3487 590 revertuntur,
3524 542 3659 581 vere
3702 536 3764 581 ut
3799 543 3939 597 apo-

682 632 699 662 σ
733 614 1093 678 Quamobrem
1129 614 1371 684 quisquis
1410 611 1646 668 virorum
1669 657 1682 678 ,
1712 617 1792 671 vel
1828 616 2105 669 mulierum
2136 618 2229 670 ha-
2328 625 2481 669 stata:
2504 615 2933 671 coratnEcelesia
2958 617 3319 670 auatbematis
3344 620 3624 673 sententia
3659 604 3940 671 condem-

676 703 844 754 bitum
875 702 1041 756 semel
1074 704 1341 767 induerit,
1372 706 1453 755 vel
1493 706 1778 759 induerunt
1817 718 2108 775 sponmnee
2148 722 2230 761 re-
2328 712 2538 756 nentur.
2575 723 2592 755 ι
2624 704 2764 759 Ecce
2791 706 2878 760 hic
2904 722 3158 775 expresse
3185 708 3469 771 docemur,
3503 708 3781 776 quoniam
3821 709 3941 760 haec

674 789 959 856 ligiosum,
1008 802 1101 845 aut
1148 792 1192 849 si
1241 792 1323 848 vir
1367 792 1578 848 deditus
1618 795 1867 847 Ecelesim
1904 796 2103 858 choro,
2144 795 2228 848 vel
2327 794 2588 863 episcopis
2637 811 2764 849 cura
2818 796 3130 865 iniungitur,
3183 811 3289 850 non
3337 805 3395 849 ut
3444 805 3859 864 permanentes
3904 809 3940 848 ι

670 876 871 931 femina
918 878 1109 942 fuerit.
1158 888 1249 932 aut
1298 879 1397 934 fuit
1433 881 1669 948 delegata
1707 882 1997 950 puellarum
2035 899 2223 936 mnna-
2327 883 2664 935 monastexiis
2697 884 2845 937 exire
2884 883 3174 945 suadeam.
3208 885 3303 938 sed
3330 885 3514 954 potius
3557 895 3619 938 ut
3651 884 3939 954 prmvari-

675 970 874 1031 sterio,
929 969 981 1021 in
1019 977 1245 1037 utroque
1282 985 1411 1025 sexu
1466 974 1845 1037 prtcvarfcator
1882 975 1946 1025 ad
1986 975 2227 1042 pt‘Opusi-
2324 978 2506 1021 mutes
2549 971 2723 1025 redire
2760 972 3104 1041 compellant.
3145 971 3252 1024 Sed
3289 973 3419 1040 quid
3458 986 3523 1025 es
3568 972 3681 1027 illis
3717 986 3934 1027 causa-

677 1066 791 1109 tum
823 1056 1021 1111 invitus
1056 1061 1249 1112 reverti
1282 1068 1522 1127 cogatur,
1559 1070 1616 1111 ut
1650 1060 1731 1114 vir
1764 1061 2138 1123 detondeatur,
2172 1070 2225 1115 et
2326 1075 2448 1113 mur
2487 1062 2827 1127 hominibus,
2868 1064 2957 1132 qui
2992 1072 3294 1132 spontaneo
3329 1072 3737 1118 convertuntur
3778 1063 3939 1122 arbi-

670 1145 847 1213 puella
881 1148 1263 1200 monasterium
1299 1148 1650 1216 ingrediatur.
1686 1148 1738 1203 Si
1775 1161 1950 1204 autem
1987 1151 2223 1219 quolibet
2325 1150 2459 1211 tria,
2507 1166 2629 1204 eum
2678 1161 2733 1205 et
2780 1152 2882 1205 illis
2929 1165 3047 1221 post
3077 1162 3283 1223 tergum
3333 1153 3515 1209 redire
3560 1167 3671 1207 non
3725 1152 3935 1217 liceat,

668 1240 977 1305 patrocinio
1008 1242 1311 1295 desertores
1349 1257 1666 1310 permanere
1705 1243 1998 1311 voluerint,
2038 1261 2220 1301 sacer-
2322 1241 2409 1307 qui
2445 1252 2789 1295 tousurautur
2823 1243 3018 1297 inviti?

669 1326 833 1379 dotali
871 1329 1133 1382 sententia
1177 1346 1203 1382 a
1243 1330 1672 1385 Christianorum
1725 1344 1867 1386 cmtu
1923 1335 2221 1389 habeantur
2393 1329 2544 1384 Unde
2591 1332 2752 1384 etiam
2804 1332 2941 1401 apud
2993 1331 3402 1401 Maguntinense
3452 1333 3758 1388 concilium
3819 1332 3934 1386 tale

668 1426 938 1482 extorres,
989 1428 1045 1472 ut
1090 1436 1188 1473 nec
1240 1421 1386 1474 locus
1430 1422 1509 1476 eis
1553 1423 1690 1476 ullus
1734 1424 1803 1477 sit
1847 1427 2163 1479 communis.
2196 1444 2212 1474 ι
2316 1422 2686 1491 promulgatur
2718 1423 2948 1476 edictum
2980 1441 3030 1475 ει
3059 1423 3131 1476 De
3162 1424 3377 1479 clericis
3408 1440 3540 1477 vero
3571 1425 3680 1477 hoc
3715 1423 3928 1477 statui—

673 1506 912 1577 Singula,
969 1510 1217 1575 obsecro,
1251 1512 1411 1565 verba
1462 1512 1726 1565 subtiliter
1780 1514 1983 1581 inspice
2005 1554 2019 1576 ,
2075 1524 2129 1568 ut
2166 1516 2216 1568 in
2320 1525 2460 1571 ntus,
2486 1518 2542 1562 ut
2567 1506 2654 1577 qui
2686 1511 2940 1564 hactenus
2967 1511 3165 1565 inventi
3195 1522 3354 1575 sunt,
3379 1513 3493 1566 sive
3526 1513 3578 1563 in
3610 1511 3931 1575 canonico,

667 1609 859 1652 statera
893 1602 1086 1654 mentis
1117 1603 1444 1668 appendens,
1485 1619 1512 1654 a
1554 1605 1795 1658 veritatis
1830 1615 1971 1658 statu
2014 1620 2215 1673 nequa-
2319 1598 2432 1651 sive
2464 1600 2512 1650 in
2547 1600 2858 1653 monachico
2884 1600 3072 1652 ordine
3112 1602 3372 1653 tonsurati
3396 1641 3411 1664 ,
3442 1601 3561 1654 sine
3595 1615 3795 1653 eorum
3827 1612 3932 1654 vo-

668 1703 825 1753 qnam
860 1688 1038 1742 valeas
1083 1691 1369 1743 declinare.
1419 1690 1693 1760 Perpende
1736 1698 2042 1764 ergooquod
2083 1695 2214 1748 dici-
2318 1691 2556 1754 luntate,
2591 1691 2635 1743 si
2668 1691 2817 1745 liberi
2850 1700 3008 1752 sunt,
3040 1691 3111 1743 ita
3145 1699 3518 1759 permaneant.
3560 1710 3580 1742 ι

670 1787 793 1827 tur:
831 1794 847 1826 ι
882 1776 1131 1845 Quisquis
1170 1780 1407 1832 habitum
1446 1782 1609 1834 semel
1651 1783 1882 1836 induerit
1918 1794 2209 1851 spontanee
2246 1775 2289 1832 Β
2388 1778 2492 1833 Sed
2526 1780 2876 1846 respondebis
2904 1777 3130 1831 forsitan
3170 1780 3298 1831 mihi
3330 1818 3343 1839 .
3388 1788 3441 1832 ct
3472 1788 3671 1833 contra
3709 1787 3794 1831 tot
3826 1794 3931 1832 au—

670 1867 997 1937 religiusum.
1036 1889 1055 1922 ι
1089 1872 1225 1924 Ecce
1264 1871 1415 1939 juxta
1454 1871 1718 1926 Gelasiaui
1758 1874 1953 1928 decreti
1996 1885 2212 1927 senten-
2319 1869 2552 1923 thcntica
2594 1879 2899 1922 sanctorum
2942 1868 3164 1921 Patrum
3197 1868 3428 1937 judicia,
3464 1882 3660 1923 contra
3700 1880 3785 1923 tot
3826 1886 3927 1923 ve-

665 1959 833 2018 tiam,
874 1975 1190 2029 quacunque
1225 1963 1506 2016 occasione
1532 2002 1545 2024 ,
1602 1965 1809 2018 etiamsi
1872 1964 2013 2018 nulla
2055 1967 2218 2020 inter-
2317 1958 2631 2013 nerabilium
2661 1958 3007 2011 conciliorum
3038 1967 3263 2019 statuta,
3296 1968 3508 2012 scutum
3540 1960 3726 2013 adhuc
3761 1975 3927 2013 value

664 2046 846 2100 veniat
879 2063 1025 2101 mora
1060 2048 1421 2117 probationis,
1463 2053 1706 2119 quisquis
1745 2055 1995 2123 religioso
2034 2056 2217 2109 habitu
2317 2047 2641 2102 όρΐειιείοηὶε
2681 2062 2962 2117 ορροιιεηδε
3006 2048 3168 2109 Εεῑοι
3214 2048 3461 2116 ίηιιυῑεε.
3510 2057 3570 2101 Ui
3602 2049 3699 2116 qui
3741 2066 3770 2102 a
3814 2066 3923 2118 Pa-

665 2136 829 2189 semel
868 2138 1125 2202 induitur,
1168 2138 1399 2194 funditus
1436 2140 1533 2193 sibi
1566 2142 1817 2196 redeundi
1858 2145 1921 2195 ad
1964 2145 2215 2198 smeutum
2320 2138 2558 2191 rentibus
2579 2136 2898 2199 oﬂ‘erunmr.
2931 2138 3001 2189 ita
3033 2145 3389 2205 pernmneanl
3419 2155 3430 2188 :
3463 2137 3556 2204 qui
3590 2136 3918 2192 voluntarie

669 2226 884 2280 licentia
926 2228 1237 2299 denegatur.
2319 2238 2731 2292 convertuntur,
2787 2229 2850 2281 ad
2901 2228 3116 2296 negotia
3166 2229 3436 2280 mundana
3480 2242 3587 2280 non
3634 2228 3877 2282 redeant
3905 2244 3924 2281 :

1278 2320 1501 2375 CAPUT
1540 2323 1599 2375 V.
2320 2320 2410 2387 qui
2452 2320 2601 2372 inviti
2638 2320 2801 2372 etiam
2838 2326 3207 2379 tonsurantur,
3242 2316 3355 2382 iam
3408 2316 3617 2369 saniori
3669 2316 3921 2373 consilio

700 2427 778 2481 An
816 2428 913 2495 ﬁlii
944 2446 973 2481 a
1005 2431 1300 2497 parenlt’bus
1336 2430 1436 2485 Deo
1476 2434 1670 2494 dicati,
1701 2434 1929 2486 habitum
1971 2436 2174 2499 induti,
2320 2422 2677 2499 ι’θτδθνθτπνεῖ
2722 2407 3075 2499 οοηίθκίὲίυῐίο.
3122 2407 3256 2499 Ντιιη
3313 2410 3378 2463 αθ
3431 2411 3927 2499 ιαιιιίρθνςρίευῖε

1008 2501 1061 2551 in
1091 2500 1330 2568 religione
1360 2516 1564 2553 manere
1595 2512 1878 2554 teneamur.
2161 2496 2168 2499 ’
2318 2507 2622 2549 sanctorum
2655 2496 2869 2549 Patrum
2914 2498 3069 2549 dictis
3111 2497 3416 2565 ambigere,
3448 2498 3577 2566 quid
3611 2508 3698 2551 est
3725 2498 3922 2562 aliud,

734 2585 865 2640 Huic
901 2586 1059 2639 etiam
1094 2602 1196 2639 non
1229 2587 1488 2640 dissimile
1520 2591 1776 2654 cernitur,
1809 2592 1948 2658 quod
1985 2593 2033 2643 in
2064 2590 2220 2645 (11ml-
2320 2600 2475 2653 quam
2512 2585 2822 2638 micantium
2858 2593 3129 2638 astrorum
3162 2586 3335 2654 globis
3363 2587 3675 2655 appositum
3706 2588 3925 2655 apertis

663 2673 950 2727 cedouensi
983 2674 1211 2728 concilio
1240 2676 1525 2743 reperitur,
1560 2677 1649 2729 ubi
1682 2678 1768 2743 qui
1802 2680 1963 2731 semel
1997 2682 2046 2731 in
2078 2681 2220 2733 clero
2324 2673 2497 2725 Oculis
2526 2674 2597 2726 nil
2633 2673 2856 2726 videre?
3438 2664 3443 2665 ί

666 2763 901 2830 deputati
949 2772 1107 2827 sunt,
1156 2774 1249 2817 aut
1295 2766 1674 2819 monachorum
1730 2767 1889 2821 vitam
1939 2770 2213 2837 expetive-
2393 2763 2495 2814 Sed
2544 2763 2662 2826 die,
2716 2778 2878 2830 r030,
2929 2763 3288 2818 ferendumne
3340 2773 3453 2827 est,
3491 2774 3546 2818 et
3584 2780 3695 2817 non
3731 2765 3923 2832 potius

662 2861 820 2916 runt,
851 2853 1138 2908 statuimus
1168 2868 1336 2920 neque
1363 2854 1428 2907 ad
1458 2854 1727 2917 militiam,
1759 2872 1930 2923 neque
1959 2857 2022 2909 ad
2054 2858 2220 2926 digni.
2322 2848 2373 2901 li‘.
2395 2850 2503 2903 eris
2534 2851 2751 2904 vocibus
2784 2853 3110 2920 arguendum
3132 2893 3147 2918 ,
3182 2868 3303 2905 cum
3335 2854 3487 2921 pravi
3523 2854 3757 2920 quilibet
3791 2868 3919 2905 mo-

664 2947 826 2993 tatem
859 2940 1090 3008 aliquam
1126 2941 1309 2994 venire
1349 2942 1703 3007 mundanam,
1743 2944 1835 2997 sed
1877 2944 1977 2998 lioc
2018 2956 2223 2998 teutan-
2323 2939 2681 2989 ιιῖίδίενῑοΐυῐη
2724 2948 2991 3001 rf‘ClorCS.
3034 2940 3122 3005 qui
3156 2953 3256 2993 nec
3294 2939 3460 2993 Deum
3500 2940 3767 3007 diligunt,
3812 2956 3922 2995 nec

663 3038 777 3093 tes,
806 3035 861 3082 et
889 3043 993 3083 non
1023 3038 1238 3096 agentes
1267 3030 1633 3097 paenitentiam
1653 3071 1664 3092 ,
1695 3033 1978 3098 quominus
2006 3036 2222 3086 redeant
2324 3026 2528 3079 illCN'm
2582 3028 2876 3080 ειηῖιιωιίηη
2929 3043 3171 3095 qumrcre
3225 3031 3676 3097 comprobantur.
3733 3032 3920 3099 ῑυιῬῖε

662 3119 730 3171 ad
779 3119 915 3183 hoc,
968 3120 1109 3186 quod
1150 3128 1369 3188 propter
1406 3120 1572 3173 Deum
1610 3121 1858 3189 primitus
1897 3122 2206 3191 elegerunt,
2238 3108 2281 3167 C
2314 3114 2448 3168 lucri
2486 3116 2718 3169 stimulis
2748 3117 2991 3180 accensi,
3026 3117 3095 3169 ita
3127 3118 3400 3187 simplices
3427 3134 3681 3188 quosque
3708 3118 3919 3173 blanda

662 3207 1125 3260 anathematizari.
1714 3198 1730 3219 '
2314 3203 2658 3271 persuasione
2696 3204 2993 3268 decipiant,
3028 3214 3086 3256 ιιι
3115 3220 3208 3259 eos
3240 3206 3391 3260 vanis
3430 3206 3909 3274 promissionibus

735 3297 1049 3352 Toletanum
1084 3314 1294 3367 quoque
1334 3300 1617 3354 concilium
1660 3302 1982 3356 tesiimoniis
2019 3312 2214 3358 nostra;
2317 3278 2557 3353 illectos,
2583 3294 2648 3345 ad
2675 3295 3059 3347 monasterium
3094 3295 3311 3348 trahant
3340 3312 3354 3357 ;
3386 3297 3565 3349 eritne
3591 3296 3919 3363 huiusmodi

662 3384 994 3455 allegatiouis
1048 3389 1205 3441 addat
1265 3397 1605 3458 augmentum
1644 3408 1654 3441 :
1694 3409 1710 3438 ι
1751 3390 2089 3452 Monachum,
2134 3393 2215 3445 in-
2317 3394 2464 3437 recta
2495 3384 2813 3445 conversio,
2849 3399 3008 3452 quam
3043 3400 3146 3437 non
3184 3386 3235 3437 in
3273 3400 3685 3453 possessorem,
3719 3388 3819 3440 sed
3858 3388 3917 3442 in

662 3476 818 3543 quit,
843 3486 1063 3546 paterna
1093 3476 1303 3530 devotio
1323 3518 1335 3539 ,
1368 3486 1457 3530 aut
1487 3480 1700 3547 propria
1728 3481 1989 3547 professio
2015 3482 2171 3535 faciat
2198 3501 2210 3535 :
2318 3473 2656 3541 possessione
2692 3473 2969 3541 praecessit
3007 3471 3337 3526 inﬂammata
3373 3474 3619 3542 cupido?
3654 3476 3738 3528 Ad
3796 3477 3917 3530 hate

664 3565 932 3634 Quidquid
967 3566 1156 3619 horum
1193 3566 1353 3619 fuerit
1391 3567 1669 3635 allegatum
1710 3571 1908 3625 tenebit
1940 3588 1954 3635 ;
1996 3572 2215 3640 proinde
2316 3576 2353 3627 Cl

2316 3575 2412 3629 ego
2440 3562 2555 3615 sine
2583 3561 2926 3614 cunctatione
2956 3560 3287 3630 respondeo,
3324 3571 3375 3614 et
3410 3562 3531 3615 istis
3561 3563 3731 3643 etiam
3776 3572 3839 3615 ut
3883 3579 3913 3616 a

664 3654 751 3707 his
798 3655 864 3707 ad
910 3653 1163 3707 nmndum
1201 3657 1497 3709 revertendi
1538 3656 1699 3726 366
1739 3658 2058 3714 recludimus
2118 3661 2214 3714 ad-
2314 3654 2586 3723 proposito
2639 3653 2778 3721 quod
2811 3660 3091 3720 cmperunl
3148 3652 3367 3706 deviare
3400 3668 3507 3706 non
3542 3651 3735 3717 Ιὶερειι»
3769 3667 3911 3705 σου·

662 3741 890 3805 itum,et
914 3755 1101 3795 omnes
1126 3741 1188 3794 ad
1218 3742 1466 3795 saeculum
1494 3742 1864 3799 interdicimus
1885 3762 2208 3816 regressus.»
2314 3752 2524 3797 stanter
2561 3740 2766 3795 affirmo
2799 3760 2810 3793 :
2852 3751 2905 3794 et
2940 3749 2995 3795 ut
3047 3743 3617 3810 argumentationibus
3662 3744 3915 3812 propriis

662 3829 871 3884 Rursus
898 3831 950 3883 in
978 3830 1163 3883 eodem
1192 3832 1459 3906 concilio,
1480 3832 1632 3900 longe
1658 3837 1915 3902 superius,
1945 3837 2083 3890 inter
2110 3838 2211 3891 alia
2314 3832 2451 3884 ratio
2481 3846 2587 3884 non
2619 3832 2851 3899 inuigeat
2875 3870 2889 3893 ,
2924 3846 3111 3883 rursus
3150 3832 3215 3883 ad
3256 3829 3671 3899 Magnntincuse
3703 3832 3911 3886 conci-

664 3918 897 3988 legitur:
932 3937 951 3971 ι
980 3920 1211 3988 Ideoque
1250 3922 1291 3973 si
1334 3922 1383 3974 in
1415 3921 1648 3989 qualibet
1680 3925 1872 3978 minori
1906 3936 2062 3979 mtatc
2082 3967 2097 3988 ,
2133 3927 2213 3980 νει
2315 3921 2442 3973 lium
2472 3935 2651 3973 sermo
2679 3929 2921 3973 recurrat
2950 3934 2964 3971 :
2995 3920 3125 3973 dicit
3154 3920 3299 3972 enim
3330 3929 3451 3988 post
3480 3922 3649 3973 multa
3682 3940 3735 3973 ;ι
3759 3919 3908 3975 Con-

663 4011 937 4078 religionis
970 4020 1238 4063 tonsuram
1260 4052 1273 4072 ,
1304 4011 1383 4064 vel
1416 4012 1688 4082 religionis
1720 4014 1949 4067 debitam
1982 4026 2213 4080 vestem,
2315 4010 2488 4062 Slilllil
2513 4023 2640 4061 sane
2670 4024 2821 4061 sacer
2848 4011 2946 4061 i516
2972 4018 3268 4063 εοηνειιιιιε
3289 4049 3302 4072 .
3333 4010 3495 4080 367
3528 4020 3586 4062 ut
3614 4011 3866 4079 episcopi
3888 4054 3905 4074 ,

664 4100 722 4154 in
752 4108 975 4168 utroque
1004 4115 1133 4154 sexu
1167 4100 1288 4153 ﬁliis
1310 4142 1322 4161 .
1354 4112 1445 4154 aut
1476 4118 1609 4154 unus
1630 4142 1642 4162 ,
1670 4114 1759 4156 aut
1786 4106 1942 4157 ambo
1971 4116 2217 4173 parentes
2314 4102 2425 4155 sive
2451 4101 2701 4166 abbatcs,
2730 4100 2817 4168 qui
2851 4116 2952 4153 non
2982 4112 3036 4153 ιιι
3068 4100 3119 4153 in
3150 4098 3383 4153 fructum
3412 4102 3720 4153 animarum
3744 4143 3758 4163 ,
3795 4104 3896 4155 sed

667 4189 942 4253 dederint,
995 4199 1143 4243 certe
1200 4190 1279 4242 vel
1330 4191 1661 4254 nolentibus,
1716 4204 1806 4245 aut
1858 4197 2217 4251 nescientibus
2317 4195 2370 4247 in
2410 4193 2726 4255 avaritiam,
2760 4201 2812 4245 et
2845 4199 2997 4259 turpe
3030 4190 3241 4244 lucrum
3283 4191 3588 4252 inhiantes,
3622 4190 3905 4257 quoslibet

666 4288 965 4347 susceptam
988 4320 1001 4343 ,
1028 4289 1080 4331 et
1111 4292 1212 4333 non
1240 4295 1361 4333 mox
1390 4282 1560 4337 visam
1588 4282 1637 4333 in
1672 4282 1790 4335 ﬁliis
1819 4283 2212 4348 abdicaverint,
2315 4285 2558 4338 homines
2585 4283 2791 4336 illectos
2815 4280 3289 4333 eireumvcuiendo
3317 4278 3671 4331 tetenderunt
3691 4320 3705 4339 ,
3731 4287 3787 4331 et
3815 4296 3904 4333 res

664 4369 745 4422 vel
795 4384 974 4422 coram
1024 4383 1109 4430 se,
1165 4370 1246 4427 vel
1296 4386 1470 4422 coram
1525 4371 1784 4433 l'Tci-lesia,
1834 4372 2111 4441 palamque
2159 4374 2209 4428 in
2244 4432 2280 4441 ὴ
2315 4390 2499 4429 eorum
2541 4374 2635 4425 tali
2677 4371 3025 4441 persuasione
3056 4384 3161 4422 non
3195 4370 3368 4423 solum
3399 4379 3767 4438 acceperunt,
3800 4373 3900 4424 sed

665 4470 934 4514 conventu
984 4461 1197 4515 eosdem
1244 4461 1380 4513 illius
1432 4462 1555 4514 talia
1606 4460 1801 4514 habere
1844 4464 2209 4531 permiserint,
2242 4432 2287 4489 υ
2316 4466 2488 4532 potius
2518 4461 2919 4529 surripuerunt,
2952 4459 3283 4527 pmuitcntiaa
3313 4460 3622 4521 canonieze,
3657 4462 3771 4512 sive
3808 4476 3902 4511 re-

665 4549 731 4601 ad
754 4548 1077 4602 siccularem
1118 4551 1308 4601 reverti
1349 4550 1585 4602 habitum
1628 4551 1753 4618 ipsis
1788 4552 2014 4619 ﬁliisque
2042 4568 2215 4619 quan-
2314 4551 2521 4622 gulari,
2560 4558 2617 4602 ut
2653 4558 2777 4617 puta
2821 4547 2992 4615 turpis
3031 4546 3165 4599 lucri
3207 4556 3505 4601 sectatores
3545 4546 3898 4614 subiaceant.

664 4638 837 4705 doque
868 4638 1075 4704 penitus
1105 4652 1207 4689 non
1240 4637 1435 4691 lichit.
1477 4637 1579 4691 Sed
1617 4640 1879 4702 convicti,
1919 4642 2055 4707 quod
2097 4651 2214 4694 ton-
2315 4643 2354 4695 li
2395 4656 2550 4695 vero.
2594 4640 2683 4708 qui
2723 4640 2875 4692 vanis
2914 4639 3363 4706 promissionihus
3401 4637 3602 4702 illecti,
3643 4638 3734 4691 vel
3773 4640 3899 4708 qui-

664 4742 866 4790 suram,
902 4736 991 4779 aut
1038 4727 1336 4795 religiosam
1367 4736 1564 4782 vestem
1596 4728 1877 4796 aliquando
1905 4730 2215 4791 habuerint,
2316 4731 2549 4783 huslihct
2603 4727 3096 4782 machinationibus
3145 4728 3417 4795 persuasi,
3462 4728 3660 4780 mentis
3706 4728 3899 4795 inopes

664 4834 786 4870 mox
827 4818 890 4870 ad
932 4818 1200 4887 religionis
1253 4820 1450 4872 cultum
1495 4820 1834 4888 habitumque
1876 4831 2212 4885 revocentur,
2318 4818 2515 4882 effecti,
2549 4833 2725 4871 rerum
2755 4832 2974 4870 suarum
3016 4816 3216 4867 domini
3258 4830 3380 4869 esse
3421 4816 3760 4879 nescientes,
3802 4832 3901 4870 eo.

667 4919 723 4963 et
752 4914 849 4962 sub
878 4917 1090 4962 strenua
1120 4910 1441 4965 discretione
1470 4909 1827 4976 huiuscemodi
1861 4912 2213 4965 observantia:
2321 4924 2462 4961 mam
2502 4907 2894 4976 deposuerunt,
2936 4906 2988 4957 in
3028 4920 3127 4969 eo,
3166 4906 3306 4974 quod
3346 4915 3662 4975 cmperuut,
3704 4921 3897 4975 perse-

670 5000 936 5053 inservire
965 5010 1239 5069 cogantur.
1278 5021 1294 5052 ι
1326 5005 1343 5073 (
1377 5001 1501 5055 Vide
1531 5002 1722 5055 scholia
1762 5005 1828 5056 ad
1864 5003 2053 5056 calcem
2087 5020 2213 5071 opu-
2318 5013 2501 5051 verare
2532 5008 2806 5066 cogantur.
2841 5015 2858 5045 ι

662 5089 855 5157 sculi.)
2389 5087 2492 5142 Sed
2532 5085 2789 5154 quoniam
2831 5085 3006 5138 omnis
3042 5084 3245 5138 versuti
3289 5084 3579 5153 litigatoris
3631 5086 3893 5141 machina

735 5175 791 5228 Si
828 5175 998 5245 placet
1041 5176 1201 5234 etiam
1244 5177 1567 5232 Triburense
1612 5178 1932 5241 concilium,
1973 5179 2098 5248 quid
2149 5180 2212 5232 de
2320 5186 2443 5229 tunc
2492 5185 2679 5228 exacte
2724 5172 3079 5233 convincitur,
3129 5172 3172 5225 si
3221 5172 3481 5241 quidquid
3517 5170 3587 5224 ab
3625 5186 3689 5226 eo
3728 5171 3893 5238 obiici

663 5263 939 5316 monachis
978 5265 1306 5333 propositum
1347 5265 1762 5334 relinquentibus
1797 5269 2085 5328 decernat,
2123 5283 2213 5319 au-
2318 5278 2472 5331 posse
2505 5262 2871 5331 perpenditur,
2906 5260 3047 5313 velut
3087 5259 3423 5327 gravissimis
3462 5263 3895 5330 argumentatio-

666 5352 876 5406 sculta:
910 5373 926 5403 ι
955 5354 1301 5424 Quicunque,
1344 5356 1543 5424 inquit,
1585 5372 1648 5409 ex
1688 5358 2030 5412 saecularibus
2068 5359 2210 5411 acci-
2316 5370 2440 5406 num
2474 5353 2733 5406 arietibus
2774 5362 2929 5405 antea
2973 5351 3271 5415 refellatur,
3314 5368 3419 5405 non
3459 5354 3751 5408 erubesces
3783 5355 3896 5408 for-

666 5443 876 5511 pientes
908 5446 1272 5510 pmuiteutiam
1305 5462 1363 5501 se
1394 5446 1719 5501 totonzlerint
1740 5488 1753 5508 ,
1784 5456 1837 5499 et
1869 5462 2050 5501 rursus
2082 5463 2213 5516 prae-
2319 5444 2457 5497 sitan
2489 5444 2665 5498 dicere
2686 5482 2699 5503 ,
2733 5442 2853 5509 quia
2887 5440 2943 5492 Β.
2976 5441 3267 5510 Gregorius
3300 5443 3573 5496 hominem
3604 5444 3672 5498 de
3704 5460 3895 5499 mona-

663 5531 963 5586 variea:.tes
991 5532 1107 5586 laici
1138 5534 1260 5588 facti
1292 5544 1445 5599 sunt,
1478 5536 1845 5603 comprehensi
1875 5535 1940 5587 ab
1966 5536 2214 5603 episcopo
2318 5534 2483 5587 sterio
2525 5533 2722 5587 retrahi
2751 5571 2764 5594 ,
2808 5542 2861 5585 et
2893 5534 3044 5585 uxori
3083 5547 3225 5595 sua),
3266 5532 3479 5586 etiamsi
3540 5534 3652 5601 iam
3706 5544 3894 5589 tonsu-

663 5636 792 5685 Euo,
844 5624 906 5674 ad
955 5625 1356 5694 pmttitcntiam,
1405 5640 1470 5681 ex
1518 5642 1619 5696 qua
1667 5635 2026 5694 reet-sscrunt,
2069 5642 2213 5681 rcvo-
2321 5633 2466 5678 ratus
2515 5630 2690 5688 esset,
2746 5622 2891 5676 reddi
2942 5622 3211 5691 prteccpit.
3266 5621 3372 5675 Sed
3410 5632 3468 5676 et
3506 5640 3606 5678 nos
3647 5624 3745 5680 tibi
3784 5638 3891 5680 non
