4276 6336
230 389 349 445 373

844 374 1086 434 OPUSC.
1129 372 1267 428 XVI.
1294 403 1362 413 —
1388 369 1667 427 CONTRA
1709 364 1922 423 EPISC.
1967 360 2270 419 MONACH.
2315 360 2406 415 AD
2447 358 2621 414 S.£C.
2677 354 2926 411 REVOC.

3399 353 3504 406 δτι

235 498 515 555 immerito
571 489 990 561 respondemus,
1047 486 1172 553 quia
1226 484 1417 551 sagitta
1472 483 1523 533 in
1581 478 1809 547 lapidem
1844 480 1889 537 Α
1919 474 2284 528 testimonium
2326 473 2651 541 quaerimus,
2682 469 2745 522 Β.
2790 466 3037 523 Gclasius
3075 465 3356 521 memoria:
3395 466 3507 534 pri-

236 589 409 643 misaa
448 582 718 639 interdum
761 578 995 648 percutit
1029 575 1390 644 dirigentem:
1444 579 1497 622 et
1547 583 1687 637 sepe
1738 567 1817 619 in-

235 684 435 731 cautus
474 670 627 726 miles
665 669 853 723 eodem
895 665 1032 729 telo,
1078 679 1185 731 quo
1239 670 1519 731 percutere
1567 659 1819 712 adversa-

241 766 383 820 rium
433 762 645 822 nititttr,
690 760 801 827 ipse
843 758 1021 825 potius
1061 753 1336 807 lcthaiiter
1377 748 1711 802 vulneratur.
1760 746 1818 799 Si

238 857 389 911 enim
422 855 524 908 hoc
552 848 861 917 exemplum
888 844 1177 915 diligenter
1208 840 1489 908 inspicias.
1528 852 1625 906 pro
1665 836 1820 889 nobis

239 956 392 1001 stare
419 941 681 1001 cernitur,
715 936 917 992 nostris
955 930 1369 1002 allegationibus
1402 925 1644 981 attestari
1678 925 1823 977 iuet-

238 1030 605 1104 pugnabiliter
636 1026 910 1081 invenitur
957 1042 968 1076 :
1014 1031 1067 1076 et
1098 1029 1150 1074 ut
1179 1019 1323 1089 quod
1352 1017 1547 1072 dicitur
1601 1016 1713 1081 ipsa
1745 1013 1817 1065 rei

238 1120 682 1177 manifestatioue
715 1116 1013 1176 clarescat,
1043 1110 1243 1179 aliquid
1279 1108 1364 1162 hic
1393 1108 1459 1162 de
1489 1104 1821 1175 Gregoriana

239 1211 475 1282 epistola
516 1206 896 1262 intermiscere
933 1218 1038 1256 non
1080 1200 1260 1269 pigeat
1288 1217 1301 1251 ;
1333 1217 1348 1248 ι
1386 1196 1697 1267 Agathora,
1739 1193 1821 1247 in-

238 1303 389 1373 quit,
432 1298 590 1352 latri:
633 1295 978 1365 praesentium
1010 1298 1203 1360 questa
1234 1300 1349 1351 est,
1383 1287 1634 1341 maritum
1667 1298 1822 1337 somn

236 1404 431 1450 contra
459 1390 787 1445 voluntatem
815 1400 966 1438 suam
996 1384 1047 1436 in
1076 1380 1406 1440 monasterio
1435 1376 1618 1433 L'r'uici
1660 1376 1826 1429 abha-

242 1485 314 1538 tis
341 1497 463 1536 esse
488 1492 833 1535 conversum.
864 1473 1049 1540 Quod,
1079 1471 1205 1539 quia
1237 1470 1303 1521 ad
1337 1466 1576 1534 ejusdem
1610 1464 1821 1518 abbatis

242 1575 500 1641 culpam,
547 1542 908 1625 et’invidiam
962 1578 1066 1617 non
1118 1569 1200 1615 est
1254 1559 1471 1613 dubium
1521 1556 1823 1625 pertinere,

237 1662 592 1735 experientia:
639 1670 741 1713 tua:
795 1655 1165 1727 praecipimus,
1212 1660 1274 1705 ιιι
1316 1648 1553 1717 diligenti
1603 1647 1828 1716 inquisi-

238 1762 391 1811 tione
443 1752 732 1813 discutiat,
785 1767 849 1801 ne
889 1747 1025 1801 forte
1068 1760 1188 1800 cum
1226 1744 1340 1812 ejus
1379 1741 1653 1794 voluntate
1699 1755 1828 1794 con-

1924 583 2041 621 IlltlS
2070 565 2311 621 occurrit
2338 604 2353 628 ,
2385 564 2476 633 qui
2511 564 2619 616 ait:
2652 582 2669 613 ι
2700 560 2921 616 Devotis
2958 574 3176 629 quoque
3216 558 3511 628 virginibus

1922 664 2023 718 nisi
2057 673 2149 717 aut
2178 666 2229 715 in
2262 662 2558 732 Epiphania
2584 702 2598 726 ,
2633 670 2725 714 aut
2755 660 2808 715 in
2842 659 2977 713 albis
3007 658 3378 729 paschalibus.
3416 669 3510 711 aut

1924 754 1975 807 in
2021 753 2386 823 apostolorum
2441 751 2700 805 natalitiis
2748 766 2963 805 sacrum
3005 749 3227 804 minime
3265 748 3510 819 velamen

1924 845 2253 913 imponatur,
2284 850 2340 894 et
2372 856 2476 895 non
2510 850 2635 895 ante
2667 842 2854 909 viginti
2888 840 3127 909 quinque
3164 854 3333 894 annos
3354 880 3367 900 ,
3409 838 3518 895 nisi

1923 932 2098 995 forte,
2145 931 2286 986 sicut
2334 930 2400 983 de
2450 928 2773 997 baptismate
2802 928 3003 982 dictum
3034 935 3148 989 est,
3198 927 3346 996 gravi
3393 926 3510 978 lan-

1923 1038 2089 1095 guore
2120 1022 2417 1091 correptis,
2452 1035 2519 1074 ne
2546 1021 2662 1075 sine
2696 1020 2795 1073 hoc
2837 1032 3060 1072 munere
3098 1017 3164 1071 de
3199 1016 3395 1071 seculo
3422 1030 3517 1069 ex-

1922 1122 2081 1178 eant,
2115 1112 2528 1183 implorantibus
2562 1126 2668 1165 non
2704 1119 2944 1179 negetur.
2973 1129 2989 1158 ι
3014 1107 3174 1163 Vides
3203 1123 3355 1178 ergo,
3388 1108 3512 1176 quia

1926 1204 2070 1257 illam
2100 1203 2264 1256 etiam
2298 1202 2744 1264 conversionem,
2777 1214 2937 1267 quam
2991 1198 3268 1253 inﬁrmare
3312 1206 3365 1251 et
3394 1198 3517 1251 irri-

1927 1302 2034 1346 tam
2064 1291 2291 1346 reddere
2319 1291 2524 1344 sanitas
2545 1288 3085 1359 potcrat,inﬁrmitas
3118 1288 3338 1341 roborat
3358 1327 3372 1345 .
3402 1286 3515 1339 Lm-

1925 1398 2064 1454 guor
2101 1382 2372 1437 excusat?
2413 1381 2513 1444 Et,
2556 1390 2615 1433 ut
2654 1380 2726 1434 ita
2769 1379 2981 1447 loquar,
3034 1378 3175 1433 unde
3216 1392 3514 1433 conversus

1925 1475 2165 1537 corruit,
2202 1474 2323 1527 inde
2354 1473 2637 1526 conversio
2666 1471 3017 1527 convalescit.

2004 1564 2110 1619 Sed
2142 1566 2187 1618 si
2219 1563 2358 1617 forte
2389 1562 2744 1617 calumniaris
2774 1577 2858 1616 me
2889 1560 3195 1629 exemplum
3228 1562 3294 1616 de
3324 1560 3513 1615 mulie-

1928 1656 2078 1711 ribus
2109 1655 2407 1711 reddidisse
2430 1695 2445 1717 ,
2479 1669 2603 1708 cum
2647 1663 2702 1707 tu
2744 1652 2810 1706 de
2838 1652 2971 1705 viris
3004 1652 3347 1720 inquireres;
3390 1651 3514 1704 nolo

1931 1759 1981 1803 te
2004 1748 2349 1815 Iateat,quod
2384 1748 2436 1800 in
2463 1743 2828 1801 Vernicriensi
2855 1743 3332 1812 concitiolegitur:
3364 1760 3382 1793 ι
3416 1742 3519 1796 Ea-

241 1860 433 1899 versus
462 1844 561 1903 sit,
596 1840 677 1894 vel
711 1839 823 1907 ipsa
854 1852 911 1891 se
942 1844 1153 1889 mutare
1182 1832 1528 1903 promiserit:
1559 1838 1612 1883 et
1642 1830 1684 1884 si
1726 1830 1826 1883 hoc
1860 1822 1902 1879 Β
1933 1839 2085 1902 dem,
2128 1838 2335 1905 inquit,
2379 1835 2464 1889 ιρι
2502 1835 2608 1889 cm
2646 1835 2763 1887 vim
2801 1843 2856 1888 οι
2894 1832 3127 1886 (omium,
3165 1851 3182 1881 ι
3213 1831 3278 1885 Et
3314 1830 3359 1886 si
3399 1846 3522 1900 qum

241 1932 536 2005 repererit,
566 1939 619 1985 et
658 1930 803 1983 illum
843 1930 894 1981 in
936 1925 1264 1981 monasterio
1301 1936 1617 1992 permanere
1648 1920 1827 1988 provi-

242 2023 394 2086 deat,
451 2030 506 2076 et
535 2021 709 2081 hanc,
742 2017 883 2072 sicut
918 2015 1199 2086 promisit,
1238 2012 1434 2067 mutari
1465 2010 1773 2077 compellat.
1803 2029 1822 2061 ι

241 2112 383 2167 Ecce
423 2108 555 2165 nihil
585 2108 670 2162 hic
697 2107 763 2160 de
789 2120 997 2160 morosa
1029 2103 1383 2159 conversione
1404 2143 1418 2166 ,
1450 2101 1580 2155 nihil
1608 2102 1671 2154 de
1710 2100 1827 2153 diu-

244 2201 504 2255 turnitate
537 2196 869 2268 probationis
902 2194 1209 2262 inquiritur,
1238 2191 1331 2245 sed
1359 2193 1461 2244 hoc
1495 2198 1703 2244 tantum
1735 2189 1823 2257 ju-

239 2290 420 2352 betur,
447 2297 505 2342 ιιι
531 2289 574 2343 si
606 2287 693 2341 ille
716 2302 839 2341 cum
870 2286 1057 2340 uxoria
1086 2283 1360 2338 voluntate
1386 2294 1441 2337 et
1468 2282 1826 2350 promissione

242 2394 545 2435 conversus
574 2376 738 2431 fuisse
771 2377 1131 2436 convincitur,
1166 2375 1218 2429 in
1253 2374 1439 2429 eodem
1472 2386 1827 2442 perseverare

239 2471 526 2542 proposito
556 2468 883 2522 omnimodis
914 2465 1237 2533 compellato
1250 2480 1291 2516 r.

314 2559 468 2629 Quod
500 2568 681 2613 autem
714 2559 999 2626 sequitur:
1032 2575 1049 2607 ι
1081 2556 1136 2610 Si
1170 2571 1296 2610 vero
1328 2553 1459 2609 nihil
1493 2553 1682 2607 horum
1712 2562 1790 2607 est
1811 2594 1825 2617 ,

239 2653 351 2707 hoc
386 2661 471 2705 est
509 2649 797 2713 videlicet,
838 2648 881 2702 si
924 2662 1099 2718 neque
1138 2663 1260 2702 cum
1303 2647 1611 2710 voluntate,
1655 2660 1829 2713 neque

238 2756 371 2799 cum
423 2740 779 2809 promiss‘Oue
831 2748 914 2793 est
966 2738 1150 2793 uxoris
1176 2751 1508 2799 conversus,
1540 2746 1595 2788 ut
1639 2736 1833 2789 redda—

245 2841 353 2885 tur.
391 2849 411 2883 ι
442 2828 553 2883 lloc
592 2828 755 2882 etiam
797 2829 1033 2883 maxime
1072 2828 1275 2883 nostris
1304 2826 1551 2895 opitulari
1586 2825 1830 2896 partibus

244 2937 354 2976 non
389 2931 478 2975 est
515 2919 770 2983 dubittm,
808 2919 1068 2972 nimirum
1108 2919 1233 2972 dum
1260 2918 1593 2973 enumeratis
1618 2918 1828 2981 causis,

248 3012 447 3083 quibus
480 3012 564 3065 vir
594 3013 747 3065 uxori
780 3011 931 3065 reddi
966 3010 1294 3080 prmcipitur,
1326 3010 1473 3063 nulla
1513 3010 1579 3064 de
1617 3024 1828 3063 morosa

241 3103 609 3159 conversione
654 3102 859 3156 mentio
898 3103 1165 3171 reperitur
1192 3119 1204 3153 :
1236 3115 1396 3169 quam
1426 3100 1632 3156 scilicet
1663 3099 1831 3170 longa!

248 3192 623 3248 conversionis
665 3206 870 3245 moram
916 3192 959 3245 si
1001 3191 1131 3259 quid
1172 3191 1461 3252 momenti,
1493 3191 1535 3243 si
1581 3191 1709 3260 qttid
1754 3191 1833 3243 vi-

247 3282 392 3336 rium
438 3279 886 3349 vigilantissimus
913 3280 995 3332 vir
1025 3279 1227 3334 habere
1270 3278 1620 3343 decerneret,
1665 3279 1832 3348 expli-

243 3373 389 3427 catis
418 3372 556 3437 aliis,
586 3386 928 3440 nequaquam
952 3370 1091 3425 hanc
1119 3370 1332 3425 silentio
1357 3371 1658 3441 praeteriret
1688 3390 1698 3424 :
1732 3370 1826 3426 sed

247 3478 421 3535 quam
452 3450 654 3530 tacuit,
684 3462 965 3517 tacendum
997 3477 1117 3517 esse
1146 3462 1364 3518 silentio
1388 3461 1656 3519 clamante
1699 3477 1834 3533 pra:-

248 3555 419 3627 cepit.

856 3646 1083 3704 CAPUT
1130 3647 1213 3702 Vl.

322 3735 456 3804 Qua:
482 3748 611 3791 tetas
642 3738 941 3808 requiratur
967 3740 1022 3792 in
1052 3739 1425 3794 consecrandis
1457 3739 1760 3809 virginibus.

326 3829 527 3884 Verum
560 3827 651 3897 qui
688 3837 797 3883 tam
825 3827 1202 3884 densissimam
1244 3830 1459 3883 testium
1504 3824 1703 3884 nubem
1742 3846 1835 3899 ope

249 3920 487 3991 positam
518 3920 625 3974 tuis
652 3918 1124 3975 adinventionibus
1149 3920 1437 3989 conspicis,
1467 3929 1521 3973 ut
1546 3921 1658 3990 jam
1687 3935 1838 3974 more

251 4010 456 4067 lubrici
487 4010 712 4079 anguis,
745 4010 854 4063 huc
880 4010 1119 4079 illucque
1162 4019 1214 4063 te
1254 4018 1470 4064 vertere
1510 4011 1837 4065 constrictus

254 4115 419 4155 manu
452 4099 643 4154 validae
675 4099 899 4153 rationis
925 4099 1149 4154 minime
1175 4100 1373 4170 pessis,
1400 4100 1631 4156 fortasse
1656 4110 1835 4156 tamen

253 4192 434 4246 adhuc
466 4189 532 4243 de
564 4190 649 4244 his
676 4189 843 4260 368
869 4190 959 4258 qui
990 4188 1042 4243 in
1072 4190 1390 4259 aegritudine
1422 4190 1580 4259 positi
1610 4205 1835 4245 conver-

254 4286 469 4343 tuntur,
501 4279 767 4333 rationem
803 4280 897 4333 tibi
934 4278 1086 4333 reddi
1117 4279 1431 4347 specialiter
1459 4280 1699 4347 quzeris;
1735 4280 1829 4335 sed

251 4371 297 4425 si
341 4378 532 4424 cuncta
561 4409 576 4431 ,
612 4383 730 4437 quae
769 4370 1031 4433 superius:
1054 4370 1196 4424 dicta
1237 4381 1396 4432 sunt,
1434 4370 1724 4440 diligenter
1759 4383 1837 4426 at-

1934 1930 2077 1983 dicta
2103 1937 2223 1983 sunt
2246 1968 2260 1991 ,
2287 1927 2527 1981 studiose
2558 1926 2890 1998 consideras,
2921 1923 2985 1976 ad
3013 1922 3391 1991 disputationis
3414 1922 3522 1976 vim

1937 2020 2253 2090 propensius
2287 2017 2648 2071 roborandam
2683 2016 2785 2070 hoc
2818 2030 2921 2069 non
2955 2030 3019 2066 ex
3051 2014 3397 2077 necessitate,
3430 2011 3523 2065 sed

1936 2128 1998 2166 ex
2046 2111 2204 2165 taedio
2240 2109 2436 2164 fecisse
2478 2123 2562 2163 me
2603 2124 2707 2162 non
2750 2108 2988 2173 ignoras.
3031 2105 3200 2158 Planc
3240 2105 3284 2157 si
3325 2113 3521 2157 cuncta

1936 2218 2109 2258 sacra:
2162 2201 2461 2271 Scriptum
2513 2200 2820 2254 testimonia
2850 2238 2864 2260 ,
2914 2211 3032 2266 qua:
3068 2197 3193 2250 huic
3235 2193 3524 2250 assertioni

1935 2308 2175 2361 congrua
2234 2291 2602 2361 reperiuntur,
2660 2297 2996 2343 tentaremus
3065 2301 3347 2354 apponere,
3399 2297 3525 2338 ante

1935 2386 2165 2438 fortasse
2205 2381 2354 2443 dies,
2392 2396 2555 2449 quam
2596 2380 2967 2446 exemplorum
3026 2377 3178 2446 copia
3232 2390 3523 2429 mtuicrosa

1936 2472 2232 2528 deﬁceret:
2276 2484 2509 2539 quorum
2550 2468 2800 2522 videlicet
2839 2467 3045 2520 idcirco
3085 2466 3328 2518 scribere
3366 2465 3521 2533 plura

1936 2562 2342 2631 postponimus,
2373 2558 2497 2625 quia
2528 2556 2856 2627 prolixitatis
2886 2556 3160 2609 fastidium
3193 2554 3518 2607 devitamus.

1935 2654 2275 2723 Quapropter
2346 2649 2689 2717 impudenter
2766 2648 2943 2701 adhuc
2987 2645 3296 2699 testimonia
3340 2644 3525 2711 requi-

1938 2753 2147 2798 rentem
2182 2741 2248 2795 ad
2281 2754 2369 2803 ea,
2394 2755 2513 2808 qua:
2553 2738 2801 2807 superius
2837 2748 2962 2790 sunt
2984 2746 3261 2805 congesta,
3294 2734 3527 2787 remitti-

1938 2848 2099 2897 mus;
2143 2831 2233 2886 ubi
2273 2838 2506 2900 tegrotos
2545 2828 2754 2898 pariter
2790 2836 2844 2880 et
2884 2826 3180 2880 incolumes
3212 2824 3400 2878 eadem
3443 2838 3526 2877 rc-

1938 2922 2059 2992 gula
2090 2918 2533 2989 comprehendit,
2568 2932 2688 2986 quae
2718 2932 2822 2969 non
2855 2917 3028 2969 solum
3062 2915 3396 2977 voluntarie,
3431 2915 3526 2967 sed

1936 3015 2104 3068 etiam
2148 3011 2415 3065 violenter
2450 3024 2748 3065 conversos
2772 3050 2787 3072 ,
2830 3008 2974 3063 ultro
3012 3009 3178 3062 etiam
3220 3007 3528 3075 deceptoris

1943 3102 2441 3160 machinationibus
2472 3116 2761 3173 persuasus
2789 3102 2839 3155 in
2869 3100 3059 3156 eodem
3092 3100 3369 3170 preposito
3400 3114 3525 3169 per-

1940 3212 2193 3255 severare
2221 3196 2484 3251 decernit.

2538 3332 2767 3389 CAPUT
2808 3331 2914 3384 \'|l.

2366 3446 2444 3497 An
2478 3444 2649 3497 rirlttte
2680 3442 2837 3496 celari
2868 3442 3087 3509 possint.

2012 3558 2184 3614 Tanta
2221 3556 2612 3620 veneratione,
2657 3563 2805 3609 tanta
2850 3551 3109 3607 custodit)
3147 3565 3375 3608 censura
3412 3568 3531 3605 mo-

1939 3651 2227 3707 nachicum
2266 3648 2512 3703 habitum
2553 3646 2729 3701 sancti
2767 3644 2957 3699 Patres
2993 3644 3215 3713 dignum
3244 3658 3367 3699 esse
3396 3659 3530 3697 ceu-

1939 3749 2195 3806 suerunt,
2222 3749 2282 3794 ιιι
2311 3752 2449 3807 pene
2478 3752 2804 3807 quocunque
2834 3735 2991 3787 modo
3029 3735 3178 3788 illum
3208 3735 3333 3803 quis
3359 3736 3529 3788 semel

1939 3834 2207 3895 indueret,
2235 3828 2577 3898 relinquendi
2611 3826 2951 3896 postmodum
2986 3824 3258 3879 licentiam
3292 3840 3396 3879 non
3432 3824 3530 3878 ha-

1938 3925 2109 3981 beret.
2157 3922 2223 3977 Et
2263 3931 2354 3981 ut.
2394 3921 2535 3980 quod
2586 3919 2845 3979 dicimus.
2898 3917 3224 3971 testimoniis
3270 3918 3530 3987 approbe-

1938 4032 2090 4079 mus,
2130 4014 2369 4083 nunquid
2412 4027 2516 4064 non
2572 4009 2870 4079 saepissime
2900 4009 2952 4061 in
2986 4006 3158 4063 sacris
3187 4009 3486 4062 canooihus
3513 4051 3526 4070 .

1939 4104 2304 4167 interdicitur,
2344 4112 2401 4155 ut
2430 4102 2590 4155 vidua
2618 4116 2724 4153 non
2752 4099 3001 4154 veletur?
3030 4097 3210 4167 Unde,
3247 4108 3302 4153 ut
3333 4101 3400 4154 de
3428 4115 3533 4153 cac-

1939 4197 2074 4252 teris
2100 4195 2292 4250 sileam
2317 4236 2329 4251 .
2358 4191 2609 4247 Gelasius
2638 4192 2713 4244 ait
2740 4208 2751 4243 :
2784 4209 2802 4240 ι
2842 4189 3073 4255 Viduas,
3108 4192 3317 4259 inquit,
3349 4191 3531 4246 velare

1939 4283 2259 4355 pontiﬁcum
2300 4282 2477 4336 nullus
2518 4289 2768 4336 attentct.
2806 4280 2928 4335 llaec
2961 4290 3175 4345 tamen,
3208 4299 3327 4351 qua!
3358 4282 3531 4336 velari

1936 4376 2102 4449 369
2125 4376 2287 4430 etiam
2326 4391 2354 4426 a
2398 4374 2652 4443 pontiﬁce
2701 4372 3041 4442 prohibetur,
3079 4373 3121 4425 si
3153 4374 3391 4441 quolibet
3436 4377 3533 4427 iui-

250 4461 478 4525 tendas,
520 4459 861 4529 perspicuum
897 4470 1015 4523 est,
1063 4470 1113 4513 te
1152 4460 1421 4530 superﬂuo
1458 4462 1524 4516 de
1552 4463 1732 4530 specie
1766 4461 1829 4516 il-
1862 4503 1910 4562 υ
1939 4466 2093 4537 pulsu
2128 4465 2241 4534 ipsa
2286 4463 2390 4518 sibi
2429 4463 2643 4529 signum
2674 4461 2814 4514 sacri
2867 4460 3152 4515 velatninis
3189 4462 3530 4531 imposuerit,

250 4551 345 4606 lnd
394 4551 703 4620 ambigere,
735 4551 877 4619 quod
926 4549 995 4603 de
1041 4565 1239 4619 genere
1287 4551 1498 4620 cogeris
1537 4550 1829 4606 allirmare.

251 4637 313 4696 Si
355 4640 499 4693 enim
529 4640 595 4693 de
622 4640 875 4692 Otllltlllus
914 4654 1018 4692 non
1058 4639 1229 4693 solum
1267 4650 1494 4709 Sponte,
1533 4641 1625 4694 sed
1669 4641 1833 4695 etiam

248 4737 442 4785 coacte
492 4730 795 4787 conversis.
848 4728 914 4783 de
970 4729 1057 4782 his
1091 4729 1255 4782 ctiam
1296 4729 1386 4797 qui
1425 4730 1832 4799 despiciuntur,

250 4822 541 4880 conversio
586 4831 705 4875 rata
747 4821 1097 4884 decernitur;
1138 4822 1370 4890 qualiter
1407 4822 1459 4875 in
1512 4824 1731 4892 aegrotis
1768 4822 1835 4876 ad

250 4914 359 4969 hoc
419 4911 856 4968 inenarrabiliter
907 4912 1283 4975 aestuantibus,
1344 4922 1398 4965 et
1454 4927 1575 4965 cum
1640 4928 1835 4984 magno

250 5001 530 5059 desiderio
586 5002 953 5072 ﬂagitatuibus
1005 5017 1111 5055 non
1157 5002 1344 5056 eadem
1402 5002 1669 5071 prwcipue
1716 5018 1840 5056 scn-

250 5093 423 5150 tentia
450 5102 799 5148 conservetur
820 5093 842 5145 ἲ

323 5181 461 5237 Nam
500 5191 560 5237 ut
596 5182 662 5236 de
703 5182 831 5237 viris
870 5190 1108 5247 taceam,
1142 5184 1337 5252 quibus
1368 5184 1433 5237 ad
1465 5185 1838 5240 conversionis

253 5272 569 5329 remedium
605 5272 748 5326 nulla
801 5273 1116 5343 praeiudicat
1162 5282 1329 5338 tetas,
1367 5275 1569 5328 nullum
1628 5286 1837 5345 tempus

252 5362 505 5428 obsistit,
538 5362 686 5432 ipsas
714 5362 878 5437 etiam
919 5363 1187 5431 virgines,
1228 5378 1366 5432 quas
1404 5364 1505 5418 nisi
1545 5364 1598 5417 in
1640 5365 1830 5435 prmci-

250 5454 381 5526 puis
419 5451 805 5507 festivitatibus
832 5492 847 5517 ,
900 5464 954 5507 et
992 5460 1113 5523 post
1152 5453 1345 5525 viginti
1384 5455 1625 5525 quinque
1663 5471 1834 5509 annos

251 5542 431 5599 atatis
484 5542 794 5598 consecrari
851 5543 1073 5597 minime
1124 5544 1280 5609 licet,
1338 5545 1596 5617 languore
1656 5555 1835 5602 tamen

257 5641 541 5703 correptas
568 5641 623 5686 et
652 5630 961 5687 consecrari
988 5672 1003 5694 .
1033 5641 1086 5686 et
1124 5646 1337 5688 sacrum
1375 5634 1617 5691 velamen
1659 5636 1837 5691 susci-

258 5737 394 5789 pere
425 5722 738 5792 plenissime
772 5720 915 5776 licet.
958 5722 1053 5777 Cui
1095 5723 1380 5779 asscrtioni
1422 5725 1550 5780 dum
1590 5725 1837 5782 adhiberi

1939 4558 2143 4626 absque
2193 4555 2302 4609 ullo
2349 4554 2735 4608 retractatione
2778 4552 3087 4621 relinquere
3144 4553 3370 4607 ulterius
3420 4572 3528 4609 non

1939 4645 2180 4701 audebit.
2240 4662 2257 4694 ι
2294 4642 2447 4697 Unde
2490 4643 2542 4695 in
2582 4640 2959 4696 Aurelianensi
2998 4642 3229 4695 concilio
3260 4642 3455 4711 legitur
3514 4663 3527 4697 :

1944 4755 1963 4787 ι
2002 4735 2207 4799 Vidute,
2240 4748 2360 4802 uuae
2404 4740 2701 4801 spontaneo
2754 4730 3029 4786 voluntate
3061 4730 3131 4785 ab
3168 4732 3324 4787 altari
3360 4750 3533 4790 saeue

1938 4826 2369 4882 conversationis
2398 4824 2643 4879 velamen
2671 4824 2995 4893 suscipiunt,
3027 4824 3267 4879 decrevit
3291 4828 3531 4894 synotius

1941 4917 1992 4970 in
2029 4915 2220 4971 eodem
2258 4914 2535 4982 proposito
2590 4930 2681 4967 eas
2730 4928 3069 4983 permanere.
3122 4912 3238 4968 Non
3274 4916 3417 4969 enim
3453 4917 3534 4971 fas

2119 5004 2480 5066 decernimus,
2537 5012 2823 5073 postquam
2872 5020 2929 5058 se
2970 5003 3197 5059 Domino
3227 5006 3390 5060 semel
3433 5010 3533 5060 sub

1943 5098 2063 5154 velo
2109 5097 2571 5159 consecraverint,
2615 5098 2810 5151 iterum
2870 5083 2951 5151 eis
3024 5099 3245 5152 concedi
3304 5099 3532 5169 Spiritui

1942 5198 2131 5245 sancto
2161 5189 2401 5244 mentiri.
2457 5206 2475 5239 ι
2518 5188 2583 5242 Et
2621 5188 2761 5243 idem
2795 5188 2921 5242 alibi
2959 5198 3082 5260 post
3116 5191 3281 5246 multa
3316 5211 3329 5244 :
3368 5214 3385 5241 ι
3423 5193 3531 5247 Nos

1946 5290 2125 5334 autem
2154 5278 2478 5333 auctoritate
2523 5278 2742 5333 Patrum
2773 5279 2973 5333 suﬁ‘ulti
3007 5280 3060 5334 in
3092 5282 3191 5336 hoc
3220 5297 3377 5337 sacro
3403 5298 3535 5336 con-

1942 5380 2103 5426 ventu
2177 5370 2472 5434 sancimus,
2541 5378 2595 5424 et
2644 5370 2813 5425 libere
2863 5370 3198 5439 iudicamus;
3258 5373 3303 5428 si
3371 5374 3530 5428 vidua

1942 5471 2133 5533 Sponte
2172 5464 2438 5528 velamen,
2484 5464 2735 5533 quamvis
2777 5478 2883 5517 non
2942 5476 3179 5528 sacrum,
3217 5464 3320 5519 sibi
3360 5465 3531 5535 impo-

1943 5554 2136 5617 suerit,
2174 5563 2229 5609 et
2281 5556 2333 5608 in
2374 5552 2611 5608 Ecclesia
2651 5554 2792 5609 inter
2818 5553 3028 5609 velatas
3062 5556 3389 5611 oblationem
3423 5555 3532 5613 Deo

1944 5641 2224 5707 obtulerit,
2258 5642 2413 5705 velit,
2438 5642 2593 5707 nolit,
2622 5643 2994 5698 sanctimoniae
3034 5645 3275 5700 habitum
3305 5645 3533 5701 ulterius

1948 5730 2150 5787 habere
2180 5731 2417 5799 debebit,
2450 5732 2573 5787 licet
2628 5743 2967 5790 sacramento
3009 5736 3331 5790 continuare
3380 5737 3531 5802 velit,
