4276 6384
607 427 708 480 575
1086 420 1142 474 S.
1184 418 1381 474 PETRI
1425 413 1706 472 DAMIANI
1748 414 1895 470 OPP.
1935 411 2166 468 TOML’S
2207 412 2336 468 SEU
2378 411 2554 468 PARS
2589 412 2670 467 Ill.
2704 409 3137 488 —0PUSCUL.\
3183 405 3401 464 \‘ARiA
3825 391 3923 448 376
4033 402 4041 498 κ

603 555 668 594 eo
724 546 902 591 tenore
950 545 1000 590 et
1047 533 1251 587 ratione
1296 531 1543 585 velamen
1599 529 1696 583 sibi
1734 527 2066 596 imposuisse,
2109 535 2165 578 ut
2197 534 2236 583 Α
2267 541 2531 580 canonum
2561 525 2884 579 auctoritate
2938 522 3311 585 confunditur,
3345 513 3589 574 nostris
3617 509 3812 566 etiam
3845 521 3901 560 ra

604 631 794 684 iterum
821 635 994 696 posset
1024 625 1308 692 deponere.
1337 642 1353 674 ι
2270 617 2500 670 tionibus
2529 614 2878 683 probabiliter
2904 619 3192 682 superetur
3224 625 3240 663 :
3269 616 3582 677 quatenus
3615 611 3928 696 argumen-

675 720 863 786 Liquet
897 717 1080 786 igitur,
1125 715 1247 783 quia
1279 724 1332 766 et
1373 712 1457 765 illa
1490 713 1796 771 conversio,
1837 724 1954 778 quze
1987 708 2173 777 legali-
2274 713 2532 761 talionum
2556 704 2792 761 circulus
2815 705 2892 760 sic
2915 703 3153 773 undique
3183 699 3325 755 labia
3376 696 3933 786 dolosa‘copstrm-

607 823 686 866 ter
716 780 817 864 non
861 780 1158 878 processit,
1191 815 1244 860 et
1282 806 1393 860 fieri
1447 805 1671 858 omnino
1699 817 1799 855 non
1842 799 2054 858 debuit;
2090 810 2173 850 ta-
2273 807 2382 868 gat,
2422 806 2480 851 ut
2528 813 2557 850 a
2591 806 2696 850 tam
2729 808 2987 865 perversa
3027 791 3271 848 doctrina
3302 780 3933 878 necessario-inper-

607 919 727 956 tneu
773 870 992 970 propter
1045 898 1185 952 sacri
1236 896 1440 949 ordinis
1480 893 1859 954 reverentiam,
1891 899 2172 958 postquam
2273 896 2491 957 petuum
2521 886 2884 952 conticescat;
2916 894 2973 939 ttt
2999 892 3054 938 et
3082 883 3149 937 de
3180 879 3335 935 nobis
3365 875 3603 970 merit?
3918 884 3932 918 ε

607 991 748 1045 facta
772 959 1008 1060 esu-jam
1040 1003 1140 1041 non
1182 988 1517 1056 permittitur
1554 984 1759 1038 violari.
1791 983 1845 1034 Si
1873 997 1999 1049 ergo
2027 982 2172 1034 illam
2275 980 2396 1050 quia
2430 996 2531 1033 non
2583 978 2827 1034 dedimus
2871 991 3040 1032 cornu
3091 971 3403 1044 peccaturi;
3434 976 3506 1060 et
3550 965 3638 1020 de
3678 961 3788 1018 illo
3813 959 3936 1060 jure

611 1057 1008 1136 conversionem
1037 1077 1206 1130 sancti
1238 1075 1424 1128 Patres
1467 1073 1719 1127 roborant
1766 1071 1984 1131 factam,
2016 1078 2174 1136 quam
2274 1088 2394 1126 cum
2427 1071 2708 1125 l’saunista
2737 1075 2986 1123 cantetur
3015 1085 3026 1120 ε
3065 1086 3082 1119 ι
3115 1063 3384 1132 Quoniam
3416 1058 3829 1114 obstructum
3855 1057 3939 1106 est

610 1180 664 1223 et
715 1169 812 1236 ipsi
865 1166 1188 1236 prohibuere
1232 1163 1496 1220 futuram;
1527 1160 1653 1228 quid
1689 1160 1754 1213 de
1786 1159 1896 1221 illa,
1927 1160 2176 1219 obsecro,
2275 1178 2336 1216 os
2367 1161 2694 1230 loquentium
2721 1160 2906 1229 iniqua
2935 1155 3108 1227 (Ρεαι,
3136 1154 3291 1222 Lm),
3343 1171 3363 1204 ,

611 1233 944 1314 sentiendum
971 1264 1075 1320 est,
1099 1255 1162 1306 ad
1198 1268 1354 1323 quam
1399 1253 1676 1306 venientes
1708 1249 2178 1303 adhortationibus
2348 1255 2458 1323 Age
2502 1267 2651 1322 ergo,
2680 1252 2806 1321 quid
2842 1260 2924 1306 est
2969 1249 3110 1318 quod
3140 1247 3340 1302 dicitur
3369 1261 3383 1298 :
3419 1262 3438 1294 ι
3479 1240 3656 1309 Quia
3694 1236 3818 1293 nisi
3848 1233 3939 1304 qui

611 1358 933 1418 provocant,
992 1346 1042 1398 in
1091 1359 1192 1412 qua
1230 1344 1431 1410 positos
1476 1343 1818 1395 obtestantur
1848 1349 1902 1392 ιιι
1939 1353 2179 1408 perscve-
2279 1345 2600 1414 regulariter
2658 1351 3005 1412 protractus,
3063 1347 3118 1392 ct
3146 1351 3242 1408 per
3288 1333 3488 1388 annale
3555 1329 3842 1400 spatium
3870 1326 3942 1378 sit

614 1453 738 1491 rare
757 1452 857 1490 non
883 1435 1162 1489 desinant?
1191 1433 1278 1486 Sic
1294 1435 1452 1486 etiam
1470 1441 1548 1493 tu,
1574 1433 1614 1483 si
1642 1423 1830 1500 quovis
1854 1441 2009 1500 pacto
2036 1428 2179 1483 subi-
2279 1435 2556 1504 probatus,
2606 1433 2814 1487 etiamsi
2865 1444 3157 1485 conversus
3211 1427 3281 1482 sit
3338 1441 3440 1496 per
3469 1418 3940 1494 mgriludiﬂemv

616 1536 770 1580 tanea
823 1524 915 1577 tibi
959 1523 1239 1577 conversio
1278 1521 1615 1590 displicebat,
1670 1529 1728 1574 ut
1781 1536 1810 1574 a
1873 1529 2179 1574 sanctorum
2283 1525 2584 1579 absolutam
2636 1523 2910 1577 relabendi
2957 1518 3023 1576 ad
3084 1519 3340 1578 saeculum
3399 1516 3636 1571 habeat
3705 1510 3942 1565 liberta-

615 1617 834 1669 Patrum
885 1629 1071 1668 norma
1122 1614 1172 1666 in
1225 1613 1368 1666 nullo
1398 1623 1446 1666 tc
1475 1612 1822 1666 dissidentem
1850 1612 2179 1672 ostenderes,
2285 1616 2426 1668 tem?
2461 1634 2477 1664 ι
2508 1613 2759 1681 Nunquid
2785 1612 2876 1680 qui
2902 1611 3004 1666 hoc
3025 1609 3092 1662 de
3121 1607 3431 1662 valentibus
3456 1601 3752 1662 censuit,
3790 1599 3940 1651 idem

617 1703 1095 1774 poteras.forsitau
1147 1703 1522 1756 convcrtendis
1576 1702 1789 1772 quidem
1848 1700 2052 1769 aliquid
2114 1701 2180 1754 de
2285 1705 2636 1761 nihilominus
2697 1704 2761 1758 de
2801 1701 3181 1772 languentibus
3227 1695 3538 1768 judicavit?
3607 1690 3742 1746 Sed
3811 1689 3941 1758 Quis

619 1811 768 1849 ltltlt‘a
849 1793 1211 1848 conversionis
1287 1792 1571 1860 obiicere;
1653 1791 1924 1846 conversis
2007 1799 2183 1843 autem
2286 1797 2366 1851 vel
2414 1799 2611 1850 insana:
2643 1795 2839 1849 mentis
2882 1795 3045 1848 homo
3092 1806 3198 1846 non
3240 1790 3424 1844 videat
3477 1786 3629 1856 quia
3680 1781 3939 1853 quilibet

621 1887 780 1949 absit,
836 1893 892 1938 ill.
927 1886 1068 1953 (ιιιοιῘ
1117 1884 1536 1937 irrevocabiliter
1601 1891 1777 1935 actum
1819 1890 1918 1943 est,
1988 1863 2254 1943 doceas“
2286 1887 2588 1959 languidus,
2615 1886 2697 1940 vel
2723 1886 2832 1954 jam
2861 1884 3019 1939 morti
3048 1882 3383 1954 propinquus
3433 1878 3590 1933 hanc
3640 1877 3938 1932 observa-

621 1984 935 2029 retractare.
968 1973 1033 2026 Et
1068 1973 1190 2040 quia
1236 1987 1414 2025 sermo
1459 1986 1515 2025 se
1540 1971 1606 2025 de
1637 1970 1951 2024 mulieribus
1983 1971 2178 2035 intulit,
2288 1981 2484 2032 ιίοηεηι
2537 1991 2758 2046 prorsus
2825 1972 3120 2042 adimplere
3178 1987 3286 2026 non
3336 1968 3566 2023 valeat?
3640 1965 3713 2022 Si
3759 1964 3936 2035 igitur

622 2081 718 2118 cur
744 2066 842 2118 ista
877 2064 940 2117 de
989 2063 1175 2117 velatis
1204 2061 1378 2114 viduis
1407 2062 1659 2123 diximus,
1704 2077 1822 2114 cum
1849 2071 1900 2114 et
1931 2062 2180 2129 virgines,
2287 2088 2311 2124 υ

2287 2085 2473 2124 omnes
2519 2067 2676 2124 simul
2732 2066 2976 2120 homines
3003 2071 3224 2118 sanctus
3249 2060 3584 2115 Benedictus
3647 2059 3774 2112 hac
3805 2069 3931 2108 sen-

623 2172 742 2225 quge
794 2154 936 2208 nullo
985 2153 1158 2206 adhuc
1207 2167 1360 2207 sacro
1403 2153 1666 2206 velamine
1717 2161 2093 2220 conteguntur,
2142 2153 2183 2204 si
2289 2160 2451 2213 tentia
2502 2155 2948 2226 comprehendit,
3004 2161 3153 2223 patet
3181 2150 3448 2221 profecto,
3478 2148 3621 2218 quia
3658 2147 3849 2217 aegris
3875 2150 3932 2195 ct

625 2246 812 2297 saltem
835 2257 1154 2312 permanere
1177 2258 1233 2295 se
1264 2244 1314 2294 in
1341 2242 1581 2312 virginali
1607 2244 1878 2310 proposito
1901 2242 2184 2295 simulave—
2288 2251 2506 2305 omnino
2549 2247 2836 2311 debilibus,
2885 2245 2975 2313 qui
3016 2243 3083 2298 ad
3129 2238 3519 2312 perferendum
3550 2254 3677 2294 non
3720 2250 3930 2290 assur-

626 2336 753 2396 rint,
798 2334 1039 2386 distriete
1090 2334 1460 2399 prohibentur,
1513 2345 1569 2385 ut
1607 2334 1803 2386 nubere
1842 2349 1943 2386 non
1990 2349 2189 2400 prazsu-
2289 2350 2438 2411 gunt,
2481 2337 2849 2393 conversionis
2879 2335 3085 2388 aditum
3122 2331 3415 2388 obseravit.
3463 2328 3576 2384 Sed
3603 2327 3757 2400 quis
3784 2325 3932 2378 ferat

627 2423 813 2477 mam?
857 2422 1029 2490 Super
1069 2424 1263 2490 quibus
1302 2421 1642 2476 Innocentius
1673 2437 1803 2490 papa
1846 2423 1921 2476 sit:
1958 2425 2186 2476 scribit:
2292 2433 2394 2485 hoc
2438 2433 2502 2483 (ιε
2527 2436 2715 2482 sancto
2753 2426 2868 2478 viro
2915 2422 3178 2492 suspicari
3205 2420 3549 2490 aliquatenus
3581 2431 3794 2488 posse,
3833 2412 3928 2482 qui

632 2531 650 2564 ι
689 2512 780 2566 ila:
811 2526 960 2574 vero,
1009 2527 1124 2579 quae
1155 2512 1377 2564 llCt'tltIlll
1409 2527 1563 2566 sacro
1605 2513 1864 2565 velamine
1899 2521 2072 2573 tectae,
2108 2523 2189 2565 ta-
2295 2534 2398 2574 ηοιι
2427 2518 2595 2570 solum
2623 2517 2689 2570 ab
2719 2515 2838 2577 hac,
2874 2522 2927 2568 ct
2956 2514 3022 2566 ab
3049 2511 3196 2565 omni
3225 2519 3376 2580 peste
3405 2509 3697 2563 hmreticaz
3728 2503 3929 2575 pravi-

628 2620 750 2658 nten
783 2604 833 2655 in
862 2603 1133 2670 proposito
1192 2603 1434 2670 virginali
1481 2617 1691 2669 semper
1727 2618 1783 2656 se
1814 2603 2194 2656 sinuﬂaxeraut
2296 2607 2417 2661 tatis
2449 2607 2653 2659 alienus
2695 2604 2924 2665 exstitit,
2960 2603 3067 2655 imo
3110 2600 3314 2669 Spiritu
3346 2607 3538 2653 sancto
3570 2597 3813 2665 plenus.
3846 2598 3927 2645 tot

628 2708 964 2762 ttcnnancrc.
997 2693 1117 2745 licet
1149 2692 1332 2743 velut“
1362 2708 1463 2745 non
1493 2691 1722 2753 fuerint;
1754 2695 1796 2746 si
1842 2694 1975 2746 forte
2004 2710 2194 2760 Imusc-
2296 2700 2461 2767 signis
2486 2695 2866 2752 altestantibus
2888 2692 3293 2749 evidentissime
3318 2689 3565 2746 claruit?
3590 2683 3921 2754 Quisillum

630 2784 758 2844 rint,
787 2782 1095 2834 revocanlze
1137 2790 1279 2842 sunt,
1312 2790 1362 2833 et
1386 2780 1588 2847 agenda
1617 2782 1927 2850 ptenitentia
1954 2782 2053 2834 illis
2081 2795 2190 2846 est;
2298 2791 2428 2844 {erat
2454 2805 2546 2856 per
2570 2786 2996 2841 Novatianorum
3041 2782 3291 2837 ltzeresim
3325 2779 3576 2835 homines
3607 2779 3682 2831 ad
3710 2776 3926 2842 despe-

630 2875 755 2941 quia
779 2872 992 2938 sponsio
1017 2885 1199 2924 earum
1252 2886 1280 2922 a
1311 2869 1537 2924 Domino
1580 2869 1877 2924 tenebatur.
1919 2890 1934 2920 ι
1994 2871 2122 2924 Nam
2151 2874 2192 2925 si
2299 2879 2560 2932 rationem
2599 2876 2834 2933 trahere,
2859 2874 2946 2942 qui
2985 2887 3079 2942 per
3102 2885 3271 2925 sacrze
3302 2870 3568 2924 doctrina:
3600 2863 3918 2922 since-ila-

631 2961 918 3030 Ap0stolus
932 2958 1070 3023 illas,
1090 2973 1206 3025 quae
1225 2973 1250 3009 a
1268 2961 1539 3026 proposito
1555 2960 1822 3013 viduitatis
1838 2960 2196 3013 discvsscraut
2303 2977 2319 3018 t

2303 2977 2406 3018 tetu
2437 2975 2505 3017 tot
2546 2965 2751 3015 animas
2781 2962 3057 3014 hominum
3106 2960 3322 3012 videtur
3342 2956 3591 3026 quotidie
3622 2955 3696 3010 ad
3754 2965 3917 3024 spem

634 3050 1054 3104 dixerathabere
1077 3048 1637 3117 damnationem,quia
1658 3051 1882 3118 primam
1902 3050 2055 3101 ﬁdem
2082 3051 2199 3102 irri-
2303 3066 2514 3109 a-tcrua:
2550 3055 2668 3108 vitm
2697 3053 2989 3107 reducere?
3040 3051 3334 3106 Fateamur
3361 3063 3490 3118 ergo
3521 3060 3769 3102 necesse
3803 3049 3915 3104 cst.

635 3151 744 3194 tam
769 3137 1072 3209 fecerunt(l
1094 3138 1226 3192 Tim.
1254 3139 1326 3207 v),
1357 3148 1556 3207 quanto
1577 3139 1745 3208 magis
1772 3141 1851 3192 ha":
1876 3155 1994 3207 quae
2045 3141 2198 3192 Iidem
2239 3211 2271 3217 Δ
2305 3148 2462 3217 hujus
2539 3144 2788 3214 pra-copti
2849 3156 3095 3196 normam
3147 3140 3445 3194 incolumes
3498 3146 3770 3206 tangere;
3843 3128 3916 3185 ad

637 3231 886 3298 frangere
919 3240 1125 3284 conata:
1158 3230 1317 3282 sunt?
1343 3229 1407 3281 Et
1436 3244 1530 3283 nos
1573 3231 1758 3292 etiam,
1793 3239 1848 3282 ut
1881 3232 2198 3284 venerabilis
2229 3211 2272 3271 C
2306 3211 2743 3304 a-g'rotosvautem
2779 3230 3085 3285 nullatenus
3112 3229 3407 3299 pertinere.

636 3319 933 3375 luuocentii
983 3320 1369 3388 probatissimze
1419 3319 1756 3372 auctoritatis
1814 3320 1954 3372 dicta
2005 3335 2200 3389 St'qtla-
2373 3324 2478 3377 Sed
2533 3321 2771 3390 nunquid
2819 3322 2862 3373 si
2914 3322 3117 3388 absque
3149 3316 3421 3386 corporali
3471 3313 3728 3400 molestia
3760 3311 3916 3383 quisn

640 3425 779 3472 mur,
827 3410 868 3462 si
922 3409 1036 3462 illas
1089 3406 1375 3478 Apostolus
1405 3407 1736 3467 damnabiles
1786 3409 2049 3476 perhibet,
2084 3425 2202 3477 qua:
2301 3424 2460 3479 quam
2510 3407 2576 3461 ad
2608 3407 2987 3461 monachicum
3014 3405 3259 3459 ordinem
3297 3405 3414 3458 sine
3449 3404 3783 3471 probatione
3811 3401 3908 3454 dco

641 3498 971 3552 solummodo
1055 3497 1324 3550 viduitatis
1395 3495 1725 3564 propositum
1803 3497 2198 3558 dissolveruut;

641 3589 770 3658 quid
818 3588 882 3643 de
931 3588 1033 3640 illis
1081 3588 1362 3640 dicendum
1404 3597 1505 3651 est,
1553 3586 1678 3656 qttid
1709 3587 1891 3656 utique
1920 3587 2203 3655 perhiben-

645 3681 790 3742 dmn,
815 3679 905 3747 qui
937 3677 1188 3732 steculum
1229 3679 1502 3738 deserunt,
1536 3677 1900 3746 possessiones
1923 3679 2203 3746 abjiciunt,

643 3769 889 3825 Creatori
947 3783 1043 3822 suo
1110 3784 1166 3821 se
1205 3767 1475 3821 ultroneos
1509 3767 1763 3832 offerunt,
1799 3767 1986 3821 aliena:
2035 3783 2093 3822 se
2121 3770 2206 3823 di-

647 3858 781 3913 tioni
831 3859 1168 3918 submittunt.
1201 3867 1253 3912 et
1285 3867 1341 3910 ut
1375 3857 1573 3910 mundo
1612 3856 1847 3912 funditus
1887 3859 2082 3911 mortui
2127 3860 2208 3912 vi-

648 3948 896 4010 deantur,
941 3945 1386 4010 ntortiiicatiouis,
1433 3955 1488 3999 et
1516 3945 1820 4000 sanctitatis
1847 3945 2088 4000 habitum
2125 3948 2203 4000 in-

651 4040 844 4094 duunL

726 4129 882 4193 Quod
928 4137 1106 4182 autem
1156 4143 1298 4182 nunc
1337 4128 1499 4183 etiam
1536 4128 1601 4182 de
1653 4126 1866 4181 feminis
1922 4127 2208 4196 loquimur,

654 4233 990 4288 nequaquam
1039 4219 1154 4272 fieri
1201 4230 1353 4272 extra
1384 4220 1579 4274 lineam
1611 4220 1867 4287 propositi
1898 4221 2094 4288 operis,
2128 4237 2212 4272 ar-

650 4310 940 4363 bitramur.
973 4309 1135 4362 Salvo
1166 4309 1309 4363 enim
1339 4324 1420 4372 eo,
1469 4310 1610 4378 quod
1637 4311 1824 4364 eadem
1858 4311 1939 4363 lex
1969 4313 2072 4364 erit
2099 4313 2213 4366 viro

655 4407 709 4453 tt
739 4397 983 4462 feminze;
1017 4398 1215 4452 idcirco
1240 4400 1400 4454 etiam
1449 4402 1515 4454 ad
1568 4401 1878 4456 muliebrem
1906 4417 2090 4456 sexum
2121 4419 2216 4458 no~

655 4498 766 4543 stra
822 4504 877 4542 se
921 4491 1160 4543 extendit
1196 4492 1386 4554 oratio,
1441 4492 1566 4561 quia
1614 4492 1822 4557 vitium,
1883 4493 2023 4560 quod
2077 4495 2215 4549 male

657 4581 806 4634 nasci
834 4578 944 4648 jam
993 4581 1042 4632 in
1069 4580 1198 4634 viris
1227 4582 1534 4650 aspicimus,
1566 4581 1826 4652 pullulare
1856 4584 2018 4636 ctiam
2043 4599 2212 4652 quatt-

660 4674 832 4740 doque
872 4681 926 4724 et
977 4673 1028 4725 in
1082 4673 1306 4728 feminas
1334 4674 1683 4730 formidamus
1718 4693 1729 4727 :
1762 4684 1813 4728 et
1865 4675 1999 4728 sicut
2049 4676 2100 4729 in
2134 4677 2218 4731 his

658 4770 838 4816 ortum
885 4761 1200 4817 iuvectiouis
1248 4764 1459 4817 sarculo
1484 4764 1647 4834 370
1671 4765 1944 4820 studemus
1965 4767 2215 4831 evellere,

660 4853 738 4908 ita
767 4852 926 4906 etiam
981 4853 1031 4905 in
1065 4853 1167 4906 illis
1219 4868 1283 4906 ne
1331 4854 1459 4907 oriri
1496 4855 1686 4915 valeat,
1715 4841 2095 4923 praecurrimus
2122 4874 2211 4911 nav

665 4942 843 5000 scendi
889 4944 1128 4997 audituut
1179 4943 1412 5012 opilare;
1466 4951 1524 4997 ut
1574 4944 1718 4996 velut
1750 4945 1886 4999 male
1919 4947 2220 5001 abortivum

663 5046 881 5104 germen
936 5035 1081 5101 prius
1116 5041 1338 5102 cogatur
1386 5033 1543 5098 mori,
1601 5047 1759 5101 quam
1816 5033 1990 5087 valeat
2031 5037 2217 5100 nasci;

666 5132 791 5177 ante
845 5122 898 5175 in
964 5123 1249 5189 semetipso
1300 5133 1595 5178 marcescat
1647 5137 1805 5192 quam
1871 5125 1923 5178 in
1985 5141 2224 5192 gemmas

666 5218 932 5280 erumpat.

1243 5297 1462 5354 CAPUT
1502 5300 1633 5355 Vill.

1057 5387 1446 5456 Conﬁrmanlur
1468 5407 1622 5459 supra
1661 5392 1840 5446 allata.

739 5479 897 5534 Libet
920 5495 1062 5533 nunc
1105 5479 1338 5533 animum
1367 5481 1636 5551 paulisper
1665 5483 1729 5536 ad
1765 5486 2038 5553 superiora
2071 5485 2230 5540 redu-

674 5585 821 5636 cere,
851 5582 904 5626 et
928 5586 991 5624 ex
1043 5569 1146 5634 his,
1179 5585 1296 5638 quae
1327 5574 1600 5640 prmmissa
1626 5583 1770 5637 sunt,
1802 5577 2110 5646 postpositis
2132 5575 2232 5630 Pa-

678 5675 816 5717 trum
843 5662 1120 5731 exemplis,
1150 5677 1269 5715 cum
1293 5665 1599 5719 adversario
1623 5665 1778 5720 modo
1804 5668 2030 5736 propriis
2058 5683 2231 5722 asser-

680 5756 911 5812 tionibus
941 5757 1227 5824 disputare,
1257 5766 1312 5810 ut
1341 5757 1430 5824 qui
1464 5764 1572 5810 tam
1601 5758 1768 5827 gravi,
1801 5767 1905 5812 tam
1952 5759 2229 5828 multiplici

2305 3499 2532 3564 venerit,
2576 3499 2700 3552 lmie
2734 3512 3074 3566 nequaquam
3110 3497 3285 3555 redire
3318 3506 3436 3564 post
3471 3507 3685 3566 tergum
3714 3501 3910 3549 noster

2305 3590 2586 3658 episcopus
2609 3587 2951 3656 prohibebit?
2978 3587 3093 3647 Dic,
3115 3585 3361 3647 obsecro,
3392 3585 3568 3655 legisti
3603 3582 3908 3654 aliquando

2307 3680 2616 3735 monastica:
2646 3679 2768 3732 vitae
2809 3677 3163 3747 pr0positutn,
3196 3677 3496 3731 secundum
3535 3690 3661 3730 esse
3719 3670 3905 3741 bapti-

2306 3771 2520 3826 smum?
2549 3769 2654 3824 Sed
2691 3768 2818 3837 quia
2843 3769 2944 3822 hoc
2975 3766 3218 3820 invenire
3253 3767 3308 3820 in
3339 3766 3500 3820 dictis
3521 3764 3747 3820 Patrum
3782 3777 3907 3834 pcr-

2307 3853 2550 3928 spichum
2570 3867 2885 3926 est,negare
2909 3855 3110 3909 licitum
3128 3855 3240 3924 jam
3265 3867 3370 3908 non
3394 3863 3498 3908 est.
3529 3853 3649 3908 Non
3680 3853 3902 3924 ignoras

2310 3951 2473 4003 etiam
2513 3949 2637 4018 quia
2693 3946 2946 4002 decretali
2984 3961 3170 4000 rursus
3221 3946 3571 4015 antiquorum
3611 3949 3904 4002 sanctione

2311 4041 2635 4110 praecipitur,
2664 4049 2722 4092 ut
2753 4040 2818 4092 ad
2848 4039 3102 4108 baptismi
3132 4040 3360 4108 gratiam
3388 4039 3738 4107 productiora
3765 4031 3904 4094 tem;

2313 4146 2502 4200 porum
2558 4129 2837 4183 intervalla
2888 4129 3197 4182 tendantur.
3228 4128 3296 4184 Ut
3342 4130 3487 4184 enim
3513 4130 3903 4186 ecclesiasticae

2317 4222 2666 4277 institutionis
2693 4220 2938 4274 ordinem
2973 4220 3212 4275 breviter
3244 4231 3485 4290 tangam,
3519 4222 3663 4274 sicut
3693 4230 3898 4292 septem

2316 4324 2440 4370 sunt
2485 4312 2622 4367 dona
2661 4311 2895 4381 Spiritus
2946 4311 3144 4375 sancti,
3185 4321 3244 4365 ut
3295 4311 3458 4365 etiam
3509 4320 3720 4380 septem
3763 4313 3899 4366 dona

2314 4402 2588 4472 baptismi,
2621 4417 2648 4454 a
2679 4400 2854 4470 primo
2899 4400 3148 4453 videlicet
3193 4400 3390 4468 pabulo
3419 4401 3620 4454 sacrati
3652 4400 3804 4464 salis,
3850 4406 3902 4453 et

2320 4493 2565 4563 ingressu
2614 4490 2865 4546 Ecclesizn
2900 4504 3071 4558 usque
3121 4489 3188 4544 ad
3217 4489 3686 4546 confirmationem
3731 4489 3902 4546 sancti

2281 4580 2290 4620 Γ
2319 4582 2554 4652 Spiritus
2577 4595 2674 4650 per
2709 4580 2978 4643 chrisma;
3003 4594 3123 4648 qua:
3145 4580 3346 4643 omnia,
3379 4581 3518 4634 sicut
3542 4580 3899 4650 frequentius,

2321 4674 2527 4742 agitur,
2575 4668 2789 4739 expedit
2838 4679 2895 4722 ιιι
2942 4684 3037 4738 per
3085 4670 3338 4724 diuturna
3384 4680 3686 4740 temporum
3732 4670 3901 4741 spatia

2321 4764 2708 4832 compleantur.
2748 4761 2851 4816 Sed
2888 4761 2932 4813 si
2983 4761 3103 4829 quis
3134 4759 3428 4830 postposita
3472 4776 3706 4816 morosae
3741 4762 3903 4816 inter-

2323 4853 2594 4921 capedinis
2633 4851 2790 4922 371
2843 4850 3206 4914 observantia,
3263 4849 3330 4903 ad
3380 4849 3778 4918 plenitudinem
3814 4851 3903 4904 lia-

2325 4945 2506 5014 ptismi
2544 4955 2760 5012 repente
2801 4941 3136 5010 proruperit;
3176 4941 3343 5004 hunc,
3383 4955 3530 5009 rogo,
3577 4941 3900 5009 baptismum

2330 5034 2617 5089 invalidum
2639 5032 2943 5102 judicabis?
2973 5031 3198 5086 Docebis
3232 5031 3372 5084 hunc
3405 5029 3681 5084 hominem
3710 5029 3901 5084 debere

2333 5138 2520 5189 totum,
2585 5127 2725 5195 quod
2775 5134 3053 5193 acceptum
3097 5132 3198 5188 est,
3251 5122 3678 5192 parvipendere;
3728 5132 3811 5186 ,et,
3849 5130 3901 5175 ιιι

2333 5216 2508 5270 salvus
2528 5214 2642 5269 fieri
2673 5214 2858 5283 possit,
2884 5213 3058 5266 adhuc
3081 5213 3145 5265 ad
3174 5210 3566 5281 puriﬁcatiouis
3592 5211 3899 5283 mysterium

2333 5306 2659 5376 properare?
2701 5305 2963 5372 Loquere,
3013 5301 3321 5372 responde:
3365 5302 3616 5356 censebis
3664 5319 3733 5357 ne
3769 5303 3900 5357 hunc

2336 5397 2603 5452 hominem
2659 5395 2908 5464 baptismi
2961 5394 3232 5447 lavacrum
3263 5393 3385 5461 jure
3429 5405 3591 5462 posse
3645 5402 3898 5461 repetere,

2334 5489 2423 5556 qui
2455 5488 2520 5542 ad
2555 5488 2879 5556 baptismum
2908 5501 3014 5539 non
3058 5481 3258 5538 indicto
3283 5483 3474 5537 ordine
3511 5482 3900 5551 prmcipitauter

2335 5594 2495 5632 ausus
2541 5586 2623 5632 cst
2672 5574 2951 5646 prosilire?
2978 5575 3087 5630 Cur
3119 5575 3297 5628 taces?
3328 5573 3594 5627 Nimirum
3634 5583 3899 5642 tantopere

2334 5667 2584 5737 loquendi
2617 5667 2804 5721 avidus
2844 5680 2950 5718 non
3011 5665 3092 5720 sic
3131 5665 3553 5727 obmutesceret,
3607 5665 3651 5718 si
3690 5664 3897 5717 haberrt

2336 5757 2534 5828 aliquid
2581 5757 2721 5828 quod
2766 5755 3154 5820 rationabiliter
3212 5755 3581 5824 responderet.
3644 5754 3752 5808 Sed
3807 5767 3895 5806 non
