4276 6358
223 404 352 461 377

835 407 1083 465 oresc.
1117 407 1350 463 xw.—-
1387 406 1666 465 courns
1707 407 1928 464 EPlSC.
1972 408 2277 465 nomen.
2320 406 2410 461 AD
2452 386 2627 461 sieo.
2673 404 2922 461 navos.

3404 402 3509 459 378

225 517 479 589 ambigo,
511 518 638 589 quin
666 529 975 577 constanter
1002 520 1234 577 alIirtnes
1254 530 1311 575 et
1335 522 1475 576 hunc
1497 520 1819 589 baptismum
1852 530 1896 583 Α
1924 521 2119 590 egebit.
2154 520 2302 573 Tolle
2329 500 2593 588 siquidem
2635 516 2901 585 duplicem
2926 514 3197 585 spiritum,
3228 514 3505 583 probatio-

230 610 384 665 adeo
426 619 600 664 ratum
656 626 797 677 esse,
846 621 900 667 et
952 611 1206 677 validoin,
1257 622 1314 667 ut
1358 612 1604 682 quisquis
1630 626 1695 666 ex
1737 610 1826 663 illo

230 700 571 767 renascitur,
595 700 708 771 jam
740 702 927 771 procul
953 702 1114 757 dubio
1160 696 1480 771 Sacrilegum
1513 704 1603 768 sit,
1634 709 1688 755 et
1713 716 1827 754 om-

230 793 374 850 nino
423 792 709 861 nefarium,
737 794 781 849 si
812 796 876 848 ad
906 794 1142 861 ejusdem
1181 794 1603 864 regenerationis
1648 806 1828 845 sacra-

231 895 486 939 mentum
519 885 692 940 denuo
712 895 1015 941 revocetur.
1049 886 1412 956 Consequitur
1432 899 1580 955 ergo,
1608 884 1827 952 utquod

233 987 308 1029 ex
337 976 515 1045 primo
537 976 856 1044 baptismate
883 982 1088 1031 sentire
1130 975 1489 1045 compelleris,
1528 976 1629 1029 boc
1660 974 1823 1028 etiam

234 1063 313 1119 de
336 1063 598 1128 secundo,
628 1065 946 1119 monachico
968 1064 1175 1119 scilicet
1194 1065 1464 1129 instituto,
1496 1062 1827 1118 inevitabili-

236 1159 331 1206 ter
356 1150 601 1207 fatearis.
635 1152 703 1207 Et
728 1152 868 1207 sicut
898 1153 1047 1221 prior
1091 1151 1257 1207 semel
1284 1161 1565 1221 susceptus
1602 1150 1828 1205 nullate-

236 1255 349 1295 nus
390 1241 531 1294 valet
578 1240 785 1309 repeti,
837 1241 910 1295 ita
948 1240 1112 1294 etiam
1158 1238 1426 1295 secundus
1457 1240 1600 1294 nulla
1647 1248 1829 1310 potest

228 1326 381 1397 juris
411 1329 624 1384 ratione
652 1330 951 1385 contemni.

318 1420 703 1476 Verumtamen
752 1422 857 1486 dic,
892 1414 1143 1485 obsecro,
1168 1419 1292 1492 quis
1338 1427 1672 1483 sanctorum,
1706 1418 1831 1488 quis

240 1510 591 1579 antiquorum
618 1511 839 1567 Patrum
868 1513 965 1568 sub
993 1513 1114 1579 hac,
1156 1527 1317 1581 quam
1360 1510 1654 1565 insolenter
1681 1525 1830 1564 asse-

240 1601 345 1665 ris,
386 1601 705 1669 probatione
746 1615 1041 1657 conversus
1090 1602 1211 1657 est?
1246 1600 1495 1670 Nunquid
1526 1601 1833 1655 Antonius?

242 1693 500 1763 Nunquid
549 1694 782 1750 Paulus?
837 1694 1087 1763 Nunquid
1148 1693 1425 1748 Hilarion?
1472 1692 1722 1763 Nunquid
1776 1703 1831 1746 et

242 1784 363 1854 ipse
406 1794 624 1839 sanctus
663 1785 1004 1850 Benedictus,
1044 1786 1136 1855 qui
1172 1786 1298 1849 ista,
1326 1786 1467 1840 sicut
1503 1792 1555 1837 tu
1603 1782 1826 1846 falleris,

242 1874 460 1929 videtur
486 1876 802 1946 praecipere,
845 1876 943 1931 sub
969 1877 1071 1930 hac
1109 1874 1445 1945 probationis
1483 1873 1827 1929 observantia
1863 1875 1904 1933 Β

160 2036 165 2039 _
244 1964 319 2019 ad
368 1966 745 2019 monachicum
788 1965 983 2036 legitur
1028 1966 1271 2027 ordinem
1320 1964 1665 2034 pervenisse?
1704 1964 1830 2017 Pcr-

243 2066 427 2116 Curre,
479 2068 683 2121 quaeso,
725 2062 950 2109 cunctas
997 2055 1249 2109 veridicae
1290 2054 1629 2123 antiquitatis
1665 2054 1831 2107 histo-

246 2144 381 2207 rias,
408 2152 465 2197 et
516 2160 637 2198 cum
682 2160 787 2198 non
841 2146 1013 2212 possis
1062 2146 1145 2200 vel
1197 2161 1360 2199 unum
1408 2161 1503 2214 per
1535 2154 1641 2198 tam
1677 2144 1833 2213 longa

248 2243 555 2304 temporum
612 2233 897 2289 intervalla
940 2233 1225 2303 probatum
1263 2234 1569 2299 ostendere,
1612 2248 1835 2289 necesse

244 2332 359 2388 est,
388 2332 445 2377 ut
469 2324 779 2381 conlitearis
820 2334 869 2379 te
900 2326 1208 2380 calcetenus
1236 2336 1571 2393 superatum,
1610 2326 1835 2380 victoris

248 2416 693 2471 insultationibus
730 2418 923 2471 merito
984 2417 1285 2485 subjacere.
1336 2417 1478 2471 Sane
1526 2433 1633 2487 quo
1675 2429 1834 2486 pacto

243 2515 443 2561 cuncta
483 2506 729 2576 exempla
763 2516 1031 2569 veterum,
1076 2508 1253 2561 omnia
1292 2520 1437 2578 gesta
1468 2507 1687 2565 Patrum
1744 2524 1835 2562 ar-

246 2597 461 2667 roganti
502 2598 792 2668 supercilio
827 2600 1097 2667 prmteris,
1129 2610 1182 2653 et
1214 2601 1536 2668 contemptis
1562 2602 1832 2665 omnibus,

244 2688 317 2741 ad
347 2686 506 2742 unius
526 2698 578 2742 te
612 2690 896 2743 sententiae
926 2699 1174 2743 centrum
1199 2689 1507 2744 obstinatus
1532 2693 1792 2760 asU‘ingis
1811 2692 1833 2743 ’ἒ

246 2776 387 2831 Nam
426 2779 470 2830 si
516 2777 591 2831 illi
644 2778 832 2848 procul
890 2779 1052 2833 dubio
1110 2780 1283 2833 sancti
1339 2790 1487 2846 sunt,
1529 2780 1837 2836 necessario

247 2877 375 2923 sunt
398 2867 562 2922 etiam
586 2868 853 2922 imitandi.
894 2869 1047 2935 Quod
1077 2868 1122 2923 si
1152 2869 1394 2926 imitandi
1428 2887 1532 2927 non
1563 2881 1711 2929 sunt.
1738 2887 1839 2927 nec

245 2957 472 3014 omnino
503 2958 676 3014 sancti
716 2970 858 3014 sunt.
894 2961 1166 3025 Cernis,'o
1193 2961 1333 3017 bone
1360 2956 1618 3033 litigator,
1674 2980 1840 3031 quor-

251 3063 374 3102 sum
408 3059 596 3115 vergat
643 3050 760 3104 btec
788 3058 875 3104 tua
922 3052 1078 3105 docta
1108 3053 1415 3107 sententia?
1460 3053 1684 3125 Cogeris
1710 3070 1839 3122 ergo

248 3140 562 3193 necessario
584 3140 831 3195 confiteri
857 3141 947 3194 vet
970 3150 1187 3197 sanctos
1209 3141 1399 3198 P..tres
1423 3154 1636 3199 nostros
1657 3146 1837 3200 omni-

1929 612 2013 666 nis
2050 614 2304 665 continuo
2333 620 2510 665 cessat
2538 609 2987 677 experimentum.
3022 606 3203 659 Pulset
3224 605 3311 659 ille
3339 603 3516 674 Spiri-

1927 711 2034 766 tus,
2060 703 2149 769 qui
2182 701 2313 755 dicit
2356 720 2369 754 :
2403 719 2421 750 ι
2464 700 2575 769 Ego
2606 711 2688 751 sto
2715 698 2781 751 ad
2810 697 3029 758 ostium,
3058 707 3113 749 et
3140 694 3293 765 pulso
3325 693 3512 763 (Apoc.

1928 792 2000 864 t);
2042 813 2057 843 ι
2086 793 2129 847 si
2161 792 2530 861 cegnoscitur,
2556 790 2682 842 llUlC
2704 796 2852 841 certe
2876 785 3017 840 nulla
3048 801 3198 839 mora
3232 783 3512 853 protrahi-

1929 897 2038 951 tur,
2068 887 2212 942 nulla
2260 885 2509 957 probatio
2554 884 2838 953 quaeritur,
2886 883 2979 938 sed
3002 882 3235 952 pulsanti
3266 880 3515 950 protinus

1930 980 2191 1048 aperitur.
2222 978 2468 1045 Denique
2510 976 2651 1031 sicut
2686 991 2750 1030 ex
2802 974 3100 1043 aposmlico
3128 966 3375 1041 eventplo
3402 970 3515 1026 col-

1929 1068 2132 1139 ligitur,
2173 1065 2318 1135 quod
2367 1066 2475 1120 illic
2505 1065 2725 1134 ponitur
2763 1081 2775 1115 :
2815 1081 2832 1113 t
2875 1062 3110 1116 Probate
3163 1061 3437 1129 spiritum.
3470 1058 3519 1115 si

1930 1173 1997 1212 ex
2044 1157 2156 1213 Deo
2197 1163 2317 1219 est;
2363 1172 2381 1203 ι
2424 1154 2674 1223 probatio
2732 1152 2835 1204 ista
2867 1150 3040 1218 magis
3067 1149 3381 1218 suscipienti
3435 1155 3524 1203 est

1930 1246 2256 1309 necessaria,
2305 1246 2470 1313 quam
2520 1242 2757 1297 venienti
2796 1259 2807 1295 :
2840 1240 3088 1295 vidtlicet
3117 1250 3175 1294 ut
3217 1237 3520 1309 suscipiens

1931 1338 2303 1392 internoscere
2338 1334 2534 1399 valeat,
2567 1348 2674 1403 quo
2710 1330 2975 1400 impulsus
3003 1330 3195 1401 spiritu
3222 1328 3519 1397 suscipien-

1932 1431 2031 1485 dus
2061 1430 2301 1483 accedat.
2336 1427 2449 1481 Nec
2467 1427 2579 1497 jam
2606 1425 2855 1495 probatio
2883 1422 3121 1492 expedit.
3151 1422 3239 1476 ubi
3282 1422 3374 1492 qui
3397 1436 3521 1491 pro-

1933 1522 2141 1576 bandus
2176 1529 2278 1584 est,
2319 1519 2705 1588 perspicaciter
2748 1516 3071 1571 innotescat.
3105 1515 3177 1569 lbi
3206 1516 3404 1584 quippe
3434 1507 3519 1567 lu-

1932 1626 2152 1667 cernam
2196 1610 2565 1672 accendimus,
2614 1607 2703 1660 ul.i
2762 1606 2903 1674 quod
2960 1605 3232 1659 occultum
3288 1612 3521 1657 estnon

1931 1706 2208 1765 videmus;
2257 1702 2304 1755 si
2334 1712 2515 1753 autem
2548 1700 2688 1769 quod
2722 1698 2923 1751 latebat
2977 1697 3259 1767 aspicitur,
3299 1695 3521 1748 lucerna

1933 1796 2179 1864 protinus
2226 1793 2620 1870 exstinguetur.
2685 1788 2776 1844 Sic
2822 1790 2900 1843 sic
2946 1789 3199 1842 nimirum
3252 1788 3317 1841 de
3364 1786 3518 1856 cujus

1936 1896 2135 1951 mente,
2187 1900 2294 1953 quo
2323 1884 2515 1954 spiritu
2542 1882 2771 1935 ducatur
2801 1881 3115 1951 ambigitur,
3144 1879 3301 1934 valde
3336 1893 3526 1935 neces-

1936 1978 2137 2030 sarium
2182 1984 2262 2027 est
2289 1983 2347 2027 ut
2390 1971 2667 2042 probetur.
2702 1972 2801 2026 libi
2834 1980 3012 2025 autem
3047 1970 3376 2024 conscientia
3409 1983 3529 2023 ma-

1937 2066 2134 2121 nifesta
2175 2064 2455 2129 claruerit,
2510 2061 2845 2132 probationis
2884 2060 3203 2114 exercitium
3235 2057 3524 2113 inanescit.

2008 2159 2073 2212 Et
2100 2172 2221 2211 cum
2247 2157 2407 2226 (teste
2437 2154 2676 2223 ejusdem
2718 2151 2896 2205 libello
2924 2152 3141 2220 regulae)
3171 2158 3363 2205 cuncta
3389 2164 3526 2219 pene

1937 2247 2244 2317 liujusmodi
2284 2246 2495 2316 negotia
2548 2244 2598 2297 in
2657 2244 2868 2297 abbatis
2900 2242 3123 2296 arbitrio
3154 2249 3210 2294 et
3258 2247 3528 2309 potestate

1939 2342 2047 2395 sint
2070 2341 2387 2401 constituta,
2419 2352 2541 2391 cum
2569 2335 2798 2404 quilibet
2826 2350 2890 2388 eo
2930 2333 3089 2387 modo
3118 2332 3183 2385 ad
3214 2331 3524 2385 conversio-

1939 2448 2060 2486 nem
2090 2429 2319 2493 veuerit,
2357 2428 2499 2482 sicut
2530 2426 2604 2479 illi
2652 2425 2720 2478 ab
2752 2426 2945 2479 abbate
2974 2424 3324 2493 prtecipitur;
3361 2435 3527 2491 quam

1942 2520 2305 2584 impudenter,
2352 2533 2512 2587 quam
2559 2516 2882 2579 inconsulte,
2916 2530 3077 2584 quam
3116 2514 3379 2569 inlrunite
3406 2512 3529 2581 quis

1940 2620 2167 2673 asserat,
2206 2617 2263 2661 ut
2316 2609 2401 2661 illa
2456 2607 2740 2662 conversio
2797 2606 2949 2661 irrita
3007 2604 3318 2675 judicetur?
3366 2601 3528 2657 Certe

1940 2703 2127 2757 eadem
2159 2699 2342 2769 regula
2372 2699 2638 2768 prmcipit,
2663 2707 2723 2752 ut
2752 2696 2966 2751 abbatis
2993 2710 3178 2750 mensa
3213 2709 3336 2749 cum
3364 2706 3526 2763 pere-

1939 2793 2109 2863 grinis
2154 2799 2209 2844 et
2261 2789 2563 2859 hospitibus
2609 2803 2827 2857 semper
2883 2786 2973 2842 sit.
3023 2785 3130 2841 Sed
3186 2784 3315 2855 quia
3367 2782 3529 2838 modo

1941 2890 2161 2952 propter
2229 2880 2629 2949 reprimendam
2698 2876 3061 2947 quorumdam
3130 2872 3433 2944 crapulam,
3475 2878 3531 2926 et

1944 2974 2219 3028 luxuriosa
2250 2972 2520 3035 convivia,
2579 2970 2819 3040 religiosi
2872 2969 3247 3024 coenobiorum
3288 2974 3531 3020 rectores

1946 3063 2167 3117 minime
2197 3060 2435 3126 faciunt;
2486 3070 2536 3113 te
2562 3060 2744 3130 judice
2763 3100 2779 3125 ,
2810 3059 2878 3114 ab
2908 3057 3085 3114 ollicio
3114 3074 3214 3113 suo
3242 3070 3529 3111 removen-

1944 3156 1995 3207 di
2038 3152 2235 3208 erunt?
2283 3152 2383 3218 Qui
2418 3151 2674 3205 nimirum
2707 3149 2836 3204 dum
2870 3149 3044 3203 sancti
3081 3147 3321 3203 doctoris
3354 3146 3531 3199 inten-

249 3242 324 3283 no
350 3237 568 3284 sanctos
596 3244 702 3284 non
739 3245 879 3295 esse,
913 3232 994 3286 vel
1023 3247 1136 3297 eos,
1161 3234 1252 3301 qui
1276 3236 1488 3288 noviter
1509 3245 1837 3289 convertun-

1946 3245 2144 3298 tfonem
2183 3243 2471 3312 vigilanter
2500 3241 2793 3309 aspiciunt,
2837 3240 2993 3309 sequi
3027 3238 3314 3295 verborum
3339 3250 3537 3306 supcr-

253 3326 367 3384 tur,
399 3334 726 3390 magnopere
756 3322 1167 3390 probationibus
1197 3340 1302 3377 non
1324 3339 1504 3393 egere.
1537 3326 1840 3380 Erubescat

246 3422 382 3477 ergo
417 3408 596 3480 lingua
640 3410 977 3480 pbrenetica,
1000 3420 1055 3466 et
1079 3428 1199 3481 qua:
1230 3416 1403 3469 nescit
1427 3430 1547 3470 esse
1583 3414 1838 3481 facunda,

247 3500 433 3557 discat
478 3514 600 3554 esse
633 3498 717 3555 vel
764 3509 929 3554 muta.
959 3500 1366 3571 Nescitaliquid
1409 3506 1612 3559 utiliter
1634 3506 1836 3568 dicere.

249 3590 395 3648 sciat
434 3590 625 3646 saltem
648 3592 766 3647 sine
800 3593 997 3648 damno
1025 3603 1223 3649 tacere.
1258 3594 1441 3663 Serpit
1476 3596 1620 3649 enim
1661 3613 1840 3651 sermo

252 3684 363 3738 iste
396 3696 705 3752 perversus,
742 3693 801 3737 ut
838 3698 1057 3747 cancer,
1086 3685 1201 3754 qui;
1231 3684 1330 3739 nisi
1360 3685 1428 3739 ab
1459 3670 1569 3739 uno
1597 3686 1840 3739 membro

248 3770 493 3841 cisurgio
519 3770 846 3826 acutissimis
880 3773 1316 3841 reprehensionis
1350 3774 1663 3837 absciditur,
1709 3776 1838 3829 nulli

250 3860 480 3917 dubium
524 3862 657 3933 quin
707 3865 776 3921 ad
829 3879 965 3920 sana
1008 3865 1261 3921 Ecclesia:
1304 3866 1543 3922 membra
1581 3867 1839 3936 pestifeze

252 3952 536 4009 dilatetur.

863 4044 946 4103 CA
960 4046 1090 4103 PUT
1140 4047 1232 4102 lx.

331 4136 583 4192 Probatio
611 4139 681 4193 ad
711 4139 1008 4209 religionem
1044 4141 1352 4195 venientium
1383 4158 1477 4194 cur
1506 4142 1767 4211 exigatur.

330 4226 439 4283 Sed
480 4228 547 4282 ad
575 4229 689 4285 haec
719 4232 1075 4301 respondebis
1121 4232 1383 4297 fortassis,
1425 4242 1482 4287 et
1509 4233 1657 4288 dices
1689 4252 1700 4286 :
1732 4234 1842 4288 Cur

252 4332 391 4389 ergo
432 4319 684 4389 probatio
727 4320 828 4374 ista
858 4320 925 4373 -’in
972 4335 1259 4376 commune
1300 4325 1630 4393 prmcipitur,
1662 4325 1705 4377 si
1737 4339 1841 4377 non

250 4412 423 4468 etiam
450 4411 776 4482 generaliter
805 4414 1156 4468 observetur?
1183 4424 1238 4469 et
1268 4430 1368 4485 ego
1389 4416 1485 4469 abs
1517 4425 1568 4471 te
1605 4431 1791 4483 qumro
1823 4433 1836 4468 :

256 4501 355 4557 die
402 4502 557 4568 mibi,
585 4502 676 4572 qui
722 4504 966 4573 przecipit
994 4513 1051 4558 ut
1086 4506 1188 4560 sub
1222 4507 1323 4560 bac
1376 4508 1695 4577 probatione
1724 4508 1843 4577 quis

256 4592 329 4649 ad
353 4594 765 4649 conversionem
795 4596 1001 4661 veniat,
1030 4596 1117 4651 ubi
1145 4598 1308 4651 etiam
1338 4601 1567 4659 censuit.
1606 4610 1663 4653 ut
1688 4600 1843 4653 aliter

257 4684 511 4748 veniens,
552 4698 583 4737 a
615 4685 929 4738 monachica
974 4686 1313 4740 institutione
1345 4688 1595 4743 recedat?
1626 4689 1690 4743 Et
1720 4705 1846 4743 cum

255 4773 553 4830 ostendere
580 4772 743 4845 372
776 4775 879 4829 boc
911 4775 1131 4831 minime
1179 4778 1402 4847 poteris,
1424 4788 1737 4848 competens
1762 4790 1846 4832 est

254 4872 325 4921 ut
366 4864 583 4931 credas,
614 4865 738 4934 quia
769 4876 990 4937 pr0pter
1023 4882 1188 4939 vagos
1217 4868 1483 4931 homines.
1511 4880 1567 4924 et
1605 4870 1845 4939 duplices

258 4956 450 5011 animo
495 4956 699 5012 dictum
729 4966 811 5013 est
839 4959 1012 5030 magis
1052 4960 1259 5013 cautela
1288 4961 1521 5023 consilii,
1556 4977 1717 5031 quam
1744 4978 1845 5015 au-

184 5038 185 5041 l
258 5046 523 5103 ctoritate
562 5049 838 5118 praecepti.
887 5049 1039 5117 Quod
1078 5049 1234 5104 facile
1280 5051 1633 5119 dignoscitur,
1670 5052 1714 5107 si
1759 5053 1842 5106 vel

260 5136 481 5194 initium
529 5139 809 5192 sententia:
851 5140 1039 5208 ipsius,
1079 5140 1144 5194 de
1173 5152 1279 5207 qua
1309 5140 1507 5210 agitur,
1540 5150 1745 5195 attente
1777 5140 1849 5194 le.

259 5236 445 5301 gatur.
482 5228 624 5283 Dicit
653 5228 796 5284 enim
827 5228 908 5301 (S.
944 5229 1075 5283 BEN.
1110 5230 1258 5301 ηερ..
1287 5247 1408 5300 cap.
1461 5230 1551 5298 58)
1596 5249 1608 5283 :
1661 5250 1677 5281 ι
1741 5230 1846 5285 Νο-

260 5320 408 5374 viter
436 5318 560 5387 quis
603 5319 826 5375 veniens
865 5320 933 5375 ad
982 5321 1389 5376 conversionem
1421 5338 1527 5375 non
1555 5332 1661 5375 tam
1715 5321 1845 5375 faci-

262 5409 333 5464 lis
378 5410 649 5464 tribuatur
701 5410 1002 5480 ingressus,
1060 5412 1173 5476 sed,
1222 5412 1357 5465 sicut
1401 5414 1477 5465 ait
1534 5412 1845 5481 Apostolus,

262 5497 495 5569 probate
543 5500 815 5569 spiritum,
860 5501 905 5556 si
961 5516 1027 5556 ex
1076 5502 1183 5556 Deo
1213 5511 1297 5556 est
1335 5502 1385 5573 (Ι
1413 5502 1692 5570 Joun..t'.).
1734 5523 1752 5555 ι
1792 5502 1846 5557 in

262 5591 465 5660 quibus
495 5590 675 5646 verbis
708 5600 957 5660 patenter
990 5593 1318 5665 agnoscitur,
1352 5593 1476 5662 quia
1508 5593 1751 5663 quisquis
1781 5593 1849 5648 ad

264 5681 679 5735 conversionem
709 5680 892 5737 divino
938 5680 1141 5751 Spiritu
1182 5694 1504 5753 provocatus
1530 5686 1844 5749 accesserit,

269 5784 383 5833 tam
444 5790 673 5831 morosae
719 5775 1055 5849 probationis
1109 5778 1401 5835 interstitio
1464 5779 1676 5849 pcnitzts
1742 5795 1849 5835 non

1946 3334 2121 3387 liciem
2179 3332 2606 3402 parvipcndunt;
2657 3331 2785 3385 dum
2828 3329 3116 3385 medullam
3173 3324 3534 3381 viviﬁcatoris

1943 3424 2181 3494 Spiritus
2216 3423 2515 3485 ruminant,
2546 3420 2847 3475 occidentis
2866 3418 3063 3474 litmrat
3091 3417 3273 3487 paleas
3292 3414 3531 3470 calcant.

1943 3514 2047 3567 Sed
2066 3513 2205 3566 sicut
2233 3520 2289 3565 et
2318 3511 2407 3564 ltic
2446 3518 2666 3579 propter
2690 3523 2940 3579 saporem
2968 3506 3359 3576 intelligentia),
3389 3504 3535 3560 litte-

1952 3624 2134 3662 rarum
2163 3608 2421 3662 corticem
2446 3604 2695 3674 postponi
2719 3618 2825 3658 non
2856 3601 3133 3673 prohibes,
3168 3602 3241 3655 ita
3269 3599 3436 3654 etiam
3463 3597 3533 3653 de

1943 3697 2295 3751 conversione
2326 3692 2575 3749 monachi
2619 3691 2809 3746 eadem
2840 3704 3063 3745 necesse
3086 3697 3169 3745 est
3196 3700 3536 3757 consequen-

1946 3798 2026 3841 ter
2069 3787 2325 3840 ailirmes.

2014 3876 2121 3930 Sed
2159 3875 2441 3947 quoniam,
2470 3889 2533 3928 ex
2562 3871 2843 3943 quadratis
2865 3868 3398 3942 argumentationum
3431 3881 3533 3921 no-

1944 3977 2177 4021 strarum
2205 3964 2473 4034 lapidibus
2495 3958 2911 4030 inexpugnabile
2936 3959 3212 4013 munimen
3234 3955 3538 4018 ereximus,

1945 4069 2284 4124 consequens
2334 4063 2439 4116 est,
2490 4060 2547 4105 ut
2594 4053 2698 4106 hoc
2737 4051 2789 4104 in
2854 4049 3025 4120 ipsius
3080 4048 3231 4103 calce
3290 4044 3536 4116 opusculi

1945 4146 2177 4216 quadam
2200 4144 2497 4215 syllogismi
2524 4142 2675 4197 clave
2701 4142 2933 4197 ﬁrmiter
2952 4140 3292 4196 obseremus.
3324 4136 3531 4194 Omnes

1945 4254 2202 4307 namque,
2230 4237 2321 4307 qui
2349 4235 2684 4290 monachica:
2704 4231 3059 4303 professionis
3080 4230 3323 4285 habitum
3350 4242 3528 4284 susce

1946 4338 2161 4399 perunt,
2214 4337 2306 4382 aut
2349 4335 2648 4397 spontaneo
2686 4326 2894 4395 judicio
2946 4332 3075 4379 sunt
3113 4322 3389 4388 conversi,
3442 4330 3553 4380 aut

1946 4419 1996 4473 vi
2026 4418 2219 4483 coacti,
2246 4425 2334 4471 aut
2362 4416 2605 4471 suasoria
2632 4415 2934 4470 calliditate
2957 4413 3168 4483 decepti
3200 4430 3213 4465 :
3237 4408 3329 4481 qui
3353 4420 3548 4468 autent.

1950 4502 2146 4579 sponte
2198 4506 2444 4561 conversi
2500 4513 2653 4568 sunt,
2699 4503 2785 4558 vel
2823 4503 2923 4558 sub
2968 4498 3289 4572 probatione
3326 4500 3395 4554 ad
3423 4514 3548 4555 ωος

1949 4598 2247 4653 nasterium
2281 4596 2523 4660 veniunt,
2572 4593 2661 4648 vel
2690 4592 2987 4665 postposita
3018 4590 3357 4662 probationis
3401 4587 3543 4645 dim-

1946 4688 2147 4744 eultate
2190 4692 2570 4757 prorumpunt.
2616 4683 2725 4738 Sed
2749 4684 2862 4754 jam
2903 4682 3154 4751 superius
3183 4680 3358 4750 posita
3390 4678 3543 4735 mul-

1949 4778 2118 4847 tiplici
2165 4790 2432 4831 canonum
2486 4773 2814 4828 auctoritate
2863 4771 3137 4826 lirmattttu
3166 4779 3269 4834 est,
3327 4778 3389 4824 ut
3412 4768 3539 4839 qui-

1948 4882 2165 4937 cunque
2234 4875 2331 4921 aut
2377 4872 2570 4936 sponte
2643 4856 2893 4919 conversi
2951 4875 3117 4927 sunt,
3169 4870 3267 4916 aut
3318 4862 3492 4916 coacti
3522 4900 3541 4925 ,

1947 4970 2041 5015 aut
2084 4959 2248 5014 etiam
2298 4956 2549 5026 decepti,
2617 4956 2734 5011 sive
2795 4953 3007 5026 probati
3058 4962 3205 5021 sunt,
3263 4952 3380 5007 sive
3428 4968 3541 5007 non

1946 5052 2200 5124 probati,
2253 5059 2480 5120 excepto
2540 5048 2584 5102 si
2652 5048 2839 5102 uxoris
2902 5060 3226 5101 consensum
3289 5053 3346 5100 et
3406 5058 3539 5114 pro-

1948 5142 2262 5197 missionem
2300 5138 2461 5211 373
2490 5154 2595 5193 non
2623 5136 2952 5200 habuerunt,
2976 5149 3168 5189 omnes
3189 5147 3545 5205 perseverare

1950 5233 2003 5287 in
2030 5247 2123 5294 eo,
2173 5248 2334 5301 quem
2364 5237 2724 5299 acceperunt,-
2762 5226 3085 5281 monachico
3127 5225 3321 5281 ordine
3362 5225 3542 5279 omni-

1950 5324 2127 5377 modis
2156 5321 2571 5391 compellantur.
2604 5316 2971 5374 Concludatur
3002 5330 3133 5387 ergo
3170 5330 3391 5371 necesse
3420 5324 3500 5371 est
3522 5360 3540 5383 ,

1955 5423 2017 5468 ut
2036 5426 2228 5467 omnes
2248 5412 2338 5482 qui
2362 5408 2691 5464 nionacbictc
2708 5405 3065 5479 professionis
3089 5406 3329 5460 habitum
3358 5420 3547 5460 susce-

1956 5510 2172 5575 perunt,
2198 5502 2441 5573 exceptis
2469 5500 2577 5565 bis,
2603 5498 2693 5567 qui
2715 5496 2922 5567 absque
2947 5495 3131 5551 uxoria
3158 5496 3542 5566 permissione,

1955 5604 2010 5648 et
2036 5594 2397 5664 promissione
2426 5591 2673 5647 conversi
2696 5598 2855 5655 sunt,
2894 5586 3221 5658 quocunque
3250 5584 3356 5640 alio
3383 5588 3545 5642 modo

1958 5686 2025 5740 ad
2057 5686 2157 5739 hoc
2186 5685 2523 5756 propositum
2556 5684 2823 5746 venerint,
2854 5681 2905 5736 in
2930 5693 3017 5744 eo,
3044 5678 3204 5749 quem
3236 5688 3542 5747 coeperunt,

1957 5777 2146 5835 ordine
2175 5776 2531 5849 compellendi
2556 5783 2683 5833 sunt
2709 5772 3032 5831 omnimodis
3059 5782 3378 5845 permanere
