5514 6660
2943 147 2968 154 .,
3015 141 3030 146 -
3081 137 3146 150 --="II
3198 133 3234 143 ²“’
3336 142 3379 147 ι-

2137 193 2148 196 -
2471 179 2516 186 ___
2585 175 2598 190 η
2623 167 2766 198 ,κὶκ
2848 160 2884 168 ⁷-
3123 162 3235 194 ιμῖέ
3260 170 3297 185 ν·-
3376 168 3467 195 ,ις-τ
3484 192 3535 195 γῇ
3626 186 3651 193 ,,

2289 221 2308 226 -
3102 208 3299 233 η-*τνη
3316 196 3417 231 ﬁ?“
3578 214 3593 215 ί
3642 201 3661 207 ’”
3710 202 3735 223 τ’
3818 206 3847 219 ’ί

3129 239 3132 242 Ι
3331 249 3334 252 -
3423 249 3428 252 -
3495 245 3506 254 '.
3633 245 3682 254 *
3699 249 3712 252 —
3842 236 3931 245 Ἓῌ-’Ῑ

498 608 585 664 381

500 818 553 863 et
582 824 829 864 sucruum
849 849 864 872 ,
914 806 1144 861 fratrum
1179 808 1408 875 denique
1428 849 1441 872 ,
1473 819 1525 861 et
1558 804 1922 875 quorumlibet
1949 818 2070 874 pro-

501 902 818 970 pfnquorum
840 938 855 962 ,
897 907 951 952 et
980 913 1047 952 ne
1077 898 1205 966 quid
1250 898 1334 952 liis
1361 897 1753 952 assertionibus
1781 895 1968 949 deesse
1994 893 2071 945 vi-

503 992 706 1054 deatur,
742 989 1051 1045 testimonio
1080 996 1206 1044 sunt
1226 989 1493 1045 discursio
1521 986 1853 1049 nuntiorum,
1883 983 2072 1038 efl'usio

503 1094 813 1143 munerum,
864 1079 1301 1135 cachinnantium
1345 1080 1465 1148 joca
1488 1119 1501 1141 ,
1536 1084 1743 1131 secreta
1772 1073 2069 1144 colloquia;

498 1178 773 1239 postremo
792 1208 807 1236 ,
838 1168 927 1223 ubi
958 1170 1134 1224 omnis
1158 1170 1400 1224 dubietas
1433 1167 1661 1232 tollitur,
1691 1166 1829 1221 uteri
1862 1174 2074 1219 tumen-

502 1268 617 1326 tes,
647 1269 701 1315 et
741 1259 891 1329 pueri
935 1260 1231 1329 vagientes.
1283 1258 1425 1329 Ergo
1470 1274 1581 1327 prae
1623 1258 1859 1327 pudore,
1892 1255 2074 1309 nescio

500 1348 767 1418 quomodo
790 1349 1159 1419 supprimatur
1194 1348 1246 1402 in
1278 1349 1510 1419 synodo,
1563 1347 1705 1416 quod
1742 1346 1952 1416 publice
1982 1361 2075 1399 vo-

497 1439 758 1495 ciferatur
788 1440 842 1493 in
874 1438 1100 1503 mundo;
1133 1447 1191 1491 ut
1233 1453 1338 1493 non
1368 1439 1525 1494 modo
1554 1446 1874 1507 peccantes,
1908 1444 1966 1489 ut
1996 1435 2074 1489 di-

502 1546 667 1602 gnum
714 1540 831 1595 est,
876 1540 1134 1585 notentur
1186 1531 1440 1597 infamia;
1496 1531 1590 1587 sed
1637 1538 1691 1584 et
1739 1530 1789 1583 lii
1822 1542 2075 1597 quoque,

500 1622 591 1693 qui
626 1620 828 1677 ultores
852 1635 972 1676 esse
1017 1620 1311 1676 debuerant
1340 1663 1354 1686 ,
1386 1623 1674 1677 videantur
1700 1622 1754 1676 in
1790 1620 1966 1690 culpa.

1015 1735 1240 1791 CAPUT
1278 1734 1566 1791 PRIMUM.

500 1824 657 1890 Quod
684 1822 878 1879 Pliines
909 1825 1102 1878 idcirco
1138 1826 1304 1894 {mdus
1337 1828 1516 1880 αἰενηί
1547 1827 1735 1879 meruit
1770 1824 2073 1889 sacerdotii,

803 1896 924 1965 quia
946 1896 1001 1948 in
1032 1895 1199 1949 zelum
1227 1912 1280 1949 se
1310 1896 1495 1950 extulit
1532 1896 1766 1949 ultionis.

552 1984 668 2040 Non
682 1983 771 2040 hie
790 1984 957 2056 pudor
971 1985 1161 2041 faciem
1176 1986 1406 2041 Pliinees
1422 1986 1718 2041 sacerdotis
1730 1985 1961 2055 operuit,
1984 1986 2073 2054 qui

499 2076 759 2130 nimirum
776 2054 1057 2131 coeuntem
1074 2092 1193 2131 cum
1211 2077 1558 2133 Madianitide
1573 2054 1869 2133 lsraelitem
1888 2093 2071 2133 coram
2108 2054 2151 2114 Β

499 2167 648 2221 omni
666 2165 1006 2221 multitudine
1023 2168 1075 2222 in
1094 2168 1224 2223 locis
1246 2168 1568 2239 genitalibus
1584 2177 1800 2238 arrepto
1816 2168 2073 2238 pugione,

502 2256 789 2313 transfodit
806 2257 996 2327 (Num.
1017 2259 1164 2328 xxv).
1182 2260 1351 2315 Porro
1365 2269 1547 2314 autem
1563 2274 1661 2313 nos
1684 2269 1874 2314 contra
1896 2260 2074 2313 divina

500 2348 760 2403 mandata
790 2364 1143 2417 personarum
1190 2359 1526 2420 acceptores,
1561 2351 1612 2404 itt
1637 2350 1939 2405 minoribus
1960 2351 2080 2420 qni-

499 2437 621 2492 dem
683 2438 1052 2493 sacerdotibus
1106 2434 1343 2494 luxuriat
1418 2440 1825 2508 inquinamenta
1889 2455 2076 2509 perse-

500 2526 724 2595 quimur
747 2527 925 2598 (Deut.
962 2528 1018 2597 χ)
1056 2547 1068 2581 :
1104 2528 1155 2583 in
1196 2530 1465 2600 episcopis
1493 2541 1671 2585 autem
1699 2572 1713 2595 ,
1750 2531 1889 2599 quod
1918 2531 2079 2586 nimis

502 2618 792 2673 absurdum
809 2630 913 2683 est,
931 2634 1025 2689 per
1038 2622 1233 2677 silentii
1252 2624 1587 2677 tolerantiam
1602 2640 1941 2679 veneramur.
1974 2626 2077 2681 Sed

498 2722 628 2763 ecce
654 2708 741 2763 bic
778 2708 1006 2765 Phinees
1021 2711 1182 2765 divini
1209 2710 1443 2771 Spiritus
1466 2712 1581 2766 zelo
1602 2729 1891 2768 succensus
1911 2757 1925 2781 ,
1953 2729 2078 2770 eum

499 2797 665 2868 377
695 2809 836 2853 totus
864 2814 1000 2869 pene
1048 2801 1407 2857 lsraelitarum
1440 2806 1664 2874 pepulus
1703 2822 1824 2860 cum
1868 2808 2081 2863 filiabus

500 2888 662 2944 Moab
694 2888 1009 2946 foruicando
1038 2904 1349 2959 corrueret,
1382 2909 1609 2965 seseque
1638 2897 1969 2967 Beelphegor
1990 2914 2046 2951 sa
2064 2928 2079 2935 -

501 2982 722 3050 crilegis
775 2984 1111 3039 caeremoniis
1167 2986 1455 3051 initiaret,
1521 3003 1627 3042 non
1682 2990 1737 3042 in
1800 2990 2082 3058 despectos

500 3086 790 3141 quosque,
843 3073 927 3129 vel
1004 3075 1218 3131 infimos
1278 3078 1475 3133 divinae
1538 3079 1668 3150 legis
1718 3094 2084 3153 propugnator

500 3162 746 3228 insiluit;
790 3164 881 3217 sed
934 3166 1341 3222 exeellentiores
1379 3178 1433 3223 et
1474 3169 1730 3225 clariores
1771 3172 1823 3225 iu
1864 3174 2080 3242 populo,

499 3268 638 3320 quos
690 3253 757 3308 ad
823 3257 1129 3311 terrendum
1194 3268 1421 3314 caeteros
1484 3263 1808 3324 trucidaret,
1876 3264 2079 3333 elegit;

500 3353 739 3398 testante
792 3344 1074 3415 Scriptura
1121 3362 1238 3417 quae
1276 3351 1408 3405 dicit
1450 3370 1461 3404 ε
1509 3370 1527 3402 t
1557 3353 1717 3417 Erat,
1758 3354 1949 3424 inquit,
1983 3371 2081 3409 no—

498 3447 624 3487 men
674 3434 776 3487 viri
820 3434 1076 3490 Israelita
1101 3475 1117 3501 ,
1169 3438 1258 3506 qui
1291 3440 1503 3493 occisus
1537 3450 1619 3495 est
1663 3456 1783 3495 cum
1821 3442 2081 3497 Madiani-

498 3523 609 3577 tide
634 3564 651 3586 ,
684 3522 899 3578 Zambri
952 3525 1092 3580 Illius
1145 3526 1289 3581 Salai
1320 3568 1334 3591 ,
1389 3530 1495 3582 dux
1533 3532 1598 3585 de
1634 3533 1953 3600 cegnatione
1980 3573 1994 3598 ,
2028 3542 2083 3587 et

499 3616 645 3669 tribu
688 3615 957 3671 Simeonis
1016 3616 1202 3687 (Num.
1239 3621 1419 3687 xxv).i
1464 3622 1539 3676 De
1584 3622 1828 3678 mulieris
1870 3639 2083 3693 quoque

497 3706 811 3767 nobilitate,
839 3707 883 3760 si
913 3709 1193 3775 qumritur,
1241 3710 1342 3763 hoc
1394 3712 1445 3765 in
1498 3714 1848 3781 sequentibus
1880 3717 2081 3769 iuveni-

497 3804 625 3849 tur:
682 3796 888 3851 tPorro
919 3798 1108 3852 mulier
1146 3798 1471 3866 Madianitis,
1514 3818 1632 3871 qua?
1671 3805 1874 3871 pariter
1914 3806 2080 3861 inter-

472 3882 638 3942 "fecta
688 3896 772 3942 est
803 3929 817 3950 ,
872 3890 1165 3944 vocabatur
1224 3891 1386 3947 Cozbi
1417 3934 1431 3957 ,
1490 3893 1598 3948 filia
1651 3895 1758 3949 Sur
1822 3898 2085 3968 principis

495 3979 827 4034 nobilissimi
881 3980 1291 4036 Madianitarum
1338 3984 1582 4054 (Ibid.).i
1642 3985 1787 4041 Sane
1833 3998 1952 4057 post
2005 3990 2084 4043 di-

492 4082 711 4140 gestam
775 4073 1147 4127 fornicationis
1196 4084 1251 4129 et
1292 4076 1465 4145 dignae
1517 4078 1733 4132 ultionis
1775 4079 2083 4146 historiam,

494 4162 628 4231 quid
674 4179 815 4233 opus
844 4163 943 4217 fuit
972 4164 1173 4234 Moysi.
1224 4175 1280 4219 ut
1325 4168 1695 4238 genealogiam
1743 4170 2086 4227 fornicatoris

491 4256 791 4324 utriusque
834 4264 1182 4320 contexeret;
1225 4265 1279 4311 et
1324 4259 1553 4311 altermn
1599 4260 1812 4322 durem,
1861 4261 2084 4316 alteram

491 4343 829 4398 nobilissimi
892 4343 1154 4413 priumpis
1209 4346 1370 4400 filiam
1428 4347 1593 4403 fuisse
1649 4360 1942 4410 narraret;
1983 4354 2084 4406 nisi

492 4446 549 4487 ut
590 4439 823 4490 doceret
860 4440 1106 4494 carnales
1146 4441 1424 4497 illecebras
1466 4446 1517 4499 in
1559 4447 1919 4500 eminentibus
1966 4463 2087 4517 per-

491 4528 648 4582 sonis
691 4527 1347 4599 acriuspersequendas?
1388 4532 1522 4587 ll'nc
1556 4546 1635 4589 est
1692 4538 1832 4603 quod
1883 4546 1937 4591 et
1976 4538 2088 4607 ipse

490 4617 791 4682 Dominus,
838 4634 957 4673 cum
1009 4622 1185 4675 onmis
1225 4622 1517 4679 Israelitica
1564 4626 1713 4694 plebs
1747 4642 1849 4679 non
1882 4628 2085 4696 dispari

489 4709 734 4763 crimine
805 4718 1080 4763 teneretur
1144 4714 1415 4778 obnoxia,

491 4801 691 4863 tacuit,
740 4800 1000 4855 adversus
1037 4811 1215 4856 autem
1249 4804 1389 4859 solos
1428 4807 1698 4876 principes
1747 4810 1796 4862 in
1846 4808 2081 4865 furorem

488 4905 547 4943 se
601 4891 792 4962 dignae
830 4890 1313 4947 animadversionis
1365 4899 1557 4951 erexit.
1606 4899 1779 4953 iratus
1816 4900 1960 4955 enim
2008 4903 2086 4956 ait

490 4982 711 5053 Moysi:
785 4998 805 5031 α
829 4977 978 5035 Tolle
1035 4990 1257 5037 cunctos
1296 4984 1566 5053 principes
1601 4988 1816 5057 populi,
1873 4999 1925 5043 et
1966 5006 2085 5045 sus-

486 5074 670 5141 pende
722 5086 823 5126 eos
870 5081 1058 5125 contra
1108 5072 1276 5126 solem
1316 5074 1366 5127 in
1409 5075 1681 5145 patibulis,
1726 5087 1777 5131 ut
1812 5089 2087 5134 avertatur

487 5167 645 5221 furor
688 5179 852 5218 meus
901 5163 968 5217 ab
1016 5164 1177 5220 Israel
1212 5164 1419 5237 (Ibid).
1462 5187 1479 5219 ι
1532 5167 1695 5224 Plane
1753 5179 1808 5224 et
1875 5170 2085 5240 Moyses

485 5272 594 5312 non
649 5256 724 5310 ad
778 5254 956 5319 alios,
1005 5256 1097 5309 sed
1152 5258 1218 5310 ad
1268 5256 1476 5324 judices
1516 5254 1677 5315 lSrael
1718 5264 1835 5317 ait:
1883 5282 1901 5315 ι
1932 5263 2085 5319 Occi-

486 5355 579 5407 dat
621 5350 1009 5418 unusquisque
1064 5365 1337 5420 proxnnos
1384 5369 1545 5416 suos,
1586 5356 1674 5421 qui
1716 5356 1909 5409 initiati
1962 5367 2087 5410 sunt

484 5441 841 5511 Beelpliegor
888 5436 1127 5507 (Ibid.).t
1173 5440 1306 5493 Dum
1358 5457 1487 5511 ergo
1536 5442 1768 5498 Pliinees
1806 5459 1903 5513 pro
1939 5460 2085 5499 coni-

483 5530 634 5585 muni
681 5525 1053 5583 fornicatione
1110 5528 1274 5582 totius
1323 5530 1682 5585 multitudinis
1736 5532 2081 5598 ulciscenda,

483 5618 535 5671 in
589 5634 694 5673 eos
744 5616 1095 5687 pozlssitnum
1133 5616 1221 5685 qui
1263 5619 1426 5674 duces
1480 5621 1828 5686 videbantur,
1878 5623 2085 5688 insiliil,

481 5710 773 5780 principes
834 5707 1082 5762 similiter
1138 5708 1313 5777 populi
1386 5710 1439 5765 in
1508 5714 1758 5780 patibulis
1830 5716 2083 5783 suiSpendi

483 5800 765 5855 sententia
840 5798 1022 5852 divina
1085 5802 1374 5867 pnecepit,
1430 5801 1642 5873 Moyses
1700 5821 1915 5874 quoque
1979 5821 2085 5862 non

483 5890 835 5965 quibuslibet
900 5888 1141 5955 inlimis,
1234 5890 1325 5947 sed
1405 5891 1678 5962 judicibus
1747 5894 1952 5962 lsrasl.
2026 5907 2084 5952 ut

1404 603 1649 663 OPUSC.
1690 602 1855 660 XV".
1886 634 1955 644 -
1985 602 2071 658 DE
2110 601 2481 659 CJELlBATU
2521 599 2817 658 SACEBD.

1491 4717 1557 4769 de
1615 4717 1810 4786 populo
1864 4720 2080 4787 quidem
2113 4733 2160 4791 υ

3640 594 3749 653 58Ξ

500 716 915 774 concubinarum
936 758 950 783 ,
984 732 1298 773 socerorum
1346 733 1559 787 quoque
1590 717 1883 781 vocabula,
1910 711 2069 769 simul
2098 719 2147 776 Α
2176 715 2449 783 proximos
2497 731 2624 771 suos
2667 714 2982 771 occiderent
3009 753 3024 779 ,
3073 727 3174 784 pro
3227 712 3461 768 vindicta
3520 710 3757 765 fornica-

2177 806 2336 862 tionis
2377 807 2627 877 injunxit.
2663 805 2802 873 Quid
2828 807 2882 860 in
2923 805 3009 859 his
3035 804 3290 859 omnibus
3315 804 3475 857 datur
3502 801 3753 871 intelligi.

2174 899 2274 953 nisi
2326 898 2450 966 quia
2498 906 2680 951 reatus
2733 895 2980 949 adulterii
3038 896 3089 949 in
3138 893 3386 964 personis
3432 893 3758 948 clarioribus

2174 992 2331 1046 debet
2384 989 2575 1045 durius
2632 987 2941 1042 vindicari?
2996 987 3063 1041 Et
3109 986 3200 1057 qui
3260 985 3395 1040 tales
3453 992 3759 1040 commotus

2176 1082 2486 1144 ulciscitur,
2546 1095 2733 1148 pacem
2774 1080 2992 1148 superni
3037 1077 3237 1148 judicis
3280 1086 3336 1131 et
3373 1075 3600 1147 gratiam
3650 1088 3759 1129 non

2157 1175 2335 1228 "modo
2369 1173 2488 1236 sibi,
2520 1172 2612 1227 sed
2658 1180 2712 1226 et
2750 1171 2945 1239 populo
2971 1171 3174 1239 absque
3202 1168 3368 1223 dubio
3393 1174 3755 1238 promeretur.

2180 1266 2331 1321 Unde
2366 1265 2545 1319 divina
2590 1280 2728 1318 vox:
2777 1283 2793 1313 ι
2825 1263 3074 1323 ΡΙιὶιιερε,
3122 1261 3316 1330 inquit,
3378 1260 3574 1315 avertit
3616 1259 3757 1313 iram

2177 1372 2353 1412 meant
2391 1371 2418 1408 a
2454 1354 2576 1409 filiis
2610 1354 2771 1408 Israel
2800 1394 2814 1417 ,
2860 1354 2985 1422 quia
3040 1353 3157 1408 zelo
3194 1366 3312 1406 meo
3338 1357 3641 1405 commotus
3677 1355 3763 1404 est

2177 1458 2366 1502 contra
2409 1461 2537 1509 eos,
2575 1454 2631 1498 ut
2667 1460 2772 1497 non
2807 1444 2919 1513 ipse
2951 1443 3185 1497 delcrem
3227 1457 3325 1498 eos
3375 1441 3426 1495 in
3477 1440 3593 1495 zelo
3639 1454 3761 1493 meo

2178 1537 2419 1609 (lbid.).i
2479 1536 2613 1589 Ecce
2670 1534 2977 1589 audivimus
3036 1534 3304 1603 quomodo
3349 1541 3571 1601 propter
3625 1531 3761 1583 iram

2178 1628 2410 1683 Pliinees
2441 1627 2645 1697 placata
2675 1637 2752 1681 est
2784 1626 2861 1680 ira
2904 1622 3114 1679 Domini
3148 1638 3311 1692 super
3338 1620 3496 1675 lsrael
3524 1662 3535 1682 ,
3571 1620 3759 1672 audia-

2180 1735 2299 1773 mus
2327 1719 2490 1771 etiam
2538 1732 2680 1771 nunc
2713 1716 2945 1785 qualiter
2996 1716 3107 1783 ipse
3158 1730 3253 1783 per
3303 1712 3467 1766 animi
3499 1710 3580 1765 sui
3608 1724 3759 1764 com-

2179 1813 2506 1871 tnotionem,
2565 1810 2877 1877 perpetuam
2922 1807 3023 1861 sibi
3074 1821 3195 1860 cum
3252 1804 3477 1858 Domino
3513 1798 3765 1856 statuerit

2179 1916 2386 1971 pacem.
2427 1920 2443 1949 α
2468 1899 2627 1961 Ecce,
2659 1898 2854 1966 inquit,
2887 1898 2954 1950 de
2980 1898 3028 1948 ei
3062 1910 3249 1964 pacem
3285 1892 3507 1946 foederis
3549 1889 3675 1951 mei,
3709 1898 3765 1943 et

2182 1993 2287 2045 erit
2313 2001 2420 2043 tam
2452 1989 2576 2059 ipsi,
2600 2002 2762 2057 quam
2805 1986 2996 2041 semini
3048 1986 3190 2038 illius
3228 1991 3443 2052 paetum
3475 1978 3762 2037 sacerdotii

2180 2084 2612 2154 sempiternum,
2667 2080 2792 2149 quia
2854 2079 3060 2132 zelatns
3104 2086 3185 2131 est
3232 2092 3330 2145 pro
3383 2076 3491 2129 Deo
3534 2086 3670 2137 suo,
3710 2079 3765 2125 et

2180 2178 2420 2246 expiavit
2479 2176 2653 2230 scelus
2706 2172 2939 2226 filiorum
2993 2169 3159 2224 lsrael
3217 2165 3571 2240 (l-‘Machab.
3618 2167 3704 2233 tt).
3738 2180 3757 2213 ο

2180 2268 2375 2322 Pacem
2403 2264 2599 2334 quippe
2639 2262 2897 2316 Dominus
2929 2260 3000 2313 illi
3049 2260 3129 2312 sui
3172 2258 3392 2312 foederis
3435 2255 3603 2319 dedit,
3633 2253 3765 2324 quia

2180 2356 2367 2411 sedata
2398 2354 2544 2409 omni
2584 2352 2763 2406 carnis
2811 2350 3077 2413 molestia,
3108 2350 3289 2403 vivere
3323 2348 3470 2402 illum
3503 2360 3671 2414 usque
3712 2345 3764 2399 in

2184 2447 2345 2503 linem
2402 2445 2630 2509 mundi,
2690 2445 2740 2498 in
2797 2443 3033 2512 paradisi
3094 2440 3408 2495 amoenitate
3459 2438 3762 2493 constituit.

2181 2538 2297 2607 Ipse
2324 2536 2590 2607 siquidem
2638 2548 2741 2597 est,
2792 2534 2894 2588 nisi
2942 2533 3119 2595 fallor,
3171 2531 3315 2584 Elias
3352 2530 3640 2599 propheta,
3671 2526 3766 2596 qui

2181 2627 2432 2682 videlicet
2463 2626 2634 2695 igneis
2683 2624 2837 2694 equis
2887 2633 2940 2677 et
2978 2638 3164 2685 curru,
3193 2620 3383 2675 Eliseo-
3412 2618 3762 2686 suspiciente.

2182 2728 2267 2775 est
2326 2718 2619 2773 translatus
2677 2718 2727 2772 in
2788 2716 2985 2771 ctelum
3028 2713 3135 2785 (IV
3170 2714 3294 2783 Reg.
3325 2716 3407 2783 ιι).
3470 2711 3620 2768 Unde
3680 2725 3768 2765 me

2182 2812 2426 2881 quisquis
2458 2810 2672 2864 mentiri
2706 2818 2986 2871 autumat;
3018 2808 3214 2861 divina:
3256 2805 3388 2876 legis
3416 2804 3765 2873 interpretem

2184 2900 2587 2968 Hieronymum,
2622 2898 2710 2965 qui
2743 2897 2846 2951 hoe
2891 2897 2942 2950 in
2990 2895 3373 2950 llebraicarum
3403 2892 3765 2961 quaestionum

2182 2991 2323 3047 libro
2365 2998 2614 3051 testatur,
2654 2989 2833 3059 potius
2882 2987 3259 3056 reprehendat.
3295 2984 3464 3040 Porro
3501 2994 3681 3038 autem
3712 2989 3770 3037 et

2184 3092 2425 3151 tempore
2488 3078 2656 3132 David
2714 3079 2855 3149 regis
2911 3078 2999 3132 hic
3059 3077 3289 3131 Pliinees
3345 3089 3647 3145 superesse,
3703 3088 3767 3127 ac

2183 3170 2517 3227 sacerdotale
2549 3168 2780 3224 cilicium
2810 3184 2997 3237 gerere
3042 3169 3323 3239 perspicue
3370 3166 3656 3234 reperitur,
3688 3164 3769 3216 di—

2184 3272 2342 3317 cente
2392 3262 2712 3332 Scriptura:
2775 3259 2880 3313 illi
2926 3270 3071 3322 sunt,
3133 3258 3329 3326 inquit,
3380 3255 3576 3310 Corita:
3608 3270 3770 3324 super

2110 3391 2155 3453 Ο
2185 3369 2348 3424 opera
2375 3352 2680 3415 ministerii,
2709 3350 2964 3406 custodes
2993 3348 3377 3405 vestibulorum
3408 3346 3575 3416 378
3595 3345 3772 3398 taber—

2188 3444 2390 3506 naculi,
2419 3451 2472 3496 et
2511 3441 2727 3494 familia:
2773 3456 2958 3494 eorum
3000 3455 3105 3511 per.
3137 3439 3283 3493 vices
3328 3450 3627 3493 castrorum
3663 3436 3768 3489 Do-

2189 3535 2318 3590 mini
2366 3533 2730 3589 custodientes
2778 3533 3077 3584 introitum.
3130 3530 3359 3584 Pliinees
3407 3526 3585 3582 autem
3632 3526 3773 3580 filius

2191 3624 2433 3687 Eleazar,
2459 3631 2575 3677 erat
2595 3623 2702 3675 dux
2731 3636 2917 3674 eorum
2938 3634 3119 3675 coram
3147 3619 3371 3673 Domino
3405 3616 3455 3687 (1
3483 3616 3608 3669 Par.
3635 3615 3767 3685 ιι).›

2188 3716 2285 3771 Cui
2330 3716 2583 3768 nimirum
2618 3712 2847 3765 Pliinces
2887 3727 3081 3765 nomen
3126 3720 3210 3764 est
3235 3726 3263 3763 a
3293 3692 3606 3779 parentibus
3635 3706 3773 3759 indi-

2191 3816 2324 3869 tum,
2357 3806 2502 3858 Elias
2533 3819 2661 3857 vero
2691 3817 2953 3871 agnomen
2982 3811 3068 3856 est
3097 3802 3349 3855 accidens
3372 3815 3467 3868 per
3494 3808 3769 3853 eventum.

2189 3896 2335 3951 Elias
2374 3893 2638 3962 siquidem
2687 3892 3101 3961 interpretatur,
3134 3890 3276 3945 Deus
3316 3888 3595 3952 Dominus,
3629 3888 3773 3957 quod

2188 4002 2253 4043 ex
2294 3987 2396 4041 liae
2450 3985 2549 4040 sibi
2601 3978 2889 4038 occasione
2924 3982 3232 4053 impositum
3286 3980 3455 4035 fuisse
3509 3979 3776 4045 creditur,

2189 4077 2317 4147 quia
2358 4090 2481 4130 cum
2530 4074 2815 4145 legationis
2857 4071 3033 4128 cilicio
3065 4071 3380 4143 fungeretur
3406 4111 3423 4138 ,
3471 4070 3669 4125 missus
3706 4067 3777 4126 ab

2189 4168 2485 4225 lsraelitico
2511 4168 2708 4237 populo
2734 4167 2799 4220 ad
2830 4167 2963 4221 duas
3003 4165 3337 4229 semitribus,
3391 4162 3579 4217 Ruben
3620 4162 3772 4218 vide-

2190 4260 2319 4315 licet
2360 4270 2410 4314 et
2460 4258 2595 4324 Gad,
2652 4266 2706 4312 et
2756 4258 3034 4311 dimidiam
3090 4256 3289 4310 tribum
3336 4254 3605 4319 Manasse,
3653 4270 3776 4324 quze

2191 4352 2432 4407 enormis
2465 4350 2849 4422 magnitudinis
2878 4350 3048 4402 altare
3088 4355 3527 4411 construxerant,
3567 4348 3670 4401 hoc
3707 4348 3775 4401 ab

2190 4444 2271 4497 eis
2302 4457 2621 4510 responsum
2653 4440 3018 4494 excusationis
3048 4439 3256 4508 accepit
3282 4456 3295 4492 :
3343 4456 3360 4488 ι
3384 4437 3734 4492 Fortissimus
3758 4477 3774 4503 ,

2192 4533 2465 4601 inquiunt,
2496 4534 2637 4587 Deus
2668 4531 2947 4594 Dominus,
2982 4532 3095 4599 ipse
3146 4529 3315 4597 novit,
3361 4530 3406 4584 si
3451 4529 3775 4600 praevarica-

2194 4622 2358 4676 tionis
2388 4622 2569 4675 animo
2604 4621 2706 4675 hoc
2751 4620 2921 4683 altare
2971 4620 3372 4674 construximus
3403 4617 3539 4686 (los.
3579 4619 3772 4687 XXII).I

2190 4711 2270 4763 Ab
2320 4710 2403 4763 bis
2461 4711 2643 4777 itaque
2695 4710 2957 4764 rationem
3011 4708 3351 4763 reddentium
3388 4707 3589 4773 verbis,
3631 4707 3780 4763 Elius

2193 4811 2532 4870 nuncupatus
2578 4802 2857 4865 asscritur,
2908 4800 2998 4870 qui
3039 4799 3270 4853 Pliinees
3306 4810 3534 4857 eatenus
3558 4800 3783 4855 diceba-

2192 4904 2321 4958 tur;
2363 4904 2423 4947 ut
2479 4894 2689 4947 illorum
2738 4907 3094 4962 responsum,
3151 4889 3310 4961 hujus
3361 4890 3608 4946 videatur
3655 4905 3777 4948 esse

2193 4988 2532 5042 vocabubuu.

2262 5078 2569 5133 Notandum
2619 5087 2796 5132 autem
2826 5118 2839 5142 ,
2887 5077 3013 5148 quia
3058 5078 3196 5134 sicut
3242 5076 3294 5131 in
3345 5076 3618 5131 chronicis
3663 5076 3778 5132 suis

2192 5170 2580 5225 solertissimus
2628 5169 2770 5224 Beda
2827 5179 3097 5232 testatur,
3162 5170 3230 5223 ab
3274 5184 3493 5239 egressu
3543 5167 3773 5222 filiarum

2191 5259 2353 5314 Israel
2391 5276 2453 5313 ex
2487 5260 2739 5331 Aigypto,
2794 5275 2963 5331 usque
2997 5262 3064 5315 ad
3102 5260 3230 5315 Elite
3276 5260 3329 5315 in
3382 5258 3505 5316 cteli
3559 5258 3773 5314 culmen

2190 5366 2498 5417 ascensum,
2536 5362 2914 5407 scxcentorum
2947 5354 3134 5424 viginti
3182 5368 3444 5407 annorum
3491 5350 3774 5421 supputari

2191 5445 2428 5503 calculus
2460 5446 2749 5499 invenitur.
2793 5444 2922 5500 Jure
2964 5461 3094 5515 ergo
3123 5445 3214 5514 qui
3260 5444 3487 5499 moechis
3540 5442 3775 5512 repenti-

2192 5555 2316 5595 nam
2363 5538 2543 5591 intulit
2592 5553 2798 5602 necem,
2836 5553 3053 5592 annosa:
3080 5538 3201 5591 vita:
3224 5536 3449 5591 sortitus
3486 5547 3568 5589 est
3603 5534 3775 5604 longi-

2195 5628 2475 5690 tudinem;
2533 5628 2729 5696 quiquc
2767 5626 2820 5679 in
2867 5627 3027 5680 terris
3078 5626 3245 5680 divini
3297 5624 3395 5679 zeli
3447 5634 3530 5679 est
3584 5625 3777 5677 ardore

2195 5731 2491 5771 succensus
2515 5757 2531 5779 ,
2579 5724 2938 5787 congruenter
2968 5725 3049 5770 est
3077 5715 3231 5786 equis
3260 5715 3428 5783 igneis
3454 5714 3692 5770 elevatus
3723 5712 3776 5768 in

2192 5809 2385 5865 carlum
