5514 6652
0 6388 785 6652 ...ξ

2174 498 2291 555 583'

2782 608 3003 665 CAPUT
3053 608 3112 663 11.

2246 727 2397 794 Quod
2438 724 2555 778 Heli
2594 724 2705 777 ideo
2753 724 2943 790 periit,
3000 724 3122 790 quia
3173 722 3296 788 ﬁliis
3332 716 3660 789 peccantibus

2667 794 2801 847 male
2855 795 2969 861 pius
3025 794 3258 844 indulsit.

2240 886 2311 939 At
2357 895 2569 949 contra,
2617 883 2733 938 Heli
2786 885 2907 952 quia
2961 883 3187 935 ﬁliorum
3217 886 3434 951 peccata
3462 876 3731 943 cognovit,

2171 976 2263 1031 sed
2303 992 2395 1031 eos
2432 977 2752 1036 invecdone,
2799 989 2903 1039 qua
2934 974 3076 1042 digni
3109 980 3285 1033 erant,
3326 968 3589 1023 acerrima
3627 982 3732 1022 non

2170 1067 2430 1135 corripuit
2455 1107 2469 1128 ,
2516 1067 2714 1119 eisdem
2749 1064 2871 1119 ﬁliis
2912 1080 2941 1116 a
2975 1062 3291 1117 Philistbiim
3336 1061 3389 1114 in
3430 1060 3570 1114 bello
3614 1074 3733 1126 per-

2172 1158 2403 1226 emptis,
2450 1164 2562 1225 ipse
2605 1168 2817 1223 quoque
2880 1158 2943 1210 de
3001 1156 3125 1208 sella
3183 1162 3475 1207 retrorsum
3520 1152 3731 1217 cecidit,

2172 1246 2467 1316 fractisque
2522 1248 2822 1302 cervicibus
2868 1247 3160 1315 exspiravit
3214 1245 3265 1314 (1
3295 1244 3418 1314 Reg.
3454 1245 3549 1313 ιν).
3596 1244 3733 1311 Quin

2171 1347 2226 1392 et
2254 1353 2379 1391 arca
2410 1324 2620 1395 Domﬁti
2651 1339 2718 1391 ab
2748 1334 2987 1392 hostibus
3027 1347 3178 1405 capta
3215 1348 3329 1399 est,
3356 1345 3410 1390 et
3438 1336 3584 1405 prius
3610 1336 3732 1404 qui-

2171 1428 2294 1482 dem
2332 1438 2563 1497 quatuor
2603 1428 2787 1491 millia,
2821 1429 3014 1483 deinde
3059 1428 3279 1497 triginta
3308 1428 3469 1481 millia
3495 1428 3734 1481 virorum

2170 1534 2317 1588 sunt,
2348 1523 2658 1579 Philisthzeo
2700 1526 2999 1578 trucidante
3023 1566 3036 1587 ,
3083 1534 3370 1595 prostrata.
3421 1523 3485 1577 Et
3518 1524 3732 1591 quidem

2173 1615 2474 1683 redarguit,
2503 1625 2555 1668 et
2583 1615 2797 1684 quidem
2828 1616 3118 1684 corripuit:
3149 1616 3239 1669 sed
3262 1614 3479 1668 lenitate
3505 1622 3555 1666 et
3584 1628 3735 1666 man-

2170 1707 2453 1761 suetudine
2502 1706 2697 1771 Patris,
2749 1723 2855 1763 non
2906 1709 3225 1770 severitate,
3285 1706 3365 1761 vel
3416 1708 3734 1760 auctoritate

2168 1796 2485 1867 pontiﬁcis:
2548 1817 2565 1849 ι
2598 1797 2801 1864 Quare,
2840 1798 3049 1868 inquit,
3081 1797 3255 1852 facitis
3300 1812 3387 1850 res
3432 1796 3731 1865 hujusmodi

2172 1902 2307 1955 quas
2352 1902 2451 1955 ego
2501 1888 2680 1953 audio,
2731 1903 2815 1942 res
2869 1889 3144 1956 pessimas,
3198 1888 3265 1939 ab
3317 1887 3461 1940 omni
3502 1886 3733 1955 populo?

2172 1975 2367 2041 Nolite,
2400 1977 2496 2032 ﬁlii
2535 1978 2680 2042 mei;
2733 1994 2838 2031 non
2890 1986 2972 2032 est
3018 1979 3159 2031 enim
3210 1978 3344 2030 bona
3395 1974 3535 2030 fama
3572 1992 3728 2045 quam

2173 2072 2333 2127 audio
2363 2072 2522 2143 (Ibid.
2555 2070 2670 2141 nl.»
2708 2073 2967 2128 Audierat
2992 2074 3165 2135 enim,
3213 2074 3491 2141 Scriptura
3525 2082 3731 2127 testan-

2172 2174 2257 2229 te,
2288 2165 2411 2233 quia
2445 2182 2463 2216 ι
2502 2163 2845 2219 dormiebant
2889 2180 3010 2219 cum
3061 2164 3375 2218 mulieribus
3404 2178 3522 2233 igua:
3555 2164 3735 2217 oberr-

2174 2257 2373 2310 vabant
2412 2256 2478 2309 ad
2528 2256 2723 2311 ostium
2756 2256 3083 2310 tabernaculi
3136 2254 3377 2325 (Ibid.).r
3408 2254 3573 2308 Porro
3600 2268 3735 2323 quos

2176 2344 2422 2400 inimicos
2449 2343 2543 2398 Dei
2584 2344 2737 2404 vidit,
2791 2344 2841 2397 in
2892 2345 3180 2413 perniciem
3219 2359 3369 2398 suam
3417 2341 3555 2396 ﬁlios
3580 2357 3731 2396 reco-

2176 2435 2389 2503 gnovit:
2422 2443 2475 2489 et
2504 2450 2639 2503 quos
2663 2435 2837 2489 hostili
2871 2434 3030 2488 ferire
3061 2434 3232 2503 gladio
3263 2434 3466 2496 debuit,
3499 2442 3736 2502 paterna:

2174 2524 2445 2579 blanditiae
2493 2524 2711 2579 lenitate
2761 2524 3015 2594 palpavit.
3072 2523 3185 2577 Non
3232 2524 3309 2576 sic
3361 2522 3447 2577 ille
3484 2522 3653 2575 ﬁdelis
3683 2521 3735 2575 iu

2176 2615 2334 2670 domo
2383 2614 2592 2669 Domini
2638 2614 2868 2669 famulus
2912 2614 3142 2685 Moyses,
3193 2614 3451 2683 magister
3490 2614 3738 2667 videlicet

2178 2705 2394 2773 ingenui
2442 2704 2690 2759 Phinees.
2730 2702 2891 2760 Stans
2921 2705 3063 2759 enim
3113 2705 3165 2757 in
3210 2714 3361 2773 porta
3412 2714 3735 2770 castrorum,

2176 2795 2291 2848 ait;
2342 2792 2440 2848 «Si
2480 2793 2601 2862 quis
2628 2802 2710 2847 est
2738 2792 2967 2855 Domini,
3001 2794 3257 2864 jungatur
3299 2794 3448 2846 mihi.
3503 2794 3738 2862 Congre-

2176 2885 2391 2954 gatique
2432 2891 2554 2937 sunt
2585 2882 2650 2936 ad
2676 2897 2796 2937 eum
2845 2897 3031 2937 omnes
3076 2874 3166 2935 (illi
3214 2882 3361 2946 Levi,
3397 2884 3589 2950 quibus
3619 2887 3731 2937 ait:

2177 2975 2302 3029 "rec
2332 2973 2462 3028 dicit
2488 2973 2741 3028 Dominus
2771 2973 2910 3028 Deus
2938 2973 3099 3028 Israel
3130 2991 3143 3026 :
3186 2974 3355 3028 Ponat
3392 2973 3623 3043 gladium
3654 2976 3737 3029 vir

2176 3080 2339 3133 super
2369 3064 2541 3118 femur
2570 3078 2762 3129 suum;
2792 3064 2865 3118 ite
2886 3104 2900 3128 ,
2932 3072 2986 3117 et
3012 3064 3182 3118 redite
3205 3064 3271 3120 de
3297 3075 3444 3132 porta
3473 3080 3641 3133 usque
3672 3066 3737 3119 ad

2179 3164 2386 3226 partam
2433 3170 2529 3223 per
2572 3154 2803 3209 medium
2851 3164 3186 3211 castrorum:
3246 3163 3301 3210 et
3343 3142 3549 3210 occidat
3578 3172 3738 3211 unus-

2181 3246 2409 3314 quisque
2438 3243 2680 3309 fratrem,
2738 3254 2796 3299 et
2837 3246 3159 3314 proximum,
3210 3255 3263 3300 et
3307 3247 3537 3301 amicum
3579 3263 3733 3302 suum

2182 3338 2378 3407 (Exod.
2410 3338 2471 3411 ll)
2507 3358 2523 3390 ι
2558 3339 2722 3395 Caesis
2749 3340 2929 3412 itaque
2954 3340 3140 3409 viginti
3168 3340 3335 3394 tribus
3376 3339 3609 3395 millibus
3639 3340 3737 3395 bo-

2180 3426 2408 3490 minum,
2446 3427 2522 3481 ait
2558 3426 2800 3496 Moyses:
2864 3448 2883 3480 ι
2915 3427 3282 3484 Consecrastis
3311 3444 3502 3484 manus
3529 3439 3738 3484 vestras

2182 3518 2343 3572 hodie
2393 3517 2639 3583 Domino,
2670 3520 3037 3588 unusquisque
3068 3520 3120 3573 in
3166 3519 3273 3573 ﬁlio
3320 3528 3371 3574 et
3424 3519 3591 3577 fratre
3620 3536 3739 3583 suo,

2183 3618 2244 3663 ut
2272 3611 2429 3662 detur
2454 3607 2603 3662 vobis
2632 3608 2932 3663 benedictio
2959 3608 3196 3679 (lbid.).i
3224 3608 3389 3665 Plane
3416 3610 3556 3663 sicut
3581 3610 3743 3663 bene-

2183 3699 2415 3753 dictione
2440 3700 2581 3769 digni
2615 3708 2757 3761 sunt,
2783 3700 2873 3770 qui
2903 3700 3087 3769 culpas
3115 3702 3393 3771 corrigunt
3416 3742 3431 3766 ,
3470 3701 3633 3772 379
3671 3702 3741 3755 ita

2184 3790 2532 3845 nihilominus
2558 3789 2917 3845 maledictioai
2955 3790 3171 3845 obnoxii
3204 3801 3360 3854 sunt,
3392 3792 3481 3860 qui
3512 3806 3743 3860 peccan-

2188 3882 2332 3936 tibus
2378 3881 2756 3944 blandiuntur,
2809 3881 2944 3934 sicut
2998 3897 3094 3951 per
3137 3882 3449 3951 prophetam
3500 3882 3740 3937 dicitur:

2193 3988 2213 4023 ι
2242 3968 2554 4025 Maledictus
2579 3973 2667 4039 qui
2696 3972 2942 4041 prohibet
2970 3974 3202 4043 gladium
3239 3990 3395 4028 suum
3424 3989 3452 4029 a
3485 3976 3747 4045 sanguine

2190 4059 2362 4130 (Hier.
2391 4063 2632 4131 πωπω.»
2684 4063 2743 4133 Α,
2778 4064 3034 4131 sanguine
3074 4064 3269 4133 quippe
3317 4065 3546 4134 gladium
3593 4080 3747 4119 suum

2190 4150 2460 4221 prohibet,
2491 4152 2581 4220 qui
2622 4168 2678 4206 se
2713 4151 2781 4205 ab
2821 4152 3095 4206 inferenda
3128 4155 3369 4221 reprobis
3412 4155 3585 4223 dignae
3629 4170 3749 4210 sen-

2193 4242 2865 4297 tentix'animadversione
2893 4252 3124 4297 coercet.
3159 4243 3303 4296 Facti
3346 4242 3605 4315 siquidem
3637 4246 3750 4300 cul-

2193 4349 2313 4402 pam
2347 4334 2526 4399 habet,
2580 4336 2667 4401 qui
2721 4335 2860 4402 quod
2915 4344 3125 4402 potest,
3178 4335 3395 4404 negligit
3445 4338 3748 4391 emendare.

2196 4423 2348 4479 Unde
2376 4431 2431 4477 et
2459 4423 2680 4493 przefato
2710 4422 2822 4477 lleli
2864 4424 2948 4477 vir
2976 4424 3091 4487 Dei,
3121 4426 3210 4492 qui
3253 4434 3305 4479 et
3338 4425 3560 4480 Phinees
3588 4426 3752 4481 fuisse

2194 4522 2455 4585 putatur,
2501 4516 2613 4568 ait:
2660 4536 2677 4566 ι
2708 4516 2831 4569 llzec
2868 4516 2994 4571 dicit
3043 4517 3339 4570 Dominus:
3386 4518 3563 4583 Quare
3606 4518 3786 4572 calce"

2635 497 2693 552 S.
2733 494 2931 552 PETRI
2973 492 3249 550 DAMIANI
3288 489 3437 548 OPP.
3478 484 3713 546 TOMl'S
3751 485 3883 542 SEU
3925 484 4106 544 PARS
4142 484 4229 543 111.
4254 516 4326 529 -
4364 484 4727 543 OPUSCULA
4769 482 4998 540 VARIA.

5277 478 5361 534 584

3756 605 3804 663 Α
3833 612 3939 667 rat,
3971 602 4146 656 divina
4180 618 4275 656 vox
4327 603 4402 655 ait
4432 620 4445 655 :
4492 621 4509 654 ι
4536 600 4853 670 Quicunque
4879 596 5252 667 gloriﬁcavcrit
5274 610 5362 662 me,

3830 693 4138 765 gloriﬁeabo
4166 709 4286 747 eum
4314 710 4328 758 ;
4359 694 4450 763 qui
4486 702 4662 747 autem
4697 698 5046 747 contemnunt
5083 705 5189 752 me,
5230 698 5363 743 erunt

3833 785 4106 856 ignobiles.
4130 806 4147 837 ι
4166 785 4264 840 Ubi
4299 800 4417 839 mox
4441 784 4687 840 subditur
4710 801 4723 837 :
4745 801 4763 833 ι
4796 782 4931 837 Ecce
4960 781 5073 835 dies
5087 781 5309 843 veniunt,
5324 788 5362 833 et

3831 877 4113 947 pmidam
4161 876 4440 930 brachium
4486 884 4655 939 tuum,
4685 882 4738 927 et
4776 872 5051 926 brachium
5082 870 5265 924 domus
5290 884 5370 939 pa-

3835 967 3928 1019 tris
3953 965 4024 1018 tui
4056 965 4104 1032 (Ι
4138 964 4259 1034 Reg.
4292 964 4405 1034 ll).t
4462 966 4539 1018 Ac
4588 963 4630 1017 si
4679 970 4862 1031 aperte
4901 960 5083 1015 dicat:
5126 959 5253 1026 Quia
5284 971 5369 1027 egc

3832 1071 3926 1126 per
3982 1055 4267 1123 pastoralis
4323 1052 4479 1108 oﬂicii
4530 1053 4844 1123 dignitatem
4893 1058 5082 1105 contra
5146 1046 5372 1102 inimicos

3832 1162 3980 1201 meos
4028 1146 4301 1201 brachium
4355 1146 4447 1199 tibi
4497 1143 4827 1199 fortitudinis
4873 1138 5091 1219 contuli,
5121 1137 5210 1194 sed
5234 1146 5284 1193 tu
5312 1137 5373 1191 ad

3831 1252 4015 1291 eorum
4064 1236 4316 1288 ultionem
4368 1234 4496 1288 illud
4545 1247 4768 1289 exerere
4808 1228 5065 1294 noluisti;
5107 1227 5215 1297 jam
5256 1227 5372 1280 bra-

3833 1328 4011 1382 chium
4040 1344 4068 1381 a
4102 1338 4152 1381 te
4178 1326 4483 1397 praecidam,
4522 1327 4572 1381 id
4598 1335 4704 1390 est,
4756 1324 4992 1394 vigorem
5025 1320 5116 1376 tibi
5144 1318 5376 1375 sacerdo-

3833 1418 3955 1471 talis
3991 1418 4239 1473 culminis
4284 1416 4565 1471 auferam:
4598 1424 4653 1469 ut
4700 1414 4787 1483 qui
4829 1426 5082 1481 manceps
5112 1409 5279 1464 fueras
5316 1405 5375 1461 ad

3831 1508 4178 1576 pugnandum
4235 1522 4333 1575 pro
4382 1522 4486 1570 me,
4518 1504 4627 1575 jam
4679 1518 4779 1558 nec
4836 1516 5049 1557 manum
5095 1497 5283 1553 habeas
5314 1494 5375 1551 ad

3835 1597 4089 1649 tuendum
4129 1606 4199 1649 te.

3902 1686 4169 1740 Ponantus
4198 1685 4376 1754 plane,
4408 1684 4547 1755 quod
4575 1682 4769 1752 Ophui,
4798 1690 4849 1737 et
4878 1679 5108 1735 Pbinees
5153 1673 5375 1745 episcopi

3833 1777 3975 1842 sint;
4011 1777 4124 1829 lleli
4156 1786 4335 1829 autem
4378 1773 4773 1844 metropolitani
4803 1771 4971 1827 vicem
5006 1776 5215 1823 teneat:
5259 1762 5380 1833 quid

3832 1884 3965 1937 ergo
3991 1869 4229 1921 deterius
4261 1867 4380 1935 quis
4408 1875 4584 1935 potest
4612 1878 4770 1933 agere
4792 1903 4806 1924 ,
4852 1875 5012 1929 quam
5040 1858 5082 1913 si
5110 1852 5382 1910 luxuriosis

3832 1958 4094 2026 episcopis
4130 1966 4347 2024 parcat,
4388 1972 4508 2009 cum
4554 1953 4842 2009 emendare
4884 1946 5208 2011 orzevaleat?
5252 1942 5387 1997 Pra-

3833 2050 4017 2102 sertim
4050 2063 4169 2099 cum
4195 2046 4420 2116 praefato
4448 2044 4563 2099 Heli
4597 2042 4853 2096 Dominus
4895 2039 5071 2094 dicat:
5126 2053 5144 2087 ι
5171 2031 5385 2088 Praedixi

3832 2140 3903 2201 ei,
3942 2138 4083 2208 quod
4110 2136 4452 2204 judicaturus
4494 2148 4669 2187 essem
4719 2133 4933 2186 domum
4983 2125 5095 2195 ejus
5142 2125 5194 2180 in
5238 2131 5386 2179 ster-

3835 2244 3982 2289 num,
4014 2236 4234 2296 propter
4263 2226 4598 2295 iniquitatem
4624 2264 4637 2286 ,
4670 2237 4735 2278 eo
4763 2221 4902 2290 quod
4936 2227 5155 2273 noverat
5183 2214 5388 2284 indigne

3834 2336 3994 2392 agere
4024 2322 4161 2376 ﬁlios
4207 2336 4353 2385 suos,
4408 2329 4461 2374 et
4506 2335 4613 2373 non
4662 2314 4981 2383 corripuerit
5023 2325 5153 2374 eos;
5198 2307 5390 2363 idcirco

3830 2413 4003 2483 juravi
4050 2411 4231 2465 domui
4288 2409 4443 2473 lleli,
4499 2407 4641 2478 quod
4698 2420 4801 2459 non
4854 2402 5097 2472 expietur
5147 2396 5389 2467 iniquitas

3836 2506 4022 2558 domus
4058 2502 4175 2569 ejus
4223 2502 4455 2556 victimis
4503 2510 4557 2554 et
4609 2497 4938 2557 muneribus,
4968 2506 5135 2562 usque
5162 2491 5215 2545 in
5244 2497 5390 2543 atter-

3837 2613 3961 2651 num
4014 2595 4063 2666 (1
4091 2594 4213 2664 Reg.
4244 2594 4323 2660 In)
4361 2613 4379 2643 ι
4436 2592 4493 2647 Si
4542 2605 4670 2661 ergo
4717 2586 4948 2643 victimis
4995 2594 5049 2639 et
5089 2578 5387 2637 muneribus

3837 2690 4013 2743 omnia
4051 2688 4274 2742 crimina
4322 2686 4629 2746 diluuntur,
4659 2682 4769 2737 sola
4799 2690 4975 2735 autem
5018 2677 5148 2731 falsa
5189 2676 5242 2730 in
5284 2673 5391 2742 epi-

3838 2779 4011 2845 scopis
4036 2778 4207 2845 pietas
4231 2775 4441 2828 veniam
4472 2789 4577 2827 non
4611 2780 4867 2834 meretur,
4895 2768 5073 2823 videat
5098 2765 5187 2835 qui
5207 2778 5388 2821 eorum

3835 2868 4129 2935 dijudieare
4166 2864 4303 2918 mala
4348 2863 4674 2928 dissimulat,
4724 2876 4883 2929 quam
4929 2859 5075 2913 dum
5118 2854 5392 2913 sententia

3836 2959 3973 3026 apud
4002 2956 4303 3009 districtum
4339 2952 4573 3022 iudicem
4623 2966 4681 3006 se
4720 2950 5009 3005 obnoxium
5058 2946 5261 3001 reddat.
5290 2942 5391 2998 Sed

3837 3046 4090 3116 quoniam
4130 3060 4230 3115 ego
4263 3060 4530 3098 summum
4564 3042 4817 3097 Ecclesia
4851 3038 5166 3093 universalis
5192 3035 5391 3091 antisti-

3842 3146 3944 3189 tem
3974 3136 4056 3189 vel
4086 3134 4275 3188 leviter
4298 3133 4582 3203 suggillare
4634 3146 4738 3186 non
4791 3128 4961 3184 audeo
4988 3167 5002 3193 ,
5047 3127 5215 3196 ipsum
5243 3165 5259 3191 ,
5304 3122 5392 3193 qui

3840 3234 4043 3294 peccat,
4070 3222 4306 3277 breviter
4333 3222 4595 3291 alloquar.

4448 3328 4674 3385 CAPUT
4725 3328 4808 3382 111.

4070 3421 4262 3477 Contra
4302 3421 4619 3474 sacerdotem
4659 3418 4881 3471 luxuria
4928 3414 5175 3469 deditum.

3912 3512 4039 3575 Cur,
4073 3528 4105 3567 ο
4151 3512 4423 3572 sacerdos,
4460 3510 4550 3579 qui
4595 3522 4807 3563 sacrum
4847 3508 5005 3568 dare,
5052 3504 5149 3558 hoc
5188 3509 5273 3556 est
5315 3514 5399 3554 sa-

3847 3604 4108 3657 criﬁcium
4140 3602 4248 3656 Deo
4274 3601 4435 3656 debes
4464 3599 4551 3652 (νῆ’.
4574 3613 4681 3662 rre,
4722 3596 5057 3664 temetipsum
5098 3591 5246 3662 prius
5288 3604 5398 3645 ma-

3846 3696 3988 3765 ligno
4017 3692 4226 3762 spiritui
4268 3707 4372 3745 non
4405 3691 4602 3745 veteris
4631 3689 4906 3743 victimam
4949 3682 5254 3739 immolare?
5282 3680 5405 3736 For-

3846 3787 4036 3841 nicans
4085 3785 4227 3843 enim
4285 3800 4313 3837 a
4365 3781 4562 3838 Christi
4616 3790 4667 3835 te
4725 3778 4978 3835 membris
5022 3775 5312 3839 abscindis,
5353 3781 5435 3828 et:

3846 3876 4150 3932 meretricis
4177 3889 4371 3943 corpus
4417 3872 4682 3934 ellieeris,
4724 3870 4977 3939 Apostolo
5024 3875 5269 3927 testante,
5317 3863 5403 3933 qui

3851 3969 3974 4022 ait:
4029 3985 4047 4017 ι
4088 3965 4186 4031 Qui
4230 3965 4467 4017 adhaeret
4512 3960 4675 4032 380
4728 3957 5035 4018 meretrici.
5084 3970 5245 4009 unum
5296 3969 5405 4009 cor-

3850 4074 3950 4128 pus
3975 4056 4201 4109 eﬁicitur
4228 4054 4276 4126 (l
4306 4053 4427 4108 Cor.
4464 4054 4558 4123 Vl).
4591 4073 4609 4104 ι
4654 4051 4711 4105 Et
4748 4052 4935 4104 iterum
4967 4066 4979 4101 :
5017 4064 5034 4097 ι
5061 4044 5287 4108 Tollam,
5336 4045 5407 4097 itt-

3853 4151 4004 4217 quit,
4054 4146 4292 4201 membra
4337 4144 4538 4200 Clariin
4568 4183 4583 4207 ,
4627 4150 4680 4195 et
4719 4139 4909 4195 faciam
4950 4136 5184 4192 membra
5232 4148 5407 4188 mere-

3855 4241 4003 4293 tricis
4055 4236 4258 4305 (lbid.).
4308 4254 4326 4287 ι
4391 4233 4562 4288 Absit.
4628 4231 4765 4298 Quid
4816 4243 4944 4299 ergo
4992 4226 5086 4281 tibi
5127 4239 5249 4279 eum
5287 4238 5405 4278 cor-

3852 4350 3982 4403 pore
4010 4332 4231 4396 Christi,
4278 4329 4369 4402 qui
4418 4343 4512 4399 per
4555 4325 4731 4380 carnis
4783 4322 5105 4377 illecebrosas
5147 4316 5407 4371 luxuriam

3855 4426 4154 4482 membrum
4194 4423 4369 4479 factus
4414 4438 4470 4475 es
4510 4415 4865 4474 Antichristi?
4916 4433 4935 4465 ι
4959 4411 5086 4479 Quae
5112 4410 5252 4464 enim
5286 4422 5410 4462 con-

3856 4518 4035 4571 ventio
4077 4515 4210 4569 lucis
4243 4516 4308 4568 ad
4354 4510 4617 4569 tenebras,
4667 4516 4759 4560 aut
4787 4520 4905 4575 qua:
4943 4502 5171 4556 societas
5215 4495 5313 4550 Dei
5348 4494 5411 4548 ad

2197 4606 2428 4676 abjicitis
2453 4606 2721 4661 victimam
2753 4622 2943 4674 meam,
2972 4616 3026 4661 et
3050 4623 3267 4660 munera
3300 4622 3413 4660 mea
3446 4623 3562 4675 qua:
3611 4624 3742 4674 prae-
3778 4610 3829 4671 ι)
3858 4608 4055 4661 Belial?
4092 4625 4109 4657 ι
4147 4604 4230 4666 (II
4259 4602 4382 4659 Cor.
4412 4602 4510 4669 vt.)
4552 4596 4801 4665 Nunquid
4844 4596 5070 4664 ignoras,
5100 4589 5191 4642 Dei
5218 4587 5412 4643 Filium

2199 4698 2316 4768 cepi
2368 4706 2425 4753 ut
2452 4696 2772 4753 oﬂ'errculur
2817 4700 2868 4753 in
2897 4701 3093 4763 templo
3119 4741 3132 4761 ,
3186 4709 3242 4752 et
3281 4700 3447 4767 magis
3479 4700 3755 4753 honorasti

2202 4788 2342 4845 filios
2366 4799 2485 4845 tuos
2513 4806 2672 4859 quam
2703 4790 2829 4844 me?
2868 4811 2885 4842 ι
2917 4790 2967 4858 (1
2993 4790 3114 4859 Reg.
3148 4791 3229 4860 ιι.)
3258 4789 3311 4843 Si
3338 4806 3463 4859 ergo
3491 4790 3605 4844 lleli
3633 4807 3758 4859 pro-

2200 4888 2324 4951 pter
2350 4880 2485 4936 duos
2532 4881 2789 4935 duntaxat
2826 4880 2981 4943 ﬁlios,
3026 4898 3161 4950 quos
3211 4895 3314 4933 non
3359 4894 3421 4933 ea
3459 4892 3560 4949 qua
3614 4881 3757 4949 digni

2202 4979 2359 5026 erant
2408 4971 2708 5025 invectione
2744 4972 2985 5039 corripit,
3019 4988 3138 5025 cum
3188 4972 3266 5026 eis
3312 4970 3491 5034 simul,
3536 4979 3589 5022 et
3638 4985 3757 5024 cum

2206 5070 2287 5119 tct
2326 5062 2599 5117 hominum
2663 5062 2997 5117 multitudine
3052 5064 3247 5131 periit;
3289 5077 3391 5131 qua
3436 5063 3759 5116 arbitramur

2206 5150 2396 5220 dignos
2420 5165 2538 5205 esse
2568 5152 2850 5211 sententia,
2892 5153 2977 5220 qui
3036 5152 3087 5206 in
3128 5152 3245 5205 aula
3283 5152 3673 5211 ecclesiastica,
3707 5160 3763 5204 et

2208 5237 2730 5307 soliisjudicantium
2760 5241 3066 5307 prtesident,
3116 5250 3167 5295 et
3210 5258 3369 5310 super
3419 5257 3522 5295 non
3565 5238 3763 5309 ignotis

2206 5348 2492 5404 pravorqu
2545 5332 2822 5386 hominum
2864 5333 3172 5387 criminibus
3213 5335 3429 5388 tacent?
3480 5333 3581 5400 Qui
3636 5334 3763 5386 dum

2210 5425 2564 5479 dehonestare
2596 5422 2839 5477 homines
2867 5423 2916 5476 in
2949 5422 3156 5492 publico
3186 5432 3447 5487 metuunt,
3475 5425 3539 5477 ad
3574 5431 3765 5477 contu-

2210 5514 2427 5568 meliam
2465 5513 2677 5582 superni
2704 5511 2899 5580 judicis
2943 5512 3132 5567 divinae
3180 5513 3309 5580 legis
3353 5514 3602 5567 mandata
3638 5529 3768 5567 con-

2212 5604 2479 5658 fundunt:
2517 5613 2573 5657 et
2614 5603 2736 5658 dum
2764 5604 2985 5673 perditis
3033 5604 3337 5657 hominibus
3364 5604 3637 5658 amittendi
3669 5606 3767 5656 ho-

2214 5694 2364 5749 noris
2407 5690 2637 5747 oﬂicittm
2687 5702 2920 5758 servant,
2973 5694 3141 5763 ipsum
3195 5695 3572 5749 ecclesiastica:
3599 5694 3772 5764 digni-

2221 5784 2345 5839 tatis
2372 5793 2644 5839 auctorem
2671 5783 2958 5839 erudeliter
2987 5785 3323 5839 inhonorant.
3354 5785 3499 5840 Unde
3525 5797 3579 5839 et
3598 5785 3774 5839 eidem

2221 5873 2358 5942 lleli,
2390 5874 2482 5946 qui
2511 5872 2695 5941 Deum,
2728 5891 2853 5931 suos
2886 5876 3018 5933 ﬁlios
3064 5877 3375 5932 honorando
3395 5917 3409 5945 ,
3440 5886 3775 5949 contempse-

3855 4699 3987 4751 adeo
4014 4695 4192 4749 carnis
4221 4691 4447 4761 elegisse
4477 4688 4813 4750 munditiam,
4844 4694 4897 4737 ut
4922 4696 4989 4737 ne
5016 4680 5231 4748 quidem
5262 4676 5415 4747 pndi-

3858 4787 3983 4840 citia
4014 4781 4296 4850 conjugali,
4324 4781 4416 4835 sed
4442 4780 4506 4834 de
4540 4777 4777 4832 clausula
4806 4775 4981 4846 potius
5009 4774 5320 4825 incarnatus
5348 4768 5416 4821 sit

3858 4874 4146 4943 virginali?
4178 4873 4242 4927 Et
4273 4887 4339 4926 ne
4372 4872 4471 4925 hoc
4503 4867 4747 4924 sufﬁcere
4782 4866 5040 4927 videatur,
5083 4872 5139 4915 ut
5183 4869 5419 4914 tantum-

3862 4968 4021 5021 modo
4052 4967 4197 5033 virgo
4244 4964 4311 5018 sit
4353 4972 4526 5016 mater
4548 5001 4564 5027 ,
4608 4958 4859 5013 Ecclesia:
4888 4956 5017 5010 fides
5039 4963 5121 5007 est
5143 4993 5157 5014 ,
5186 4962 5243 5003 ut
5272 4950 5419 5018 virgo

3867 5059 4025 5114 fuerit
4054 5068 4105 5111 et
4138 5058 4180 5111 is
4209 5057 4299 5127 qui
4355 5055 4637 5110 simulatus
4675 5062 4759 5105 est
4799 5059 4967 5120 pater.
5014 5046 5069 5099 Si
5113 5043 5274 5114 igitur
5314 5042 5418 5094 lte-

3868 5144 4114 5216 demptor
4155 5156 4339 5201 noster
4361 5154 4638 5212 tantopere
4663 5140 4847 5193 dilexit
4891 5134 5059 5191 ﬁoridi
5084 5131 5304 5203 pudoris
5344 5130 5422 5184 iu.

3870 5238 4191 5307 tegritatem,
4219 5245 4278 5289 ut
4305 5250 4409 5288 non
4449 5231 4606 5286 modo
4629 5230 4695 5284 de
4725 5228 4961 5299 virgineo
5000 5233 5151 5277 utero
5177 5232 5421 5275 nascere-

3874 5341 3978 5395 tur,
4012 5332 4102 5385 sed
4131 5330 4292 5385 etiam
4319 5346 4347 5382 a
4383 5327 4615 5381 nutricio
4643 5324 4850 5393 virgine
4879 5326 5216 5380 tractaretur,
5241 5322 5298 5368 et
5326 5313 5421 5366 hoc

3873 5440 3992 5479 cum
4049 5424 4223 5478 adhuc
4272 5421 4523 5491 parvulus
4577 5419 4781 5487 vagiret
4828 5416 4877 5469 iu
4925 5412 5110 5473 cunis,
5157 5422 5188 5461 a
5233 5405 5425 5475 quibus

3875 5527 4033 5576 nunc,
4065 5511 4311 5573 obsecro,
4347 5507 4566 5567 tractari
4593 5506 4703 5560 vult
4728 5517 4924 5574 corpus
4946 5514 5124 5563 suum,
5152 5511 5272 5552 cum
5316 5508 5423 5562 ram

3872 5603 4165 5657 immensus
4191 5609 4378 5668 regnat
4408 5598 4461 5652 in
4482 5595 4675 5652 caelis?
4720 5594 4776 5648 Si
4804 5590 5012 5646 mundis
5042 5586 5226 5658 attingi
5255 5584 5425 5637 mauir

3875 5694 3975 5748 bus
4003 5692 4217 5747 volebat
4259 5691 4312 5744 in
4344 5688 4602 5760 praesepio
4640 5686 4844 5757 positus
4869 5724 4883 5750 ,
4916 5690 5168 5753 quantam
5214 5673 5423 5745 corpori

3881 5799 3976 5839 suo
4013 5797 4156 5837 nunc
4205 5782 4320 5835 vult
4354 5782 4541 5835 adesse
4588 5776 4903 5831 munditiam
4945 5772 5053 5842 jam
5102 5772 5153 5824 in
5198 5777 5425 5839 paterna:

3888 5874 4186 5946 maiestatis
4215 5872 4386 5945 gloria
4429 5868 4780 5929 sublimatus?
4823 5865 4983 5927 Plane
5006 5865 5050 5921 si
5076 5866 5226 5935 pater
5268 5859 5423 5913 ﬁliam
