5514 6568
517 387 626 443 585

1449 378 1689 437 OPUSC.
1731 377 1894 434 XVII.
1929 409 1997 420 —
2028 378 2117 433 DE
2161 376 2531 434 CAELIBATU
2584 375 2876 433 SACERD.

3088 342 3097 378 ‘
3693 378 3802 431 ass

524 519 682 562 suam
711 502 1019 557 incestuose
1045 495 1360 566 corrumpit,
1413 509 1532 547 nios
1583 493 1649 547 ab
1694 492 1931 546 Ecclesia
1986 508 2106 560 pro—
2135 496 2184 552 Α
2214 488 2529 543 incurristi?
2562 487 2813 542 Nicotaus
2842 488 3061 558 quippe,
3089 502 3228 542 unus
3250 503 3316 543 et
3341 487 3425 542 bis
3452 502 3588 557 quos
3610 486 3804 544 Petrus

521 595 701 664 jectus
742 590 1084 652 excluditur,
1137 587 1514 648 communione
1562 586 1828 653 privatur,
1858 593 1913 636 et
1945 583 2026 635 vel
2060 583 2111 635 in

529 696 805 739 carcerem
828 680 1084 742 truditur,
1102 678 1185 731 Vel
1214 678 1266 731 in
1289 675 1535 728 exsilium
1557 674 1875 726 destinatur.
1903 672 2113 736 Quanto

531 787 663 840 ergo
687 770 929 825 deterius
961 771 1073 837 ipse
1105 765 1434 835 abjiciendus
1479 778 1559 825 es,
1596 763 1685 830 qui
1718 778 1837 814 cum
1878 761 1982 813 filia
2021 768 2110 813 tua

528 876 641 917 non
672 859 888 929 quidem
918 856 1141 919 carnali,
1173 854 1312 923 quod
1345 854 1519 906 minus
1548 860 1647 913 est,
1675 851 1767 905 sed
1798 866 1919 903 cum
1955 849 2115 919 spiri-

532 950 663 1005 tuali
695 949 870 1021 potius
901 948 1076 1018 perire
1120 960 1221 998 non
1267 942 1500 997 metuis?
1548 942 1749 995 Omnes
1776 941 1972 1009 quippe
2016 938 2113 993 Ec-

529 1040 716 1095 clesia:
749 1050 850 1093 tuae
892 1037 1004 1099 filii,
1033 1037 1108 1089 tui
1146 1033 1332 1104 procul
1366 1033 1529 1087 dubio
1565 1030 1657 1085 lilii
1694 1040 1837 1084 su.t.
1875 1031 1939 1083 Et
1964 1038 2112 1084 certe

526 1132 872 1202 perspicuum
929 1137 1011 1183 est
1068 1128 1191 1196 quia
1252 1124 1551 1195 spiritualis
1603 1122 1880 1191 generatio
1942 1120 2114 1188 major

527 1233 619 1277 est
648 1237 806 1292 quam
836 1218 1083 1275 carnalis.
1119 1217 1285 1269 Porro
1329 1230 1451 1268 cum
1495 1224 1547 1265 ιιι
1580 1214 1653 1267 sis
1703 1214 1783 1264 vir
1807 1223 1857 1265 ct
1884 1226 2111 1280 sponsus

526 1312 784 1367 Ecclesraa
830 1320 966 1374 tum,
1013 1309 1154 1377 quod
1204 1307 1387 1374 utique
1440 1304 1725 1372 perhibent
1774 1311 1827 1355 et
1882 1300 2111 1353 annulus

525 1401 994 1473 desponsationis,
1051 1408 1107 1455 et
1151 1399 1297 1468 virga
1330 1396 1763 1459 commissionis;
1803 1409 1990 1447 omnes
2019 1392 2107 1459 qui

526 1493 587 1546 in
618 1507 680 1546 ea
710 1490 1009 1562 regenerati
1038 1498 1161 1543 sunt
1191 1504 1286 1557 per
1309 1486 1645 1556 baptismatis
1685 1492 2107 1545 sacramentum,

527 1584 629 1639 tibi
672 1598 885 1654 quoque
933 1581 1279 1636 nihilominus
1310 1578 1679 1646 astringuntur
1713 1574 2109 1629 necessitudine

526 1673 789 1727 filiorum.
818 1672 917 1739 Qui
945 1686 1075 1740 ergo
1119 1685 1239 1724 cum
1271 1667 1533 1736 spirituali
1581 1666 1684 1718 lilia
1720 1673 1807 1718 tua
1840 1664 2110 1720 commitis

526 1762 825 1825 incestum,
857 1777 961 1830 qua
988 1758 1319 1813 conscientia
1366 1756 1625 1810 Dominici
1667 1755 1910 1823 corporis
1942 1754 2107 1807 audes

526 1861 769 1909 tractare
827 1850 1183 1922 mysterium?
1238 1848 1341 1903 Sed
1394 1847 1637 1902 fortassis
1686 1847 1928 1916 ohjicias,
1983 1846 2109 1914 quia
2143 1859 2185 1916 Β

525 1945 689 2017 longe
734 1954 1021 2013 antequam
1081 1952 1132 1997 tu
1176 1941 1384 1996 culmen
1434 1940 1512 1994 sis
1562 1940 1784 2007 adeptus
1827 1936 2065 2005 episcopi
2092 1975 2106 1997 ,

527 2038 618 2093 illa
647 2038 719 2091 sit
748 2044 890 2101 nata,
943 2036 1024 2090 vel
1054 2050 1156 2088 non
1194 2035 1244 2087 in
1293 2032 1585 2102 episcopio,
1618 2030 1711 2084 sed
1744 2030 2013 2096 in'aliqua
2041 2028 2111 2081 sit

528 2129 770 2199 plebium
826 2128 1127 2198 baptizata;
1206 2133 1460 2192 tanquam
1522 2130 1574 2175 ιιι
1633 2137 1817 2174 eorum
1878 2128 2111 2173 tantum-

524 2218 722 2282 modo,
777 2217 867 2287 qui
917 2215 1174 2269 nascituri
1238 2224 1421 2274 erant,
1479 2212 1650 2265 factus
1704 2213 1777 2265 sis
1829 2221 2003 2279 pater,
2055 2219 2110 2261 et

526 2307 709 2361 omnis
732 2305 986 2376 parocbia
1022 2312 1109 2356 tua
1142 2317 1247 2356 non
1279 2303 1348 2355 sit
1393 2300 1628 2356 Ecclesia
1677 2308 1786 2352 tua.
1823 2299 2109 2352 Enimvero

522 2413 648 2453 cum
699 2396 956 2450 Dominus
1005 2396 1188 2450 dicat:
1256 2414 1273 2444 ι
1306 2392 1478 2446 Nolite
1524 2400 1767 2445 sanctum
1800 2391 1927 2442 d-re
1958 2391 2109 2442 caui-

522 2488 622 2541 bus
654 2484 871 2557 (Matth.
897 2484 1051 2555 vlt),i
1086 2484 1225 2552 quod
1250 2484 1313 2536 de
1338 2492 1387 2535 te
1419 2483 1679 2551 ju.2ieium
1711 2482 1836 2542 erit,
1861 2480 1951 2547 qui
1984 2494 2104 2532 cor-

522 2592 621 2645 pus
648 2584 825 2638 tuum,
854 2577 993 2643 quod
1023 2575 1208 2643 utique
1263 2573 1658 2628 sanctiﬁcatum
1687 2582 1767 2623 est
1798 2586 1891 2639 per
1916 2585 2108 2624 conse-

526 2668 792 2725 orationis
823 2682 1125 2731 accessum,
1177 2682 1280 2721 non
1321 2666 1565 2724 Canibus.
1617 2665 1709 2717 sed
1762 2664 2107 2733 lupanaribus

524 2758 831 2813 tradis?Et
877 2772 1001 2812 cum
1049 2772 1238 2811 omnes
1282 2756 1678 2811 ecclesiasticos
1724 2755 1942 2809 ordines
1974 2756 2024 2807 in
2059 2765 2109 2809 te

524 2865 627 2903 uno
647 2847 855 2902 habeas
882 2847 1165 2900 metuenda
1194 2846 1331 2900 mole
1358 2854 1666 2913 congestos,
1699 2859 1892 2898 omnes
1922 2844 2107 2913 procul

527 2940 693 2995 dubio
743 2938 936 3002 fmdas,
964 2938 1089 2992 dum
1135 2946 1186 2991 te
1239 2936 1518 3006 prostibuli
1581 2935 1926 3005 permistione
1955 2950 2103 2989 com-

525 3030 789 3086 maculas.
820 3029 1020 3085 Polluis
1050 3030 1231 3098 itaque
1260 3029 1311 3082 in
1361 3038 1412 3082 te
1441 3028 1720 3082 ostiarium
1747 3068 1761 3091 ,
1817 3027 2105 3091 lectorem,

522 3122 890 3183 cxorcistam,
960 3134 1255 3187 omnesque
1315 3120 1567 3187 deinceps
1616 3133 1801 3172 sacros
1853 3116 2104 3181 ordines,

528 3228 617 3282 pro
645 3212 843 3282 quibus
888 3211 1138 3265 omnibus
1171 3212 1222 3263 in
1255 3208 1501 3263 districto
1536 3209 1629 3262 Dei
1668 3207 1872 3275 judicio
1924 3208 2105 3262 reddi-
2137 3205 2182 3265 C

528 3312 677 3358 turus
735 3318 797 3357 es
842 3302 1125 3355 rationem.
1172 3301 1251 3354 Ad
1309 3301 1707 3370 impositionem
1760 3316 1952 3353 manus
2004 3308 2107 3351 tua:

527 3392 805 3447 descendit
835 3389 1069 3461 Spiritus
1099 3399 1318 3443 sanctus
1341 3430 1355 3455 ,
1384 3400 1437 3444 et
1468 3399 1521 3443 ιιι
1551 3405 1668 3444 eam
1700 3391 1924 3443 adhibes
1953 3389 2106 3459 geni-

533 3482 726 3536 talibus
775 3481 1143 3536 meretricum.
1176 3480 1396 3550 Lingua:
1443 3490 1545 3534 ture
1582 3480 1900 3550 obsequitur
1944 3482 2103 3543 Deus,

530 3583 578 3627 ot
622 3584 673 3629 ιιι
727 3589 835 3627 ιιοιι
890 3573 1094 3628 vereris
1125 3573 1499 3643 obtemperare
1542 3574 1908 3628 daunonibus?
1941 3574 2110 3628 Porro

529 3668 614 3736 qui
656 3667 707 3721 iu
751 3667 1117 3721 eecle:iastica
1172 3667 1412 3721 cerneris
1462 3666 1722 3735 dignitate
1763 3667 2109 3736 conspicuus,

531 3774 630 3813 non
660 3770 710 3813 te
737 3759 1018 3814 erubescis
1048 3759 1365 3827 immergere
1393 3757 1687 3811 fornicibus
1718 3758 2113 3812 scortatorum?

536 3847 599 3901 Et
624 3849 713 3917 qui
745 3849 1072 3917 praedicator
1100 3849 1427 3902 constitutus
1475 3864 1534 3903 es
1583 3848 1870 3911 castitatis,
1919 3864 2024 3903 non
2059 3858 2111 3904 te

536 3936 695 4007 pudet
725 3952 942 3992 servum
974 3952 1093 3992 esse
1132 3937 1403 3993 libidinis?
1453 3939 1663 4003 Veniet,
1713 3940 1889 3994 veniet
1934 3938 2115 4009 profe-

530 4038 616 4083 cto
661 4030 811 4092 dies,
859 4029 968 4081 imo
1020 4044 1162 4093 nox,
1214 4029 1427 4098 quando
1479 4029 1644 4084 libido
1696 4030 1797 4084 ista
1847 4039 1936 4084 tua
1987 4046 2112 4086 vc":-

538 4126 678 4172 tatur
728 4117 785 4172 in
832 4118 1003 4187 picem
1033 4158 1048 4181 ,
1097 4132 1199 4187 qua
1249 4133 1307 4171 se
1354 4126 1652 4187 perpetuus
1705 4118 1844 4188 ignis
1898 4119 1951 4173 in
2007 4121 2113 4174 tuis

532 4206 683 4278 381
709 4208 1009 4262 visceribus
1033 4206 1540 4277 inexstinguibiliter
1562 4207 1797 4274 nutriat,
1837 4218 1890 4261 et
1911 4207 2117 4262 medul-

534 4296 607 4351 las
636 4306 775 4363 tuas,
806 4297 966 4352 simul
993 4308 1048 4352 et
1072 4312 1194 4351 ossa
1229 4296 1547 4352 indefeetiva
1576 4297 2000 4368 conﬂagratione
2023 4299 2118 4353 de-

535 4392 739 4457 pascat!
769 4388 869 4457 Qui
890 4383 1265 4443 enim'llainma
1281 4389 1517 4444 libidinis
1541 4401 1763 4455 azstuas,
1786 4405 1888 4459 qua
1914 4389 2114 4453 fronte;

535 4494 634 4549 qua
656 4482 881 4535 audacia
909 4481 1082 4535 sacris
1111 4481 1374 4535 altaribus
1401 4480 1836 4551 appropinquas?
1870 4480 2111 4550 Ignoras,

536 4572 652 4639 quia
710 4572 802 4626 lilii
848 4572 1050 4636 Aaron,
1088 4572 1273 4628 Nadab
1329 4572 1583 4627 videlicet
1623 4581 1676 4629 et
1704 4572 1863 4637 Abiit,
1912 4575 2114 4629 idcirco

538 4663 737 4718 cmlesti
759 4672 887 4718 sunt
909 4664 1030 4733 igne
1051 4664 1376 4734 consumpti,
1394 4664 1648 4734 quoniam
1669 4665 1906 4719 alienum
1934 4664 2113 4736 ignem

538 4752 722 4809 olferre
741 4756 966 4810 Domino
989 4757 1484 4826 pmsumpserunt?
1508 4756 1689 4828 (Lavit.
1722 4772 1784 4822 x;
1812 4756 1978 4811 Num.
2004 4757 2112 4829 tu.)

539 4842 734 4900 Altaria
762 4846 960 4915 quippe
989 4845 1200 4900 Domini
1231 4862 1337 4900 non
1358 4846 1625 4910 alienum,
1656 4847 1747 4902 sed
1779 4848 1954 4917 ignem
1978 4848 2114 4902 dun-

543 4946 684 4993 taxat
720 4938 888 4992 diviui
924 4937 1127 4994 amoris
1179 4939 1470 5009 accipiunt.
1501 4938 1757 5008 Quisquis
1792 4939 1956 5010 igitur
1995 4955 2117 4995 car-

542 5026 672 5082 nalis
715 5028 979 5084 illccebm
1026 5028 1240 5100 ignibus
1283 5039 1496 5096 aestuat,
1544 5039 1597 5085 et
1648 5030 1820 5086 sacris
1861 5031 2116 5087 assistere

543 5118 807 5187 mysteriis
858 5134 961 5173 non
1010 5118 1286 5185 formidat,
1337 5119 1431 5175 illo
1470 5119 1657 5190 procul
1706 5120 1870 5175 dubio
1919 5120 2116 5176 divina:

544 5204 754 5262 ultionis
785 5208 996 5262 interim
1026 5208 1147 5278 igne
1186 5210 1545 5274 Consumitur,
1575 5208 1642 5263 de
1678 5223 1784 5277 quo
1833 5208 2115 5278 Scriptura

545 5295 796 5350 testa'htr:
825 5314 844 5346 ι
869 5296 933 5351 Et
958 5311 1102 5352 nunc
1129 5296 1268 5367 ignis
1284 5298 1627 5353 adversarios
1647 5297 2116 5369 consuniitwebr.

546 5390 617 5453 ι).
646 5404 664 5437 ι
696 5385 770 5441 Ει
799 5387 938 5442 sicut
971 5405 1113 5443 nunc
1139 5390 1422 5445 aestuantis
1448 5390 1675 5445 luxuria:
1711 5390 1931 5445 ﬂamma
1961 5392 2120 5446 deco-

549 5476 744 5543 quitur,
783 5478 859 5532 ita
903 5480 1245 5547 postmodum
1296 5497 1570 5551 nunquam
1623 5480 1873 5537 ﬁniendis
1919 5483 2123 5539 atrocis

546 5566 795 5634 gehennae
842 5570 1127 5633 incendiis.
1168 5587 1391 5628 necesse
1432 5585 1517 5653 est
1562 5575 1933 5629 comburatur.
1979 5573 2123 5629 Prae-

548 5665 683 5713 terea
714 5676 821 5716 non
866 5664 1201 5733 expavescis,
1234 5680 1267 5720 0
1297 5665 1478 5720 infelix
1505 5666 1776 5736 episcope,
1823 5668 1950 5737 quia
1994 5667 2121 5721 dum

550 5744 597 5799 in
624 5752 845 5807 .uxuria:
874 5755 1181 5827 voraginem
1204 5756 1433 5824 corruis,
1462 5755 1849 5814 Nicolaitarum
1872 5758 2120 5813 haeresim

2216 580 2489 649 apostolus
2515 580 2766 635 diarones
2798 588 3236 645 consecraverat,
3270 580 3669 648 dogmatizabat
3695 580 3802 653 cle-

2218 672 2361 728 ricos
2389 670 2679 739 cujuslibet
2707 671 2914 725 ordinis
2950 672 3281 739 nuptialibus
3312 669 3659 724 fuederandos
3681 684 3804 725 esse

2215 764 2498 836 conjugiis.
2530 764 2683 832 Quod
2716 780 2846 834 ergo
2894 765 2981 819 ille
3027 764 3254 819 docebat
3280 766 3485 827 verbis,
3521 765 3715 818 adhoc
3747 775 3801 817 tu

2216 853 2268 907 in
2299 853 2555 907 cathedra
2578 853 2898 922 pestilentiae
2919 854 3131 918 sedens,
3150 854 3316 908 multo
3343 854 3582 907 deterius
3606 855 3804 908 invitas

2185 943 2495 1012 exemplis.
2530 944 2603 997 De
2638 958 2746 1014 quo
2777 944 3025 997 videlicet
3051 944 3271 1007 scelere,
3303 944 3493 1013 angelo
3520 943 3805 1013 Ephesium

2217 1035 2467 1090 Ecclesiae
2489 1035 2666 1089 divina
2700 1050 2805 1089 vox
2839 1035 2947 1089 ait:
2983 1034 3189 1089 «Odisti
3223 1034 3365 1089 facta
3392 1034 3800 1094 Nicolaitarum,

2214 1142 2332 1195 quae
2359 1136 2413 1181 et
2443 1141 2543 1194 ego
2570 1127 2655 1181 odi
2687 1126 2870 1207 (Apoc.
2902 1129 2984 1196 ιι).
3011 1147 3028 1178 ι
3066 1127 3127 1179 Ει
3158 1142 3281 1179 cum
3314 1125 3604 1195 Apostolus
3628 1127 3800 1180 dicat:

2220 1236 2235 1266 ι
2266 1215 2454 1271 Omnis
2483 1217 2777 1271 fornicator
2803 1233 2909 1270 non
2943 1216 3102 1270 habet
3136 1217 3506 1271 hrcreditatem
3540 1216 3591 1268 in
3639 1230 3804 1284 regno

2214 1307 2412 1362 Christi
2456 1318 2509 1364 et
2544 1309 2631 1363 Dei
2669 1306 2883 1377 (Ep/tes.
2931 1312 3004 1373 vi,
3030 1330 3048 1361 ι
3114 1310 3203 1379 qui
3252 1311 3302 1362 in
3340 1325 3503 1379 regno
3542 1310 3657 1374 Dei,
3703 1310 3804 1362 hoc

2212 1408 2317 1463 est,
2352 1402 2404 1453 in
2438 1400 2596 1462 cmlo,
2630 1416 2732 1453 non
2763 1401 2929 1453 habes
2954 1401 3251 1467 quamlibet
3276 1400 3802 1469 haireditatem,quo

2213 1501 2370 1560 pacto
2402 1493 2453 1544 in
2486 1492 2754 1555 Ecclesia,
2786 1507 2905 1561 qua:
2938 1491 3289 1545 nihilominus
3325 1506 3546 1561 regnum
3578 1489 3669 1543 Dei
3696 1498 3802 1555 est,

2214 1580 2549 1634 ormlationis
2580 1580 2791 1634 obtines
2819 1579 3175 1647 dignitatem?

2830 1708 3058 1765 CAPUT
3100 1707 3184 1763 IV.

2218 1822 2525 1877 Exhortatio
2557 1823 2625 1875 ad
2661 1838 2923 1876 summum
2961 1821 3290 1889 pontiﬁcem,
3337 1830 3391 1873 ut
3435 1821 3487 1872 in
3536 1819 3804 1889 episcopos

2426 1896 2745 1961 {ornicurios
2782 1895 3091 1945 canonicum
3123 1903 3297 1944 exerat
3333 1895 3576 1959 vigorem.

2282 2003 2360 2057 Τιι
2390 2014 2567 2056 autem
2591 2043 2604 2066 ,
2634 2002 2850 2055 domine
2876 2003 2967 2066 mi,
2997 2001 3325 2056 venerabilis
3349 2002 3613 2071 papa,qui
3642 2000 3803 2056 Chri-

2212 2094 2279 2148 sti
2322 2097 2436 2147 vice
2489 2094 2750 2162 fuagcris,
2801 2092 2891 2161 qui
2926 2108 3138 2147 summo
3164 2093 3367 2162 pastori
3421 2094 3471 2144 in
3504 2090 3802 2160 apostolica

2212 2187 2474 2253 dignitate
2521 2187 2789 2248 succedis,
2831 2184 2937 2238 noli
2978 2193 3184 2253 pestem
3214 2186 3354 2238 hanc
3402 2198 3496 2254 per
3527 2183 3799 2254 ignaviam

2213 2278 2278 2329 ad
2310 2278 2641 2330 incrementa
2673 2276 3001 2345 perducere;
3036 2276 3140 2329 noli
3174 2275 3533 2338 connivendo,
3562 2286 3617 2329 et
3640 2274 3805 2329 dissi-

2213 2366 2465 2419 mulando
2489 2367 2754 2435 grassanti
2784 2366 2946 2435 382
2977 2366 3202 2419 luxnria:
3235 2366 3382 2419 frena
3423 2366 3623 2418 laxare.
3669 2365 3802 2419 Ser-

2212 2458 2286 2525 pit
2327 2457 2468 2509 enim
2501 2457 2601 2510 hie-
2629 2457 2850 2509 morbus
2887 2466 2941 2508 ut
2982 2470 3198 2518 cancer,
3242 2465 3295 2509 et
3345 2457 3520 2509 virosa
3565 2468 3807 2525 propago

2212 2548 2276 2601 ad
2328 2548 2536 2601 infinita
2588 2546 2902 2616 porrigitur,
2958 2548 3058 2601 nisi
3112 2548 3422 2617 evangelica
3483 2547 3620 2601 falce
3661 2549 3802 2617 quod

2211 2634 2353 2687 male
2391 2633 2617 2701 pullulat
2670 2643 2996 2701 amputetur.
3028 2634 3183 2687 Absit
3225 2634 3409 2703 igitur,
3453 2643 3510 2686 ut
3553 2649 3802 2688 sanetum

2212 2740 2309 2779 cor
2337 2735 2574 2778 vestrum
2615 2725 2796 2795 Segnis
2826 2723 2938 2778 lleli
2972 2735 3157 2792 torpor
3183 2725 3445 2788 emolliat,
3485 2726 3578 2780 sed
3622 2727 3803 2795 potius

2211 2816 2276 2869 ad
2308 2815 2529 2869 sceleris
2552 2815 2811 2868 ultionem
2837 2815 3054 2885 ingenui
3084 2814 3312 2868 Phinecs
3339 2814 3490 2871 zelus
3517 2815 3800 2872 accendat.

2212 2908 2563 2976 Deponantur
2585 2906 2640 2969 ii,
2665 2906 2754 2975 qui
2785 2906 3166 2960 ecclesiasticae
3193 2906 3456 2959 castitatis
3484 2922 3586 2960 non
3612 2920 3808 2960 Veren-

2216 3007 2301 3050 tur
2338 2996 2543 3051 ftedare
2576 2996 2892 3049 munditiam
2926 3012 2939 3049 :
2972 3004 3027 3049 et
3074 2994 3267 3063 dejecti
3302 2997 3635 3061 deterreant,
3667 3012 3805 3065 quos

2212 3085 2355 3139 male
2384 3094 2591 3140 stantes
2617 3086 2685 3137 ad
2725 3086 2897 3153 turpis
2934 3084 3160 3139 liixuriae
3190 3096 3388 3140 contua
3415 3088 3573 3141 etiam
3604 3104 3801 3157 provo-

2212 3176 2429 3229 cabaut.
2477 3173 2558 3227 Ad
2590 3174 2848 3228 ultionem
2877 3175 3041 3243 igitur
3068 3190 3127 3229 se
3164 3175 3457 3231 canonicos
3487 3178 3640 3247 vigor
3672 3192 3803 3232 exe-

2213 3274 2315 3327 rat,
2371 3275 2425 3318 et
2474 3256 2833 3333 petulantiuin
2892 3264 3213 3319 clericorum
3267 3266 3407 3320 mala
3459 3276 3801 3337 compescat;

2211 3363 2479 3424 quatenus
2524 3365 2577 3409 et
2618 3355 2939 3409 beatitudini
2973 3368 3187 3415 vestrm,
3235 3359 3375 3426 quod
3416 3358 3577 3419 absit,
3621 3374 3806 3412 laevus

2212 3457 2318 3499 non
2360 3444 2589 3514 obrepat
2636 3445 2890 3510 infamiae,
2925 3454 2975 3499 et
3005 3445 3198 3499 solitus
3249 3448 3392 3499 nitor
3421 3446 3807 3503 ecclesiastica:

2212 3536 2554 3605 resplendeat
2586 3536 2905 3606 disciplinac.
2943 3536 3134 3592 Vestra
3160 3538 3355 3607 quippe
3383 3538 3672 3592 clementia
3699 3555 3807 3594 non

2215 3627 2446 3695 ignorat,
2474 3628 2729 3698 quoniam
2762 3629 2948 3683 Achab
2982 3644 3073 3683 rex
3110 3628 3297 3691 Israel,
3330 3629 3456 3682 dum
3487 3630 3598 3699 regi
3640 3631 3808 3702 Assy-

2217 3718 2420 3789 riorum
2462 3718 2715 3773 Benadad
2762 3718 3064 3777 inordinata
3108 3719 3310 3787 pietate
3345 3720 3605 3787 pepercit,
3639 3720 3807 3775 divini

2217 3808 2501 3863 adversum
2534 3825 2591 3864 se
2620 3808 2822 3866 furoris
2851 3811 3173 3864 sententiam
3206 3812 3555 3879 provocavit;
3597 3812 3683 3866 cui
3726 3812 3810 3868 ni-

2219 3903 2416 3959 mirum
2459 3902 2543 3955 vir
2569 3902 2663 3956 Dei
2693 3901 2767 3954 ait
2800 3920 2812 3955 :
2857 3920 2876 3951 ‹
2902 3900 3022 3957 ilice
3044 3901 3173 3955 dicit
3203 3901 3459 3954 Dominus
3488 3919 3500 3953 :
3549 3900 3686 3971 Quia
3722 3902 3807 3958 di-

2218 3992 2410 4048 misisti
2443 3994 2618 4047 virum
2644 4001 2819 4047 morte
2846 3992 3067 4064 dignum
3093 3996 3156 4047 de
3190 4009 3352 4047 manu
3378 3995 3606 4058 tua,erit
3627 3996 3807 4049 anima
3862 4056 3865 4059 Α

2218 4093 2307 4139 tua
2362 4101 2460 4154 pro
2501 4086 2682 4140 anima
2730 4084 2867 4153 ejus,
2921 4094 2974 4139 et
3026 4085 3255 4156 populus
3289 4096 3410 4140 tuus
3460 4102 3559 4157 pro
3613 4088 3809 4158 populo

2216 4176 2333 4245 ejus
2363 4171 2480 4249 (111
2512 4175 2641 4247 Reg.
2664 4179 2780 4247 xx).
2814 4197 2831 4228 ι
2887 4177 2984 4233 llic
3032 4179 3146 4249 ipse
3176 4189 3394 4249 quoque
3428 4180 3514 4233 vir
3549 4180 3643 4234 Dei
3685 4196 3809 4235 cum

2218 4270 2424 4324 diceret
2446 4268 2592 4325 socio
2617 4284 2715 4324 suo
2742 4286 2754 4322 :
2784 4288 2802 4320 ι
2830 4268 2885 4323 lu
2905 4285 3156 4325 sermone
3173 4271 3383 4326 Domini
3400 4282 3622 4342 percute
3650 4288 3800 4339 me;i

2220 4359 2688 4429 noluissetqueille
2706 4362 3139 4431 percutere,,ait:
3162 4381 3179 4413 ι
3205 4360 3341 4428 Quia
3374 4363 3587 4418 noluisti
3621 4362 3811 4418 audire

2218 4466 2408 4507 vocem
2454 4449 2687 4516 Domini,
2727 4466 2856 4506 ecce
2908 4453 3129 4507 recedes
3158 4468 3187 4508 a
3222 4469 3328 4517 me,
3376 4463 3431 4509 et
3465 4454 3731 4523 percutiet
3761 4463 3813 4510 te

2146 4558 2192 4617 ι)
2220 4542 2304 4597 leo
2342 4541 2550 4613 (llud).
2584 4562 2602 4594 ι
2644 4542 2890 4612 Cumque
2932 4544 3207 4614 paululum
3258 4547 3572 4602 recessisset
3612 4547 3681 4603 ab
3720 4562 3808 4612 eo,

2219 4640 2279 4689 ut
2310 4633 2591 4703 Scriptura
2618 4643 2865 4710 testatur,
2900 4636 3102 4702 invenit
3124 4652 3245 4691 cum
3280 4638 3379 4703 leo,
3409 4648 3570 4710 atque
3592 4656 3813 4709 percus-

2217 4724 2319 4778 sit.‘
2341 4722 2545 4790 Quibus
2586 4708 2772 4794 utique
2824 4725 2964 4780 sacri
3010 4725 3209 4795 eloquii
3242 4728 3445 4793 verbis,
3484 4708 3625 4797 quid
3662 4730 3809 4785 aliud

2218 4814 2480 4880 lnnuitur,
2509 4829 2670 4884 quam
2696 4815 2821 4884 quia
2849 4816 3203 4886 incomposita
3236 4818 3409 4887 pietas
3434 4818 3623 4888 procul
3648 4819 3813 4875 dubio

2217 4919 2460 4965 meretur
2486 4909 2620 4964 iram
2662 4909 2778 4976 Dei,
2816 4909 2941 4964 dum
2988 4926 3095 4965 non
3134 4911 3439 4982 promulgat
3476 4912 3528 4966 in
3562 4927 3683 4967 reos
3712 4916 3813 4969 sub

2218 5000 2446 5055 districti
2489 4998 2628 5068 juris
2658 5001 2914 5069 aequitate
2959 5002 3281 5055 censuram?
3312 5000 3610 5071 Meritoque
3652 5002 3810 5059 debet

2219 5092 2437 5162 superni
2490 5091 2693 5162 judicis
2744 5092 2928 5146 subire
2981 5092 3273 5145 vindictam
3319 5093 3411 5161 qui
3466 5092 3702 5165 neglexit
3758 5095 3809 5149 in

2217 5183 2463 5240 subditos
2510 5196 2736 5237 exerere
2791 5181 3135 5251 disciplinam
3182 5199 3196 5235 :
3246 5181 3431 5253 illique
3482 5182 3663 5249 leoni,
3717 5181 3809 5253 qui

2222 5275 2417 5331 circuit
2485 5287 2739 5344 quaerens
2805 5288 2968 5343 quem
3014 5273 3238 5327 devoret
3288 5272 3339 5344 (I
3393 5270 3541 5329 Petr.
3582 5276 3659 5345 v),
3693 5288 3808 5329 me-

2224 5366 2329 5422 rito
2380 5364 2638 5430 traditur,
2686 5364 2779 5434 qui
2846 5364 2915 5420 ab
2968 5362 3261 5433 inﬂigendo
3309 5365 3643 5434 poenitentiae
3688 5364 3811 5420 vul-

2224 5473 2354 5513 nere
2380 5471 2476 5527 per
2502 5458 2736 5527 torporis
2762 5458 3027 5513 desidiam
3058 5458 3367 5513 cohibetur.
3402 5456 3495 5525 Sic
3523 5458 3688 5529 igitur
3722 5459 3807 5513 in-

2225 5565 2433 5622 genuus
2474 5560 2655 5605 vester
2685 5550 2910 5620 spiritus
2951 5550 3019 5605 ad
3068 5549 3361 5605 tollendum
3401 5551 3671 5605 castitatis
3712 5566 3807 5620 op-

2227 5644 2502 5714 probrium
2546 5659 2606 5699 se
2640 5642 2912 5699 ferventer
2939 5643 3207 5713 accingat,
3239 5643 3318 5699 sic
3354 5659 3411 5700 se
3453 5645 3507 5700 in
3554 5645 3810 5699 ultionem

2230 5734 2506 5791 Nicolaitte
2555 5735 2776 5791 haeresis
2829 5743 3049 5792 strenue
3103 5750 3167 5791 ac
3222 5735 3451 5793 viriliter
3505 5736 3702 5809 erigat,
3756 5746 3813 5790 ut

4442 6228 5096 6434 4
