5514 6652
3 6390 919 6652 ⁵

2162 484 2265 539 587

2150 606 2305 676 juxta
2342 607 2685 675 sponsionem
2712 605 2966 672 Pbinees,
2988 621 3175 676 pacem
3205 606 3283 661 sui
3308 604 3529 660 fmderia
3549 602 3725 657 vobis-
3753 612 3800 668 Α
3829 608 3926 662 bus
3946 607 4066 668 (111
4100 607 4223 681 Reg.
4249 608 4423 677 xvnt),
4454 608 4592 660 creto
4622 622 4717 661 vos
4746 621 4850 662 non
4880 605 5033 676 equis
5063 605 5255 678 igneis,
5294 612 5381 664 sed

2160 712 2281 750 cum
2326 697 2463 752 Deus
2501 697 2837 765 omnipotens
2879 704 3111 758 statuat;
3162 696 3290 757 imo,
3337 695 3476 749 sicut
3525 692 3719 755 Etiam,

2158 786 2311 841 etesia
2354 786 2529 857 typice
2553 786 2961 857 quadringentis
2988 784 3375 855 quinquaginta
3420 779 3721 837 sacerdoti-

2578 489 2640 552 8.
2677 489 2882 549 PETRI
2918 490 3201 550 DAMIANI
3236 490 3385 550 OPP.
3427 486 3660 547 τοιίυε
3695 487 3828 546 εει]
3865 489 4043 547 PARS
4077 489 4167 549 Ill.
4207 520 4275 533 --
4312 490 4673 550 OPUSCUIA
4719 492 4947 548 VARIA.

223 27 592 128 -Ἣ
1293 59 1322 68 μ
2160 66 2163 67 ν
2268 70 2281 71 7
3091 93 3098 96 "

5284 495 5381 551 588

3824 702 4029 775 angelis
4055 700 4433 754 comitantibus
4463 698 4787 753 introducat.

4158 791 4236 846 Sit
4264 807 4447 845 nomen
4474 789 4683 844 Domini
4706 788 5049 843 benedictum.

2194 974 5325 1008 —______—________—_________—______

2348 1128 2709 1204 383-384
2787 1137 3631 1254 OPUSCULUM
3716 1131 4367 1245 DECIMUM
4446 1129 5178 1248 OCTAVUM.

3031 1296 3352 1416 CON'i'BA
3417 1348 4080 1412 INTEMPERANTES
4115 1346 4523 1420 CLEBICOS,

2470 1517 2838 1579 Contcxtum
2874 1534 2950 1575 ea:
2980 1513 3184 1575 tribus
3217 1512 3365 1573 aliis
3391 1512 3552 1572 beati
3596 1508 3881 1568 Πειιηίαηί
3916 1507 3987 1566 de
4026 1527 4090 1568 eo
4131 1518 4492 1586 argumento
4526 1508 5091 1571 dissertationibus.

3486 1674 4014 1699 μ

2575 1809 3024 1867 DlSSERTATlO
3063 1809 3289 1865 PRIMA.

2147 1923 2542 1981 Αιιςωιεκτυιι.
2559 1950 2627 1961 -η
2645 1920 2802 1973 Petro
2824 1920 3078 1972 cardinali
3100 1920 3211 1973 \il’O
3236 1918 3429 1988 insigni
3454 1915 3715 1979 currenti,

2222 2006 2280 2045 ut
2302 1994 2470 2051 aiunt,
2501 1990 2746 2043 stimulus
2769 1991 2931 2049 addit.
2960 1990 3083 2041 dum
3114 1990 3164 2041 in
3192 1989 3513 2041 clericnrutu
3542 1987 3717 2054 impn-

2219 2065 2393 2115 dicam
2425 2062 2588 2113 vitam
2628 2060 2781 2128 longa
2807 2060 3049 2111 oratione
3085 2059 3324 2111 iuvet-tus
3353 2058 3499 2128 illum
3532 2057 3714 2108 horta-

2222 2140 2325 2190 tur,
2354 2140 2410 2182 nt
2447 2129 2702 2197 Suscipiat
2730 2127 2881 2181 hanc
2922 2129 3304 2204 cogitationem
3348 2127 3714 2204 dignissimam

2222 2215 2331 2254 sua:
2384 2201 2625 2261 virtutis;
2672 2200 2982 2250 eorunnletu
3030 2198 3235 2249 scilicet
3292 2198 3714 2263 intemperantia:

2221 2270 2343 2321 totis
2376 2269 2577 2320 viribus
2625 2267 3012 2336 0|t|tllgllalldtP,
3065 2279 3122 2319 ut
3164 2267 3343 2333 aliqua
3395 2266 3616 2325 ratione,
3668 2264 3713 2315 si

2215 2335 2331 2391 ﬁeri
2378 2340 2567 2401 pussil,
2612 2335 2948 2392 coercentur.
3000 2337 3167 2398 Quam
3195 2337 3264 2388 sit
3308 2336 3415 2388 Deo
3447 2350 3557 2387 rem
3591 2348 3715 2401 gra-

2220 2416 2326 2459 tam
2373 2404 2606 2459 facturus
2634 2446 2647 2467 ,
2677 2404 2923 2471 exenqtlo
2956 2405 3180 2458 Phinees
3216 2414 3268 2456 et
3306 2404 3501 2474 Moysis
3528 2413 3713 2455 osten-

2217 2477 2311 2528 tlll.
2350 2475 2525 2527 Multis
2545 2490 2756 2542 quoque
2786 2476 3103 2533 rationibus,
3130 2484 3184 2527 et
3210 2474 3540 2542 argumentis
3566 2474 3713 2525 illum

2218 2544 2452 2601 instruit.
2511 2555 2566 2597 et
2616 2556 2671 2597 ιιι
2717 2545 3019 2596 castitatem
3071 2544 3229 2604 tueri,
3287 2552 3343 2596 et
3392 2544 3712 2597 clericorum

2214 2614 2381 2683 possit
2411 2613 2682 2667 libidinem
2715 2629 2809 2665 sua
2846 2616 3091 2667 oratione
3123 2614 3420 2667 deszruere.

2216 2726 2421 2778 Domno
2444 2724 2622 2779 Pereo
2645 2723 3025 2777 Laterauensis
3040 2724 3314 2777 canonicce
3335 2724 3710 2794 archipresby-

2147 2826 2280 2879 tero,
2314 2816 2526 2871 Penus
2557 2823 2809 2885 peccator
2840 2815 3132 2869 monachus
3172 2814 3423 2868 fraterna:
3447 2814 3709 2883 glutinum

2144 2906 2450 2961 charitatis.

2212 2996 2441 3051 Tantum
2484 2994 2623 3049 valet
2655 2994 2914 3063 iaculum,
2948 3004 3145 3063 quanta
3175 2994 3346 3047 virtus
3372 3004 3451 3049 est
3478 2994 3707 3049 bellato-

2141 3086 2238 3138 ris.
2267 3083 2397 3137 Nam
2411 3083 2744 3151 quantalibet
2764 3082 3004 3143 limetur,
3027 3092 3073 3136 et
3105 3095 3400 3136 exaeuatur
3424 3084 3705 3144 industria,

2143 3175 2189 3229 si
2240 3174 2517 3227 brachium
2564 3172 2826 3227 vibrantis
2868 3171 3151 3242 clangueat
3206 3172 3429 3242 insignis
3473 3172 3709 3227 victoria.-

2142 3265 2425 3319 manubias
2453 3278 2554 3317 non
2581 3271 2837 3331 reportat.
2872 3261 2938 3314 At
2962 3262 3049 3315 ubi
3082 3261 3307 3315 bellator
3325 3270 3406 3315 est
3432 3270 3705 3323 strenuus,

2140 3368 2238 3420 per
2281 3353 2529 3405 obtusum
2573 3366 2787 3420 quoque
2832 3350 3064 3419 gladium
3120 3352 3275 3404 ursis
3327 3348 3565 3405 hostibus
3607 3351 3703 3403 ali-

2139 3442 2352 3509 quando
2380 3442 2437 3495 lit
2467 3441 2787 3510 triumphus.
2820 3439 2949 3494 Nam
2974 3450 3027 3495 et
3051 3439 3263 3495 Goliath
3298 3440 3490 3510 insigni
3528 3442 3705 3494 muni-

2140 3539 2225 3585 tus
2254 3530 2453 3601 gladio,
2491 3547 2592 3584 non
2620 3532 2777 3598 modo
2813 3530 3065 3598 perdidit,
3096 3530 3188 3584 sed
3223 3539 3277 3584 et
3300 3544 3588 3598 percussus
3618 3546 3709 3584 oc-

2144 3620 2326 3674 cubuit
2356 3619 2405 3688 (l
2441 3618 2559 3689 Reg.
2591 3622 2744 3688 xm).
2779 3620 2841 3674 Et
2866 3620 3093 3674 Samson
3120 3636 3241 3675 eum
3275 3620 3363 3673 vili
3399 3620 3704 3674 mandthnla

2147 3711 2281 3764 asini
2322 3709 2468 3765 mille
2512 3712 2575 3764 de
2602 3711 2925 3765 Philisthiim
2966 3710 3111 3763 viros
3140 3711 3333 3763 occidit
3360 3710 3557 3777 (Judic.
3589 3709 3699 3779 xv).

2142 3799 2279 3854 Hinc.
2315 3800 2566 3869 estquod
2609 3815 2729 3854 cum
2757 3800 2943 3855 Jether
2987 3800 3373 3869 primogenitus
3416 3800 3698 3864 Gedeonis,

2138 3890 2371 3960 gladium
2418 3890 2684 3946 timuisset
2717 3891 2971 3955 educere,
3005 3890 3197 3954 Zebee,
3224 3900 3279 3944 et
3314 3890 3564 3945 Salmana
3614 3907 3701 3945 re-

2134 3993 2229 4049 ges
2250 3978 2501 4039 Madiam.
2533 3979 2785 4033 dixerunt
2808 3979 3042 4035 Gedeoni
3073 3997 3084 4031 :
3124 3998 3140 4029 ι
3171 3978 3247 4032 Tu
3275 3995 3454 4050 surge,
3483 3992 3534 4034 et
3562 3982 3707 4034 irrne

2136 4066 2191 4120 itt
2219 4081 2333 4130 nos,
2350 4068 2470 4135 quia
2491 4068 2645 4136 juxta
2667 4077 2879 4122 aetatem
2916 4070 3177 4123 wbnrest
3198 4070 3431 4124 hominis
3456 4070 3660 4139 illud).
3678 4088 3697 4121 ι

2135 4152 2319 4228 Itaque
2348 4158 2439 4227 qui
2467 4166 2653 4212 contra
2682 4158 3002 4214 clericorum
3037 4159 3303 4213 luxuriam
3338 4172 3591 4230 tanquam
3627 4172 3703 4215 tu-

2141 4245 2283 4303 dltes
2304 4248 2541 4317 jaculum
2576 4249 2806 4313 fabrico,
2842 4249 2893 4305 in
2926 4251 3122 4303 nullus
3152 4266 3273 4304 eum
3306 4253 3516 4315 melius,
3542 4268 3703 4321 quam

2136 4336 2189 4392 in
2240 4338 2345 4393 tuis
2390 4340 2640 4393 manibus
2686 4354 2845 4408 ιιοιιο.
2891 4340 3064 4393 Tanto
3094 4340 3289 4410 quippe
3338 4342 3454 4396 zelo
3500 4343 3603 4395 vidi
3653 4351 3705 4397 te

2135 4440 2346 4497 semper
2380 4430 2639 4485 adversus
2667 4446 2853 4484 eorum
2887 4432 3125 4500 perditos
3172 4447 3348 4486 mores
3395 4433 3702 4488 medullitus

2134 4515 2496 4584 inardescere,
2527 4530 2584 4573 ut
2614 4520 2862 4583 Pbinees,
2889 4522 2967 4575 vel
2991 4520 3427 4590 llelitejudiceris
3455 4523 3702 4577 incendio

2133 4620 2241 4661 non
2284 4622 2473 4677 egere;
2504 4610 2635 4664 adeo
2680 4622 2737 4663 ut
2774 4611 2892 4679 plus
2940 4611 2991 4665 in
3034 4611 3422 4681 suggillationis
3468 4622 3568 4665 tuae
3614 4628 3701 4666 rc-

2133 4708 2355 4752 reantur
2399 4698 2730 4768 obloqnium,
2781 4718 2940 4770 quam
2993 4702 3165 4771 ipsum
3216 4718 3429 4772 quoque
3475 4705 3701 4758 timeant

2132 4786 2323 4857 papale
2348 4787 2644 4843 decretum.
2676 4788 2804 4842 Nam
2839 4792 2977 4844 velut
3005 4793 3251 4862 egregius
3278 4794 3429 4847 canis
3459 4794 3593 4846 aulae
3618 4809 3699 4848 re-

2132 4880 2230 4947 gia!
2256 4891 2458 4947 custos,
2490 4892 2783 4937 nocturnos
2811 4883 2954 4951 fures
2981 4884 3143 4939 claris
3184 4884 3505 4942 ban’aatibus
3533 4890 3697 4958 impc-

2137 4971 2225 5034 tis,
2250 4986 2445 5041 eosque
2476 4989 2541 5028 ne
2580 4974 2817 5029 libidinis
2851 4990 2962 5029 sua:
2992 4974 3197 5032 facibus
3220 4978 3475 5046 palatium
3520 4980 3696 5048 regale

2134 5060 2463 5125 comburam,
2493 5064 2762 5118 mordicus
2788 5064 3167 5134 apprehendis.

2326 5166 2455 5221 Car.
2490 5167 2598 5221 1.-
2621 5169 2729 5224 Cur
2755 5171 2928 5225 clerici
2955 5172 3170 5227 debeant
3209 5190 3319 5228 esse
3350 5178 3501 5229 casti.

2200 5275 2315 5333 Non
2355 5288 2405 5331 te
2440 5278 2566 5331 latet
2594 5278 2717 5346 quia
2774 5282 3123 5351 presbyteris,
3166 5283 3430 5347 diaconis,
3476 5294 3530 5339 et
3576 5288 3699 5339 sub-

2132 5369 2394 5433 diaconis,
2429 5378 2538 5423 tam
2565 5370 2843 5433 districta,
2873 5381 2978 5424 tam
3009 5373 3190 5442 rigida:
3222 5375 3403 5443 regula
3433 5377 3700 5431 castitatis

2134 5458 2406 5518 indicitur.
2434 5469 2490 5512 ut
2512 5462 2657 5514 omni
2686 5462 3073 5516 catholicorum
3099 5464 3317 5520 Patrum
3341 5477 3697 5523 concurrente

2129 5546 2350 5615 judicio,
2380 5549 2815 5605 acoutraltendis
2860 5551 3061 5620 nuptiis
3102 5551 3340 5608 funditur
3381 5558 3699 5612 abscindun-

2135 5645 2237 5689 tur.
2278 5636 2344 5688 Et
2372 5645 2519 5691 certe
2558 5640 2689 5693 satis
2716 5650 2797 5693 est
2832 5642 3039 5695 ratione
3071 5644 3459 5711 plenissimum,
3486 5658 3541 5701 ut
3581 5660 3700 5718 post

2136 5727 2436 5796 cpiscopus,
2486 5727 2538 5783 iu
2593 5730 2677 5783 his
2720 5747 2934 5801 quoque
2976 5734 3149 5789 tribus
3198 5739 3470 5806 gradibus,
3515 5741 3700 5796 uirens

2138 5818 2402 5884 pudicitia:
2430 5820 2632 5876 candor
2662 5818 2921 5891 cfflarcat,
2954 5824 3045 5895 qui
3078 5827 3331 5883 nimirum
3374 5832 3544 5885 sacris
3579 5849 3695 5901 :ny-

3738 3145 3780 3205 C
3814 3140 4020 3193 laribus
4064 3140 4226 3193 induo
4272 3160 4282 3192 :

3748 1794 3791 1851 Β
3830 1788 4005 1839 stcriis
4053 1786 4370 1841 familiarius
4400 1788 4853 1859 appropinquant.‘
4886 1790 5018 1844 Nam
5049 1806 5170 1861 qma
5205 1794 5376 1848 Domi-

3826 1876 4004 1929 nicntn
4029 1892 4225 1944 corpus
4252 1880 4302 1929 in
4330 1878 4602 1946 virginalis
4629 1881 4763 1931 uteri
4783 1882 4982 1949 templo
5008 1881 5375 1947 coaluit,nuue

3822 1969 3983 2019 etiam
4015 1983 4043 2018 a
4074 1968 4333 2020 ministris
4374 1970 4453 2021 sui
4495 1968 4821 2023 continentis
4863 1971 5129 2041 pudicitia:
5172 1974 5376 2027 mutuli-

3821 2060 3949 2111 liam
3980 2061 4193 2127 quaerit.

3897 2147 4059 2201 Plane
4086 2150 4223 2202 sicut
4254 2149 4575 2216 concipienti
4617 2148 4830 2205 Dcilicte
4859 2150 5062 2221 Virgini
5095 2166 5197 2206 non
5222 2153 5373 2209 virile

3820 2256 4003 2296 semen
4035 2240 4267 2303 inﬂuxit,
4296 2242 4385 2293 sed
4425 2240 4595 2295 virtus
4620 2242 4795 2295 sancti
4826 2240 5057 2311 Spiritus
5089 2244 5374 2298 obumbra-

3814 2329 3922 2390 vit;
3956 2330 4025 2382 ita
4057 2330 4273 2383 nuncin
4316 2329 4470 2382 altari
4505 2330 4733 2399 positum
4764 2341 5154 2388 sacramentum
5188 2336 5371 2389 eadem

3814 2420 3985 2473 sancti
4018 2419 4249 2486 Spiritus
4284 2421 4453 2472 virtus
4481 2428 4584 2482 est,
4609 2434 4727 2487 quae
4762 2421 4995 2475 riviﬁeat
5019 2436 5035 2475 :
5063 2431 5116 2477 et
5157 2438 5372 2480 necesse

3813 2521 3915 2574 est,
3955 2520 4012 2563 ut
4056 2510 4155 2563 hoc
4198 2511 4388 2579 pudica
4419 2526 4630 2574 manus,
4670 2520 4724 2564 et
4766 2512 5041 2583 impolluta
5078 2518 5365 2584 contingat.

3815 2601 3918 2655 Sed
3945 2602 4198 2670 quoniam
4232 2616 4394 2669 super
4430 2602 4528 2655 hoc
4559 2603 4793 2656 themate
4820 2604 5079 2673 prolixius
5096 2604 5208 2674 jam
5243 2608 5367 2661 alibi

3810 2689 4214 2757 disputavimus,
4232 2701 4281 2743 et
4301 2692 4471 2758 primo
4486 2690 4703 2759 quidem
4733 2692 4834 2759 pice
4851 2695 5121 2750 memoriae
5150 2694 5369 2750 Nicolao

3810 2795 3978 2850 pnpﬂ’,
4013 2781 4205 2834 deinde
4250 2780 4568 2834 Tanrinensi
4608 2783 4877 2851 episcopo,
4912 2795 5182 2855 postremo
5209 2786 5366 2842 etiam

3811 2870 4100 2924 eomitissm
4126 2869 4385 2934 Adelaidi,
4423 2871 4622 2924 viritim
4654 2871 4949 2929 scribentes
4982 2874 5191 2931 diversa
5224 2873 5367 2929 Scri-

3810 2970 4088 3030 pturarutn
4136 2960 4375 3029 exempla
4439 2964 4812 3029 caugcssitnus
4838 2983 4851 3015 :
4882 2964 4946 3019 ad
4973 2963 5057 3018 illa
5097 2974 5170 3030 te,
5212 2964 5371 3019 frater

3813 3050 4137 3113 venerande,
4189 3052 4518 3113 transmitte,
4574 3052 4681 3108 illis
4736 3062 4786 3107 te
4829 3054 4971 3107 velut
5020 3055 5184 3108 armis
5236 3054 5370 3108 mili-

4331 3156 4492 3210 atque
4543 3151 4600 3195 ut
4650 3142 4786 3197 alter
4829 3142 4991 3198 Iosue
5039 3142 5223 3198 urbem
5285 3141 5370 3197 Je-

3815 3228 3962 3282 ricbo
4008 3230 4323 3284 subvertere
4377 3232 4589 3295 nitaris,
4641 3232 4877 3302 impelle.
4934 3231 5190 3303 Superest
5243 3247 5369 3301 ergo

3812 3331 3975 3379 nunc,
4026 3328 4084 3371 ut
4135 3320 4349 3373 eosdem
4381 3320 4607 3375 clericos
4647 3321 4761 3391 ipse
4789 3322 5062 3392 paulisper
5094 3322 5253 3394 385
5280 3338 5366 3392 ag-

3824 3412 4037 3479 grediar
4061 3428 4075 3474 ;
4108 3422 4372 3481 quatenus
4398 3414 4538 3478 quod
4568 3413 4619 3467 in
4663 3416 4875 3469 camino
4900 3416 5130 3487 pectoris
5159 3425 5367 3478 servet.

3812 3500 3882 3553 ita
3934 3499 4086 3551 labiis
4124 3501 4275 3568 quasi
4309 3502 4462 3554 ri.uis
4506 3503 4813 3568 patentibus
4835 3512 5105 3573 craporet.

3878 3590 4151 3644 Conrenio
4183 3606 4295 3655 vos,
4346 3608 4379 3644 o
4407 3576 4739 3659 proleciarii.
4771 3594 4965 3657 ttxorii,
4998 3609 5063 3650 ac
5091 3593 5366 3651 mulierum

3806 3680 4192 3733 dominantium
4229 3681 4524 3735 ditionibns
4576 3682 4836 3747 inserviti,
4869 3693 4926 3739 ut
4952 3686 5077 3755 quid
5100 3687 5370 3741 canonico

3807 3768 4103 3821 sanctiouis
4132 3767 4252 3835 jura
4312 3768 4661 3834 confunditis,
4699 3780 4752 3826 et
4794 3788 4823 3826 a
4874 3776 5076 3829 sanctis
5124 3774 5367 3830 Patribus

3810 3860 4113 3912 institutam
4163 3856 4416 3926 puritatis
4446 3860 4825 3917 ecclesiastica:
4853 3864 5085 3934 regulam
5116 3866 5369 3920 violatis?

3806 3946 3947 4000 Proh
3976 3949 4147 4015 pudor
4171 3948 4183 4000 ι
4218 3946 4455 4001 libidinis
4484 3959 4676 4005 vestra
4704 3950 4907 4021 legibus
4932 3953 5065 4007 colla
5106 3955 5368 4009 submitti-

3810 4038 3897 4099 tis,
3938 4048 3994 4091 et
4033 4039 4367 4108 promulgata
4390 4055 4485 4108 per
4509 4055 4605 4093 ora
4633 4042 4912 4097 doctorum
4933 4044 5101 4099 sancti
5137 4044 5370 4116 Spiritus

3805 4128 3978 4182 edicta
4011 4128 4247 4183 calcatis.
4276 4130 4411 4185 Ecce
4433 4146 4527 4199 per
4542 4147 4636 4186 ros
4656 4134 5016 4202 apostolorum
5047 4136 5195 4191 labor
5215 4153 5366 4192 ever-

3744 4236 3750 4243 -
3808 4216 3955 4279 titur,
3985 4228 4039 4270 et
4060 4217 4368 4282 :cdilicinm,
4398 4221 4537 4287 quod
4562 4222 4811 4277 doctores
4838 4223 5088 4281 Ecclesia:
5116 4225 5366 4282 fundare~

3808 4316 3951 4363 runt.
3981 4305 4143 4374 liquet
4175 4308 4337 4375 quod,
4392 4310 4544 4363 vobis
4587 4310 5039 4383 itnpttgnantibus,
5088 4319 5364 4374 obruatur.

3808 4392 3873 4447 Et
3926 4402 3994 4448 tta
4049 4396 4127 4458 tit,
4185 4408 4243 4450 ut
4306 4398 4390 4453 lex
4440 4400 4691 4456 Ecclesia:
4739 4420 4900 4473 quam
4951 4407 5213 4463 clericalis
5235 4412 5368 4466 ordo

3734 4494 3778 4554 υ
3805 4486 4153 4540 constituisse
4198 4487 4555 4556 dignoscitur,
4589 4507 4684 4559 per
4709 4496 4957 4549 eumdem
5000 4512 5182 4551 rursus
5215 4499 5366 4553 ordi-

3803 4590 3923 4627 nem
3977 4592 4006 4628 e
4056 4577 4329 4631 contrario
4381 4578 4711 4635 destruatur.
4766 4584 4974 4639 Amnon
5030 4594 5085 4640 et
5136 4586 5365 4643 Absalun

3804 4661 3999 4717 fratres
4032 4662 4268 4730 luerunt,
4290 4682 4426 4734 quos
4455 4685 4590 4722 unus
4616 4671 4829 4739 quidem
4860 4682 5012 4741 pater
5035 4676 5240 4744 genuit;
5271 4678 5363 4731 sed

3726 4776 3731 4782 ι
3800 4754 4027 4807 alterum
4060 4755 4195 4810 alter
4217 4760 4503 4829 exsnngui:
4532 4761 4615 4831 (ll
4644 4761 4768 4832 Ερῃ.
4797 4766 4901 4833 ιιι).
4921 4766 5049 4821 Cain
5083 4769 5361 4824 trucidavit

3799 4842 3929 4898 Abel
3962 4843 4115 4909 (Gen.
4152 4844 4247 4916 tv).
4276 4849 4447 4903 malus
4478 4853 4681 4905 scilicet
4706 4858 4941 4923 justum;
4975 4856 5166 4926 saepius
5195 4860 5359 4913 etiam

3807 4933 4138 4988 adulterinum
4169 4936 4461 5006 legitimum
4501 4943 4735 5010 perimit,
4770 4945 4911 4999 sicut
4934 4944 5209 5017 Jugurtha.
5243 4964 5363 5018 pcr-

3807 5021 4023 5078 bibente
4051 5026 4239 5093 Crispo
4268 5028 4584 5097 (Saucsr,
4620 5031 4692 5085 De
4724 5033 4853 5088 bello
4874 5036 5162 5107 Jttgurtlt.),
5186 5036 5360 5093 Hiem-

3807 5114 3919 5181 psal
3969 5126 4025 5170 et
4070 5118 4338 5173 Adherbal
4388 5124 4615 5188 occidit;
4658 5126 4727 5178 ita
4780 5129 5167 5196 quodammodo
5194 5131 5358 5202 spurii

3808 5202 4000 5260 fratres
4048 5206 4315 5276 legitimos
4356 5212 4646 5279 perimunt.
4676 5231 4797 5270 cum
4831 5220 4865 5272 ii
4918 5220 5088 5290 quise
5122 5222 5236 5279 solo
5261 5238 5359 5276 no-

3810 5296 3951 5381 mine
3971 5296 4196 5353 clericos
4227 5302 4563 5369 prolitentur,
4590 5316 4895 5361 sanctorum
4926 5309 5137 5363 Patrum
5158 5311 5356 5381 judicia

3809 5384 4110 5441 destruunt.
4137 5390 4201 5443 Et
4230 5400 4486 5460 tanquam
4519 5397 4661 5464 ipsos
4695 5398 4942 5452 Videntur
4974 5401 5312 5474 exstinguere
5340 5443 5353 5464 .

3804 5489 4027 5543 quorum
4076 5494 4178 5532 non
4238 5490 4481 5539 metuunt
4528 5488 4825 5541 sententias
4872 5490 5164 5545 annnllare.
5214 5492 5358 5557 Quos

3807 5563 4053 5619 Videlicet
4098 5580 4220 5638 apte.
4274 5572 4579 5641 significare
4624 5576 4831 5630 videtur
4884 5579 5185 5636 Abimclecb
5222 5580 5357 5634 filius

3805 5652 4078 5719 Jcrobaal,
4110 5659 4266 5727 quem
4305 5662 4583 5732 Scriptura
4610 5670 4845 5736 genitum
4874 5669 5035 5724 refert
5077 5672 5139 5725 de
5162 5687 5354 5726 concu-

3802 5738 3955 5807 L‘ina.
4008 5761 4164 5815 quam
4224 5750 4486 5807 habuerat
4538 5756 4590 5809 in
4644 5757 4856 5812 Siehcm
4908 5760 5103 5825 (ludis.
5135 5764 5231 5831 IS).
5266 5760 5355 5814 llic

3806 5834 3947 5888 enim
3975 5838 4171 5895 ocaidit
4191 5838 4391 5898 fratres
4420 5858 4545 5899 suos
4568 5845 4705 5903 filios
4733 5846 4999 5911 lcrobaal.
5029 5854 5354 5922 septuaginta
