5514 6652
2741 157 2752 160 -
2803 155 2816 158 -
2845 157 2850 162 ι
2881 149 2888 152 “
2930 148 2962 155 ν
3026 154 3045 159 —
3070 158 3085 161 Ἴ
3168 146 3189 159 θ
3318 146 3329 149 ¹
3372 142 3385 145 A
3544 140 3549 141 ⁷

2427 173 2642 208 _.;:-"'-':;_II'
2705 163 2748 200 .’
2783 176 2849 204 ί
2906 158 2973 179 ’1
3006 160 3539 199 ίξ-νῗέζυ,ιή,,,
3742 186 3745 189 .

2213 223 2216 226 ·
2245 203 2322 240 ,ἔπ’
2964 216 3125 237 λιιι-ται
3154 194 3297 233 Dari
3334 206 3403 231 ,ε’-
3594 216 3599 217 ν
3654 202 3665 207 ’

2785 257 2788 262 .
2849 241 2856 246 ⁵
3105 241 3122 244 ““
3297 251 3310 260 ρ
3369 251 3376 254 .
3454 253 3506 261 ,-
3538 260 3541 261 ν
3602 256 3617 259 ᾉ
3676 240 3905 261 ἷξε-ηυρη-μγ

510 613 612 670 389

518 818 663 890 ginta
688 815 859 879 viros,
890 814 995 869 nisi
1026 809 1443 883 praedicatorum
1465 804 1721 861 Ecclesia
1746 804 1882 858 libra
1914 804 2099 873 signa-

520 907 639 962 tur?
685 906 752 962 de
786 903 986 975 quibus
1012 902 1090 956 ait
1130 899 1307 955 Lucas
1332 896 1703 967 evangelista:
1735 914 1754 945 ι
1788 892 1922 960 Quia
1962 892 2104 947 desi-

523 996 753 1068 signavit
798 992 1061 1049 Dominus
1100 987 1477 1059 septuaginta;
1529 993 1584 1039 et
1631 983 1778 1038 misit
1804 981 1923 1036 illos
1948 982 2104 1035 binos

522 1096 648 1142 ante
674 1084 866 1139 faciem
897 1095 1049 1139 suam
1080 1080 1133 1134 in
1155 1093 1369 1134 omnem
1400 1076 1675 1132 civitatem
1711 1083 1767 1128 et
1789 1073 1963 1129 locum
1995 1086 2104 1142 quo

522 1186 642 1234 erat
671 1177 785 1247 ipse
811 1183 1071 1233 venturus
1101 1169 1253 1241 (Luc.
1287 1172 1364 1240 ι).
1399 1188 1419 1223 ι

592 1268 693 1325 Hic
735 1268 901 1324 etiam
931 1262 1342 1336 pradicantium
1372 1259 1508 1315 ordo
1531 1258 1643 1330 jam
1680 1254 2022 1327 ﬁgurabatur
2050 1253 2103 1308 in

522 1360 651 1425 illis,
675 1360 741 1415 de
765 1358 962 1430 quibus
1005 1354 1070 1410 ad
1097 1354 1315 1424 Moysen
1341 1350 1601 1406 Dominus
1625 1348 1703 1402 ait
1728 1365 1741 1401 :
1772 1363 1791 1398 ι
1825 1344 2105 1416 Congrega

523 1453 656 1508 mihi
705 1449 1039 1521 septuaginta
1068 1447 1215 1501 viros
1244 1445 1310 1499 de
1332 1442 1637 1499 senioribus
1664 1438 1851 1502 Israel,
1881 1452 2019 1508 quos
2045 1444 2104 1490 tu

522 1543 691 1607 nosti,
722 1539 861 1611 quod
896 1552 1057 1595 senes
1093 1533 1274 1609 populi
1306 1534 1438 1599 sint,
1473 1541 1530 1587 et
1572 1529 1841 1601 magistri,
1866 1536 1921 1581 et
1942 1527 2108 1581 duces

519 1648 620 1691 eos
648 1634 715 1688 ad
739 1632 939 1687 ostium
982 1625 1313 1685 tabernaculi
1357 1623 1577 1681 fmderis
1614 1619 1804 1692 (Num.
1832 1618 1928 1688 xi).
1961 1617 2105 1671 idem

518 1737 740 1793 quoque
761 1713 1303 1793 mysticus'numcrus
1329 1710 1778 1785 praedicatoribus
1812 1708 2109 1764 convenire

520 1820 655 1868 tunc
680 1812 1049 1868 indubitanter
1072 1806 1404 1877 agnoscitur,
1437 1817 1559 1858 cum
1585 1800 1916 1857 lsraeiiticus
1940 1812 2111 1868 popu.

520 1904 609 1960 lus
660 1906 711 1959 in
769 1904 906 1959 Elim
960 1909 1139 1957 castra
1172 1900 1416 1969 posuisse
1466 1891 1945 1960 narratiirﬂfxod.
1980 1890 2107 1961 xv);

520 1998 614 2052 ubi
648 1996 898 2052 videlicet
946 2003 1103 2047 erant
1146 1990 1426 2045 duodecim
1462 1991 1636 2043 fontes
1676 1993 1731 2039 et
1773 1982 2110 2054 septuaginta

522 2090 738 2159 palmae.
776 2087 915 2155 Quid
945 2086 1090 2141 enim
1124 2099 1221 2154 per
1246 2083 1530 2138 duodecim
1573 2081 1773 2142 fontes.
1797 2077 1903 2132 nisi
1932 2076 2107 2130 sancti
2141 2066 2183 2125 Β

523 2178 885 2248 designantur
909 2174 1160 2244 apostoli,
1192 2172 1283 2244 qui
1326 2172 1633 2225 ariditatem
1679 2167 1859 2223 cordis
1889 2164 2109 2220 humani

523 2276 730 2324 sancta:
790 2265 1186 2338 prmdicatiouis
1224 2278 1329 2318 non
1373 2262 1627 2317 desinunt
1663 2260 1894 2329 irrigare
1946 2256 2113 2311 ﬂuen-

524 2363 640 2417 tis?
669 2362 806 2430 Quid
843 2378 969 2416 vero
1001 2375 1095 2430 per
1126 2357 1463 2427 septuaginta
1491 2355 1699 2427 palmas
1724 2395 1739 2419 ,
1767 2354 1866 2408 nisi
1892 2351 2114 2407 inferio-

522 2457 601 2510 ris
648 2458 849 2527 gradus
886 2450 1419 2509 debentsaeerdotes
1454 2448 1714 2518 intelligi.
1762 2447 1854 2516 qui
1904 2444 2112 2500 consti-

523 2548 628 2601 tuti
684 2555 810 2601 sunt
860 2560 957 2615 per
1009 2544 1267 2598 mundum
1298 2540 1501 2603 Chcisti
1542 2551 1766 2593 narrare
1815 2534 2116 2591 victorias?

522 2635 712 2693 Palma
749 2637 1015 2706 siquidem
1043 2631 1325 2689 consuevit
1354 2642 1622 2685 coronare
1654 2622 1923 2689 victores;
1959 2624 2117 2679 dena-

523 2732 639 2785 rius
690 2740 869 2785 autem
926 2740 1182 2782 numerus
1232 2724 1285 2778 in
1334 2723 1418 2777 his
1462 2720 1830 2791 septenarinm
1858 2717 2112 2780 ducitur;

524 2826 656 2897 quia
705 2834 927 2877 necesse
956 2828 1060 2884 est,
1087 2827 1143 2871 ut
1166 2831 1261 2885 per
1289 2811 1621 2883 septiformis
1670 2809 1908 2881 Spiritus
1942 2805 2115 2862 sancti

523 2918 757 2991 gratiam
791 2911 1074 2982 decalogus
1099 2906 1404 2979 impleatur.

595 3009 709 3065 Nec
741 3002 1193 3077 przctereundum,
1246 2998 1389 3068 quod
1435 2994 1665 3067 populus
1705 2991 1793 3047 ille.
1822 2998 2113 3062 antequam

522 3100 740 3158 venerit
793 3098 845 3151 in
901 3095 1055 3156 Elim,
1090 3091 1340 3162 pridiana
1387 3096 1807 3146 castrametatus
1856 3086 2033 3140 fuerat
2062 3084 2115 3137 in

524 3192 710 3247 Maara
760 3188 968 3258 (Ibid.).
1025 3184 1124 3242 Ubi
1178 3183 1434 3237 nimirum
1482 3195 1605 3233 cum
1645 3194 1783 3247 aqua
1817 3185 1925 3231 tam
1973 3182 2119 3230 esset

524 3298 714 3338 amara
766 3289 823 3335 ut
868 3277 1118 3349 poculum
1176 3290 1284 3330 non
1334 3273 1668 3336 admitteret,
1718 3269 1921 3340 lignum
1973 3266 2118 3334 quod

526 3374 671 3429 Deus
720 3368 983 3431 ostendit,
1028 3364 1311 3436 ingeritur,
1368 3370 1424 3417 et
1472 3362 1719 3431 protinus
1769 3355 2112 3412 obdulcatur.

522 3466 877 3523 Occidentem
926 3459 1124 3530 quippe
1158 3457 1391 3512 litteram
1423 3454 1630 3513 veteris
1658 3451 1816 3520 legis,
1850 3449 1979 3520 quia
2025 3462 2116 3503 ue-

524 3576 614 3615 mo
668 3555 890 3611 valebat
934 3551 1182 3623 implere,
1228 3547 1383 3618 quasi
1417 3560 1529 3617 prae
1550 3542 1915 3599 amaritudine
1947 3540 2119 3596 salsas

524 3666 698 3721 aquas
743 3646 1136 3703 horresccbant
1174 3642 1423 3697 homines
1464 3638 1682 3701 bibere;
1726 3638 1820 3692 sed
1854 3637 1938 3691 his
1965 3634 2121 3703 aquis

523 3758 646 3799 cum
673 3741 885 3811 lignum
914 3734 1093 3791 crucis
1120 3732 1285 3805 386
1321 3730 1632 3792 adhibetur,
1662 3742 1786 3782 cum
1829 3723 2121 3780 Dominica':

522 3830 803 3903 passionis
856 3826 1028 3884 series
1072 3824 1395 3895 applicatur,
1428 3833 1556 3874 mox
1596 3816 1892 3889 spiritualis
1925 3813 2117 3869 intelli-

522 3924 724 3997 gentia:
748 3936 876 3979 cum
901 3917 1188 3974 dulcedine
1217 3914 1428 3969 bibitur
1467 3916 1889 3966 sacramentum.
1921 3905 2121 3974 Sicque

523 3996 760 4090 populus
787 4012 856 4067 de
883 4010 1030 4065 Mara
1055 4008 1205 4064 venit
1230 4006 1282 4060 in
1316 4004 1486 4069 Elim;
1518 4014 1715 4056 amara:
1739 3998 1947 4053 scilicet
1972 3996 2118 4051 litte-

523 4087 606 4165 ἑτέ
625 4105 844 4179 spernit
868 4104 1172 4163 horrorem,
1204 4105 1259 4152 et
1286 4096 1352 4150 ad
1378 4092 1706 4164 apostolicos
1729 4087 1928 4154 fontes,
1958 4096 2123 4157 atque

524 4203 592 4258 ad
636 4197 896 4273 palmalis
933 4194 1144 4249 fructus
1183 4189 1382 4262 gaudet
1452 4184 1713 4240 festinare
1758 4179 2118 4237 dulcedinem.

521 4270 778 4362 chalcm
816 4284 1078 4356 abjiciens
1111 4280 1450 4341 servitutem,
1482 4272 1695 4330 dulcem
1724 4270 1929 4342 expetit
1957 4284 2121 4325 evan-

522 4383 709 4454 gelicae
740 4376 933 4450 gratite
958 4374 1284 4428 libertatem.

521 4498 651 4553 Car.
676 4494 741 4551 ll.
772 4522 840 4535 -
878 4487 1160 4545 Luxuriosi
1198 4485 1372 4541 clerici
1406 4499 1522 4537 cum
1568 4478 1860 4536 Abimelech
1911 4494 2123 4549 compa-

1220 4565 1426 4610 runtur.
1800 4584 1805 4589 -

592 4657 665 4715 Ut
712 4670 852 4725 ergo
896 4652 963 4708 ad
1009 4651 1060 4705 id
1103 4647 1245 4719 quod
1292 4645 1556 4716 cmpimus
1595 4654 1957 4706 revertamur,
1996 4654 2121 4696 cum

520 4762 616 4819 per
634 4742 989 4817 septuaginta
1016 4739 1182 4801 viros,
1219 4750 1356 4805 quos
1374 4732 1573 4788 occidit
1605 4731 1944 4795 Abimelech,
1976 4744 2117 4799 prae-

518 4818 797 4895 dicatores
856 4832 1154 4903 ﬁgurentur
1207 4824 1490 4887 Ecclesim;
1538 4821 1667 4893 quid
1719 4835 1815 4891 per
1865 4818 2113 4874 eumdem

519 4926 870 4989 Abimelech,
908 4922 998 4993 qui
1022 4933 1209 4975 eorum
1243 4915 1412 4972 frater
1438 4923 1578 4977 erat,
1610 4911 1704 4967 sed
1736 4910 1976 4981 spurius,
2008 4908 2113 4962 nisi

520 5017 814 5080 luxuriosi,
850 5021 1015 5081 atque
1059 5006 1304 5064 carnales
1358 5000 1690 5071 intelligendi
1745 4997 2114 5065 suntelerici,

520 5110 609 5181 qui
658 5104 1085 5166 catholicorum,
1118 5107 1536 5165 sanctorumque
1564 5091 1881 5162 pontiﬁcmn
1912 5099 1968 5144 ct
2005 5087 2117 5143 fra-

520 5211 631 5256 tres
652 5198 885 5270 quidem
916 5200 1043 5247 snnt
1071 5205 1166 5261 per
1189 5196 1469 5258 acceptum
1499 5184 1926 5240 ecclesiasticum
1969 5181 2117 5234 ordi-

521 5307 667 5357 nem,
690 5300 747 5346 ct
774 5299 965 5343 tamen
996 5282 1167 5353 spurii
1188 5280 1504 5349 iudicantur
1535 5292 1630 5346 per
1660 5274 1947 5344 degeneris
1975 5273 2116 5335 vitae,

520 5394 569 5437 et
616 5378 952 5453 ignobilium
994 5387 1220 5444 operum
1258 5367 1621 5441 pravitatem?
1655 5364 1717 5421 lli
1759 5366 1953 5419 fratres
1992 5378 2120 5418 suos

519 5472 803 5531 occidunt,
833 5480 962 5521 cum
993 5472 1303 5518 sanctorum
1338 5455 1781 5525 Patrnmjudicia
1811 5455 2117 5517 destruunt,

521 5581 638 5619 cum
691 5559 1020 5619 sanctiones
1054 5571 1240 5610 eorum
1278 5562 1439 5622 atque
1492 5551 1711 5604 decreta
1741 5562 1996 5618 perverse
2041 5547 2122 5599 vi-

520 5655 692 5713 vendo
729 5649 1097 5709 confundunt.
1129 5644 1197 5701 Et
1226 5645 1339 5700 hac
1366 5640 1675 5697 interfectio
1705 5638 1763 5692 ﬁt
1792 5654 1956 5709 super
1987 5637 2120 5705 lapi-

523 5747 639 5800 dem
662 5758 862 5799 unum.
908 5736 1074 5808 Lapis
1122 5737 1223 5791 iste
1267 5732 1570 5790 Salvatoris
1596 5739 1680 5784 est
1733 5729 2004 5791 Ecclesia,
2054 5727 2119 5782 de

523 5851 622 5905 qua
670 5851 770 5907 per
800 5828 1129 5887 Zachariam
1181 5828 1377 5883 dicitur
1417 5842 1430 5878 :
1479 5844 1497 5875 ι
1534 5822 1677 5878 Ecce
1702 5837 1803 5893 ego
1856 5820 2120 5874 adducam

524 5940 737 5979 servum
773 5935 965 5979 meum
989 5919 1278 5975 orientem.
1302 5917 1430 5987 quia
1457 5928 1584 5970 cccc
1612 5914 1769 5984 lapis,
1799 5925 1958 5982 quem
1999 5909 2123 5966 dedi

524 6030 703 6069 coram
728 6012 863 6070 Jesu
894 6026 907 6063 :
947 6005 1123 6079 Super
1148 6006 1377 6077 lapidem
1403 6020 1567 6060 unum
1593 6012 1801 6077 septem
1826 5998 1970 6058 oculi
2000 6008 2125 6058 sunt

1196 604 1438 666 OPUSC.
1480 603 1665 661 XVIII.
1692 632 1759 644 --ο
1785 602 2064 661 CONTRA
2103 599 2688 659 lNTEMPERANTES
2736 598 3100 658 CLERICOS.

513 727 655 782 viros
685 738 850 795 super
876 719 1111 792 lapidem
1168 732 1355 773 unum.
1403 716 1543 784 Quid
1570 715 1715 770 enim
1744 729 1843 786 per
1882 722 2102 789 septua-
2130 725 2175 780 Α
2206 712 2391 785 (Zach.
2443 714 2548 783 ιιι),
2585 732 2601 765 ι
2644 713 2807 785 Lapis
2856 715 2960 771 iste
2995 714 3283 784 utrobique
3326 728 3469 770 unus
3519 713 3801 784 aptissime

3692 603 3799 659 590

2203 804 2424 869 dicitur,
2475 814 2534 858 ut
2586 805 2767 859 unitas
2799 804 3055 861 Ecciesia:
3102 806 3533 861 commendetur.
3586 804 3662 859 De
3688 821 3831 879 qua.

2204 908 2435 964 sponsus
2479 895 2557 948 ait
2609 894 2665 949 in
2711 893 2985 950 Canticis:
3024 914 3042 946 ι
3089 894 3206 951 Una
3237 904 3321 951 est
3356 894 3606 951 columba
3656 911 3800 962 mea,

2204 1002 2311 1042 una
2345 997 2429 1043 est
2456 986 2748 1043 Genitricis
2773 1002 2884 1043 sua:
2917 986 3097 1059 (Cum.
3131 990 3232 1055 vi).
3271 1007 3289 1038 ι

2275 1079 2417 1145 Quid
2474 1089 2601 1134 sunt
2660 1088 2840 1134 autem
2899 1090 3109 1149 septeni
3161 1078 3301 1134 oculi
3349 1093 3513 1149 super
3565 1078 3802 1147 lapidem

2163 1196 2165 1199 -
2206 1184 2399 1233 unum,
2429 1168 2577 1225 salvo
2607 1178 2811 1233 tamen,
2849 1170 2893 1224 si
2937 1180 3043 1235 est,
3067 1170 3248 1225 altiori
3281 1169 3563 1241 mySIezio,
3590 1169 3693 1223 nisi
3723 1169 3802 1226 illi

2206 1262 2549 1331 septuaginta
2579 1261 2705 1327 viri,
2742 1262 2845 1317 hoc
2877 1272 2982 1327 est,
3019 1261 3273 1318 doctores
3314 1261 3489 1315 sancti
3532 1261 3586 1315 in
3618 1260 3799 1317 cccle-

2206 1352 2441 1407 siastica:
2492 1353 2644 1422 pacis
2684 1354 2894 1408 unitate
2936 1352 3236 1423 conjuncti,
3267 1352 3603 1422 septiformis
3626 1351 3804 1407 sancti

2209 1445 2447 1518 Spiritus
2474 1447 2896 1502 charismatibus
2926 1446 3214 1501 illustrati?
3247 1446 3351 1500 Per
3373 1446 3470 1501 bos
3500 1448 3644 1500 enim
3672 1428 3805 1499 ocu-

2206 1538 2289 1594 los
2318 1548 2504 1594 sancta
2533 1540 2674 1593 videt
2709 1538 2975 1603 Ecclesia,
3001 1554 3099 1608 per
3129 1538 3228 1593 hos
3255 1537 3523 1607 conspicit
3545 1536 3633 1589 ubi
3669 1534 3804 1590 recti

2208 1628 2392 1703 operis
2428 1633 2617 1703 pedem
2657 1639 2844 1703 ponat,
2893 1646 2957 1685 ac
2982 1646 3084 1701 per
3107 1631 3249 1685 viam
3294 1630 3675 1684 mandatorum
3708 1609 3828 1682 Dei.

2209 1723 2483 1796 gradiens,
2521 1737 2770 1777 normam
2797 1721 3137 1776 rectitudinis
3168 1737 3273 1775 non
3304 1718 3564 1774 offendat.

2279 1815 2595 1871 Ahimelcch
2648 1829 2779 1885 ergo
2828 1830 3050 1868 manzer
3100 1828 3163 1868 ac
3199 1813 3421 1882 spurius
3459 1811 3804 1881 septuaginta

2212 1905 2481 1977 legitimos
2532 1903 2729 1959 fratres
2790 1919 2953 1973 super
3011 1888 3176 1957 unum
3238 1902 3472 1973 lapidein
3542 1898 3802 1971 perimit;

2212 1998 2431 2069 quando
2474 2012 2602 2068 pars
2644 1994 2899 2069 [primus]
2946 1996 3268 2051 clericorum
3311 1995 3379 2049 ab
3417 1992 3807 2049 ecclesiasticus

2211 2090 2483 2146 castitatis
2506 2090 2791 2146 nobilitate
2822 2091 3182 2160 degenerans,
3226 2088 3540 2144 obscmnius
3565 2102 3622 2142 se
3650 2087 3808 2142 luxu-

2213 2183 2307 2237 riae
2356 2182 2565 2253 legibus
2609 2180 2845 2251 suhjicit.
2873 2180 2934 2234 Et
2980 2180 3106 2235 dum
3140 2194 3326 2234 sacros
3353 2193 3594 2235 canones
3617 2193 3808 2247 rcpro-

2213 2275 2422 2330 bandos
2467 2275 2699 2344 iudicat,
2747 2288 2935 2329 eorum
2980 2272 3314 2336 conditores,
3348 2280 3565 2325 sanctos
3595 2270 3810 2324 scilicet

2214 2373 2380 2437 viros,
2407 2387 2471 2425 ac
2498 2386 2594 2441 per
2623 2370 2727 2425 hoc
2756 2368 2987 2431 nobiles,
3020 2367 3292 2423 Gedeonis
3311 2406 3325 2429 ,
3355 2365 3406 2419 id
3447 2374 3529 2419 est
3559 2361 3809 2418 Salvato-

2215 2462 2292 2517 ris
2326 2475 2389 2515 ac
2413 2460 2671 2516 Ecclesia:
2704 2458 2866 2523 ﬁlios,
2921 2457 3084 2528 impia
3123 2454 3526 2527 quodaminodo
3576 2450 3812 2508 crudeli-

2216 2561 2327 2607 tate
2354 2550 2614 2606 trucidat.
2647 2549 2860 2604 Habent
2906 2548 3052 2602 cnim
3082 2546 3417 2601 adulterinos
3440 2555 3705 2605 canones,
3756 2548 3813 2597 et

2215 2644 2479 2713 quasdam
2564 2647 3010 2719 argumeutprum
3083 2633 3456 2691 cavillantiuni
3522 2632 3810 2694 novitates,

2216 2733 2414 2804 quibus
2460 2738 2791 2803 Oppugnent.
2849 2728 3004 2796 Quod
3050 2726 3302 2781 videlicet
3352 2723 3408 2778 in
3459 2721 3545 2775 illa
3594 2735 3815 2791 quoque

2218 2823 2383 2877 turris
2415 2820 2780 2876 Sicliimorum
2803 2817 3085 2872 obsidione
3106 2815 3371 2884 signatur,
3391 2826 3514 2866 cum
3536 2811 3603 2866 de
3619 2810 3810 2865 eodem

2218 2914 2497 2968 fratricida
2549 2927 2647 2983 per
2694 2910 2934 2966 historia:
2989 2908 3190 2963 seriem
3246 2904 3486 2961 dicitur:
3524 2920 3545 2955 ι
3587 2902 3815 2957 Abime-

2218 3004 2357 3069 lech,
2397 3002 2593 3072 inquit,
2628 3000 2856 3054 audiens
2885 3000 3029 3052 viros
3063 2995 3228 3050 turris
3261 2993 3633 3049 Sicliimorum
3670 2990 3816 3062 pari-

2220 3106 2303 3150 ter
2327 3093 2703 3164 conglobatos,
2748 3089 2995 3146 ascendit
3048 3088 3102 3143 in
3141 3096 3379 3141 montem
3423 3084 3645 3140 Selmon
3692 3098 3817 3138 cum

2219 3187 2364 3241 omni
2398 3184 2595 3255 populo
2619 3198 2739 3245 suo,
2775 3192 2829 3236 et
2870 3189 3088 3251 arrepta
3118 3179 3324 3242 securi,
3364 3177 3611 3248 przrcidit
3650 3174 3816 3231 arbo-

2221 3279 2299 3330 ris
2347 3290 2582 3340 ramum,
2618 3272 3043 3343 impositnmque
3086 3269 3268 3324 ferens
3305 3270 3555 3333 humero,
3586 3267 3723 3321 dixit
3749 3267 3819 3321 ad

2222 3368 2401 3424 socios
2435 3384 2449 3421 :
2484 3366 2630 3436 quod
2665 3378 2753 3419 me
2782 3363 2975 3417 videtis
3004 3360 3205 3425 facere,
3248 3360 3357 3415 cito
3398 3357 3565 3413 facite
3610 3357 3816 3429 (Judic.

2221 3460 2320 3529 ix).
2361 3480 2380 3511 ι
2417 3458 2621 3514 Deinde
2647 3458 2896 3525 sequitur
2930 3473 2944 3509 :
2984 3473 3001 3506 ι
3033 3455 3200 3525 igitur
3228 3453 3479 3508 certatim
3511 3465 3695 3507 ramos
3741 3451 3814 3507 de

2219 3550 2509 3605 arboribus
2534 3548 2914 3619 praecidentes,
2946 3547 3319 3616 sequebantur
3358 3545 3551 3600 ducem
3569 3584 3585 3609 ,
3610 3543 3817 3613 quibus

2219 3639 2623 3696 circumdautes
2672 3636 2985 3708 praesidium
3036 3635 3478 3696 succenderunt:
3534 3642 3701 3703 atque
3741 3632 3818 3687 ita

2223 3730 2424 3785 factum
2471 3737 2581 3793 est,
2622 3737 2681 3781 ut
2726 3726 2877 3781 fumo
2927 3725 3093 3797 387
3123 3734 3177 3779 et
3206 3725 3329 3794 igne
3354 3723 3503 3779 mille
3530 3723 3815 3779 hominum

2223 3827 2578 3881 necarentur,
2631 3817 2732 3870 viri
2791 3816 2999 3884 pariter
3036 3830 3100 3870 ac
3132 3814 3390 3872 mulieres
3441 3813 3816 3871 habitatorum

2223 3910 2389 3966 turris
2423 3909 2640 3965 Sichem
2666 3907 2877 3977 (lbid.).
2914 3926 2933 3959 ι

2294 4003 2410 4058 Non
2453 4014 2539 4057 est
2565 4000 2724 4070 hujus
2753 4000 2856 4055 loci
2883 4014 3054 4056 sacra:
3085 3998 3286 4071 ﬁguras
3314 3997 3556 4054 historia:
3582 3996 3817 4055 solerter

2223 4108 2519 4166 exponere,
2564 4090 2796 4149 sulliciat
2845 4090 3023 4157 nobis,
3053 4100 3320 4161 quantum
3366 4090 3435 4144 ad
3476 4090 3819 4161 propositum

2223 4188 2442 4250 attinet,
2476 4198 2587 4240 rem
2620 4189 2997 4239 summotenus
3034 4181 3338 4253 praelibare.
3369 4180 3528 4237 Rami
3558 4182 3819 4239 arborum

2226 4285 2355 4332 sunt
2403 4273 2745 4331 sententiolae
2769 4272 3199 4345 Scripturarum,
3231 4289 3369 4345 quas
3397 4274 3527 4329 dum
3558 4273 3821 4345 impudici

2223 4372 2426 4442 quique
2451 4370 2518 4426 ad
2558 4369 2901 4441 allegationis
2950 4384 3063 4424 suae
3125 4369 3291 4425 robur
3345 4360 3614 4424 violenter
3665 4366 3821 4425 inﬁc-

2222 4471 2395 4525 ctunt,
2444 4459 2614 4527 fumo,
2640 4460 2800 4516 simul
2834 4469 2891 4516 et
2916 4461 3041 4533 igne
3067 4475 3387 4517 numerosas
3417 4460 3698 4517 hominum
3723 4476 3819 4517 ea-

2224 4562 2406 4608 tervas
2434 4553 2789 4624 exstinguunt
2823 4571 2838 4607 :
2868 4551 3019 4609 fumo
3070 4553 3278 4608 scilicet
3331 4553 3558 4619 erroris,
3594 4561 3651 4610 et
3694 4552 3824 4626 igne

2225 4642 2496 4703 libidinis;
2528 4651 2587 4696 ut
2613 4644 2877 4714 deceptas
2915 4642 3057 4699 mala
3107 4643 3435 4700 discentium
3486 4652 3720 4710 mentes,
3766 4656 3824 4701 et

2151 4767 2198 4827 υ
2225 4734 2453 4790 luxurize
2482 4734 2699 4790 flamma
2737 4736 3053 4799 succendat,
3081 4744 3135 4791 et
3165 4736 3319 4807 pravi
3346 4735 3617 4809 dogmatis
3643 4738 3823 4809 caligo

2224 4829 2537 4885 confundat.
2594 4827 2688 4884 lla:
2728 4837 2856 4884 sunt
2899 4829 3047 4883 enim
3078 4843 3310 4894 merces,
3336 4844 3457 4899 quae
3486 4830 3552 4885 de
3583 4829 3821 4887 Sodoma

2223 4927 2279 4975 et
2341 4918 2645 4975 Gomorrba
2700 4919 2920 4990 prodire
2968 4918 3098 4975 visa:
3144 4928 3270 4975 sunt
3321 4927 3444 4990 post
3487 4920 3760 4976 excidium
3803 4940 3819 4978 :

2230 5031 2248 5063 ι
2290 5010 2589 5074 Abraham,
2622 5010 2799 5079 inquit
2822 5008 3102 5080 Scriptura
3132 5007 3289 5080 (Gen.
3323 5010 3825 5082 xix),consurgens

2227 5116 2388 5157 mane
2433 5100 2521 5155 ubi
2579 5109 2809 5156 steterat
2851 5100 3004 5170 prius
3046 5115 3169 5155 cum
3200 5099 3453 5166 Domino,
3487 5100 3716 5155 intuitus
3736 5110 3822 5156 est

2229 5191 2521 5249 Sodomaru
2551 5202 2604 5247 et
2633 5191 3021 5257 Gomorrham,
3054 5203 3109 5247 et
3145 5191 3457 5247 universam
3489 5199 3691 5248 terram
3738 5208 3823 5248 re-

2222 5287 2397 5357 gionis
2428 5285 2593 5350 illius,
2617 5285 2859 5355 viditque
2882 5286 3267 5340 ascendentem
3296 5285 3535 5340 favillam
3560 5286 3627 5341 de
3650 5295 3820 5350 terra,

2224 5379 2378 5448 quasi
2406 5376 2641 5433 fornacis
2671 5376 2899 5433 fumum.
2946 5396 2964 5428 ι
3012 5377 3184 5432 Porro
3217 5385 3399 5432 autem
3423 5386 3477 5433 et
3509 5378 3636 5432 dum
3679 5376 3823 5435 Thc-

2226 5470 2323 5524 hes
2375 5483 2497 5522 cum
2549 5467 2662 5523 suis
2717 5467 3023 5537 agminibus
3062 5467 3636 5537 olisideretolipidum,
3669 5481 3822 5523 eum-

2226 5561 2348 5615 dem
2376 5568 2568 5613 contra
2593 5558 2905 5619 castitatem
2947 5558 3269 5612 Abimelcch
3308 5558 3520 5613 videtur
3561 5558 3822 5629 ﬁgurasse

2228 5646 2556 5703 conflictum.
2589 5666 2606 5698 ι
2638 5648 2771 5701 Erat
2792 5658 2976 5701 autem
3008 5648 3173 5703 turris
3194 5647 3429 5707 εισι-ιδῃ,
3460 5658 3517 5702 ιιι
3539 5646 3822 5718 Scriptura

2233 5748 2485 5801 teStatur,
2537 5739 2589 5792 in
2642 5738 2822 5793 medio
2868 5740 3130 5803 civitatis,
3180 5738 3433 5809 adquam
3460 5737 3821 5811 confugerant

2238 5831 2339 5884 viri
2366 5830 2527 5885 simul
2553 5846 2617 5885 ac
2646 5830 2923 5896 mulieres,
2968 5839 3023 5885 et
3052 5844 3243 5887 omnes
3265 5832 3538 5902 principes
3559 5831 3820 5893 civitatis,

2235 5919 2418 5975 clausa
2469 5920 2784 5975 ﬁrmissime
2831 5921 3021 5992 jauua,
3066 5932 3121 5977 et
3167 5936 3331 5991 super
3394 5922 3559 5977 turris
3617 5932 3820 5976 tectum

2238 6020 2445 6066 stantes
2468 6025 2570 6084 per
2616 6011 3025 6083 propugnacula
3061 6013 3262 6087 (Judic.
3292 6014 3389 6086 is).
3428 6032 3446 6067 ι
3471 6013 3679 6069 Civitas
3701 6015 3822 6069 uni-
