5514 6650
0 6372 854 6650 Ξ

2210 447 2306 500 591

86 4 2322 247 v-

2641 443 2698 500 S.
2739 443 2941 498 PETRI
2983 441 3260 498 DAMIANI
3295 440 3444 498 OPP.
3485 440 3717 499 TOML‘S
3749 442 3875 497 δερ
3918 441 4096 498 PARS
4135 440 4215 499 Ill.
4254 443 4706 504 —-OPUSCL‘L.\
4750 447 4974 501 \‘ARIA.

5301 451 5397 506 39-1

2205 558 2426 611 versatis
2455 554 2710 616 Ecclesia,
2745 557 2907 607 turris
2935 556 3197 606 castitatis
3224 565 3306 607 est
3334 556 3642 612 eminentia,
3689 552 3754 607 ad
3784 559 3829 615 Α
3861 565 4004 635 rant.
4033 555 4202 624 lapide
4241 567 4603 624 proterantur,
4657 568 4714 610 ιιι
4740 559 4971 627 gladium
5002 575 5104 613 nou
5135 561 5352 616 evadant
5383 583 5392 615 :

2200 668 2362 720 quam
2405 651 2753 717 confugerant
2803 649 2897 699 viri
2955 645 3114 699 simul
3163 662 3226 697 ac
3274 645 3547 701 mulieres.
3593 643 3755 695 fortes

2199 741 2402 794 scilicet
2450 750 2502 791 et
2547 737 2765 796 infirmi,
2825 737 3091 804 principes
3139 738 3299 788 etiam
3344 736 3598 793 civitatis,
3625 736 3756 787 ordo

2200 833 2445 890 videlicet
2496 830 2834 892 clericorum,
2892 829 2978 894 qui
3032 838 3175 879 tenet
3209 827 3754 892 Ecclesiwpiiucipa-

2200 930 2331 976 tum.
2362 921 2637 974 Accedens
2665 920 2843 986 itaque
2893 919 3148 972 Abimclet
3173 919 3201 968 li
3224 917 3369 980 juxta
3414 927 3512 966 Itil'l
3532 917 3622 976 i'n,
3648 930 3756 967 (“CL--

2200 1011 2274 1078 pit
2317 1012 2596 1063 instantius
2647 1009 2943 1069 dimicare,
3000 1019 3052 1062 et
3097 1009 3527 1077 appropinquans
3582 1007 3680 1060 usti
3710 1029 3752 1072 r,

2198 1099 2375 1166 ignem
2399 1099 2694 1151 conabatur
2720 1113 3004 1166 apponere.

2199 1205 2324 1259 (In.
2354 1204 2436 1259 Ill.
2468 1234 2536 1244 —
2565 1204 2733 1269 Quam
2761 1203 3047 1273 perniciosa
3099 1202 3161 1254 ιὶι
3219 1202 3520 1254 clericorum
3569 1204 3753 1253 intem-

2843 1287 3097 1337 peruium.

2265 1362 2377 1418 Hoc
2404 1364 2580 1431 itaque
2608 1363 2762 1415 modo
2812 1363 2985 1414 clerici
3025 1362 3342 1429 petulantes.
3373 1373 3424 1416 et
3465 1364 3701 1416 infruniti
3735 1404 3749 1425 ,

2196 1454 2327 1506 turri
2372 1454 2637 1506 casntatis
2683 1453 2972 1505 moliuntur
3025 1453 3360 1515 incendium,
3407 1455 3750 1505 dumniultos

2192 1543 2257 1594 ad
2300 1558 2409 1594 sua:
2448 1540 2703 1601 libidinis,
2749 1551 2800 1593 et
2830 1543 3106 1594 :estuantis
3142 1543 3360 1595 insaniae
3398 1545 3751 1595 cohortantur

2188 1631 2509 1700 exemplum.
2564 1609 2776 1700 igtﬁbus
2815 1631 3006 1684 armati
3063 1634 3251 1683 turrim
3284 1633 3543 1683 castitatis
3584 1633 3749 1698 impe-

2191 1731 2331 1786 tunt,
2378 1724 2501 1776 dum
2553 1723 2738 1776 incesti
2780 1732 2958 1776 castos
3000 1721 3208 1776 ﬂamma
3250 1721 3515 1789 pestifcrm
3539 1738 3750 1788 persua-

2186 1813 2354 1867 sionis
2376 1813 2695 1865 accendunt.
2743 1811 2848 1867 Sed
2881 1813 3003 1866 huic
3034 1813 3309 1865 certamini
3344 1830 3411 1880 qu
3441 1829 3463 1866 s
3498 1814 3615 1866 linis
3654 1816 3746 1866 itn-

3859 657 4057 712 cmque
4110 645 4313 711 pondus
4369 647 4542 712 primo
4593 646 4785 698 divina:
4831 649 5108 702 sententia:
5130 660 5394 711 conterat,

3857 734 4045 786 deinde
4096 736 4309 804 maligni
4364 737 4583 804 spiritus
4634 737 4858 804 poenalis
4915 755 5100 793 mucro
5128 742 5394 800 concidat;

3855 843 4158 892 quanquam
4192 843 4294 878 non
4347 830 4675 893 ignoremus,
4731 845 4837 883 non
4861 829 5089 887 absurde
5121 833 5393 899 signiﬁcari

3854 934 4007 986 posse
4036 933 4125 984 per
4156 916 4399 971 Jerohaal
4428 921 4733 983 Christum;
4781 938 4876 989 per
4913 923 5215 977 Ahitneiccb
5257 926 5396 975 Anti-

3854 1009 4129 1059 christum.
4159 1009 4256 1072 Qui
4310 1011 4559 1062 nimirum
4605 1013 4741 1064 sicut
4787 1012 4872 1065 ille
4900 1013 5222 1074 concubium,
5254 1013 5324 1066 sic
5347 1024 5395 1066 et

3855 1102 3954 1153 iste
3986 1110 4066 1152 est
4095 1101 4307 1168 rejectze.
4336 1103 4472 1154 lilius
4508 1119 4810 1172 synagogm.
4844 1104 4944 1158 Per
4959 1107 5279 1174 scptuaginta
5305 1119 5389 1158 ve-

3856 1205 3912 1240 ro
3944 1187 4150 1251 fratr-es,
4177 1207 4311 1258 quos
4352 1193 4657 1246 Abinmleeli
4695 1195 4956 1247 oecidisse
4985 1205 5246 1258 narratur,
5278 1210 5392 1263 sep—

3853 1281 4083 1346 tuaginta
4117 1281 4412 1350 linguarum
4445 1297 4650 1351 gentes,
4684 1301 4817 1352 q-ias
4845 1287 5204 1340 Anticliristus
5230 1288 5278 1339 in
5299 1301 5394 1340 sa:-

3849 1373 3951 1423 (διιεί
3987 1375 4089 1424 line
4129 1375 4481 1441 petscqttitut'.
4518 1375 4620 1427 Sed
4668 1384 4719 1427 et
4759 1390 4876 1432 nos.
4905 1384 4961 1428 ut
4990 1375 5264 1446 coapiutusI
5291 1375 5390 1429 tl:-

3853 1463 4082 1515 ricorum
4118 1465 4291 1517 adhuc
4325 1465 4593 1515 vesaniam
4622 1480 5026 1533 prosequamur.

3921 1555 3979 1607 lli
4034 1556 4185 1623 plane
4234 1567 4486 1624 tanquam
4538 1555 4628 1608 lilii
4682 1556 4866 1617 Jacob.
4913 1568 5149 1626 paterna:
5187 1557 5392 1627 quidem

3850 1647 4107 1712 prosapire
4142 1646 4290 1697 tituli.)
4334 1648 4660 1698 tlet‘orantttr
4694 1667 4706 1696 ;
4737 1649 4829 1700 sed
4877 1649 5000 1718 quia
5037 1649 5200 1718 Spurii
5241 1658 5394 1717 atque

3848 1736 4158 1800 desineres,
4214 1751 4316 1786 non
4358 1736 4646 1803 legitimam
4683 1751 4747 1789 ex
4776 1737 5047 1796 uxoribus,
5080 1738 5168 1791 sed
5205 1739 5394 1808 ignobi-

3847 1823 3948 1874 lem
3984 1825 4179 1890 potius,
4240 1825 4391 1892 quasi
4440 1842 4502 1878 ex
4540 1827 4852 1879 concubinis
4878 1828 5131 1897 originem
5165 1829 5392 1881 trahunt.

2189 1905 2437 1972 ponitur?
2481 1905 2624 1968 Quos
2673 1905 2908 1957 vietorize
2950 1903 3130 1956 titulos
3154 1903 3266 1957 hzec
3294 1920 3465 1973 pugna
3494 1906 3749 1959 sortitUr?
3781 1898 3822 1956 Β
3854 1913 4002 1965 Sicut
4055 1916 4198 1967 enim
4261 1914 4533 1982 Scriptura
4579 1915 4707 1971 diCll
4741 1935 4753 1967 :
4800 1935 4816 1967 ι
4857 1917 5044 1984 Spuria
5095 1918 5390 1970 vitulatnina

2193 2011 2212 2044 ι
2249 1994 2404 2056 Ecce,
2458 1995 2650 2061 inquit,
2696 1993 2884 2046 mulier
2936 1986 3289 2063 fragmentum
3331 1995 3484 2048 mola:
3523 1996 3748 2062 desuper

2182 2082 2408 2150 iaciens.
2466 2083 2617 2136 illisit
2657 2084 2814 2152 capiti
2843 2085 3173 2146 Abimelech,
3213 2093 3268 2138 et
3296 2085 3556 2155 confregit
3601 2102 3748 2139 cere-

2190 2169 2348 2226 brum
2378 2174 2510 2240 ejus.
2542 2173 2642 2238 Qui
2695 2175 2897 2227 tocavit
2936 2176 3044 2228 cito
3095 2175 3416 2244 armigerum
3462 2193 3636 2238 suum,
3695 2185 3747 2229 et

2186 2260 2259 2313 ait
2286 2262 2350 2314 ad
2390 2275 2508 2314 eum
2539 2279 2550 2312 :
2581 2261 2812 2331 Evagina
2842 2263 3074 2330 gladium
3108 2271 3273 2324 tuum,
3300 2273 3354 2316 et
3381 2274 3596 2331 percute
3638 2280 3742 2324 me,

2186 2364 2253 2402 ne
2305 2348 2438 2401 forte
2484 2349 2695 2403 dicatur
2737 2350 2877 2415 quod
2928 2366 2956 2402 a
3011 2349 3202 2403 femina
3257 2350 3566 2404 interfectus
3621 2353 3742 2405 sim.

2185 2438 2282 2504 Qui
2309 2439 2454 2507 jussa
2482 2439 2783 2508 perficiens,
2812 2438 3078 2493 interfecit
3104 2456 3222 2492 eum
3261 2439 3460 2507 (Judic.
3491 2442 3586 2508 ix).
3625 2461 3641 2491 ι
3681 2441 3744 2496 L't

2185 2539 2362 2581 autem
2417 2529 2467 2580 in
2519 2529 2599 2581 bis
2653 2529 2830 2582 verbis
2907 2543 3012 2582 non
3095 2529 3295 2583 diutius
3374 2531 3741 2595 immorentur,

2184 2616 2426 2686 fragmen
2479 2618 2580 2671 hoc
2631 2618 2806 2680 tttOifB,
2833 2619 2974 2687 quod
2997 2619 3306 2690 Abimelech
3333 2623 3613 2674 cerebrum
3643 2624 3746 2674 fre-

2185 2708 2282 2776 git,
2320 2705 2452 2760 nihil
2481 2717 2563 2760 est
2600 2706 2741 2760 aliud
2771 2722 2930 2775 quam
2961 2723 3147 2761 saxum
3176 2708 3326 2773 illud,
3379 2711 3518 2777 quod
3562 2709 3745 2762 Daniel

2182 2795 2299 2849 sine
2349 2795 2596 2849 manibus
2656 2797 2950 2848 abscissum
2974 2798 3038 2850 de
3065 2807 3244 2851 monte
3276 2799 3553 2867 conspexit
3582 2799 3741 2863 (υηγι.

2183 2887 2276 2954 tt);
2328 2886 2442 2955 ipse
2488 2884 2736 2939 videlicet
2770 2885 3044 2951 Dominus,
3069 2889 3159 2956 qui
3183 2889 3248 2943 de
3280 2905 3336 2942 se
3365 2889 3415 2942 in
3455 2891 3743 2960 Evangelia

2179 2975 2313 3029 dicit
2345 2991 2359 3028 :
2397 2992 2416 3025 ‹
2471 2973 2581 3041 Qui
2627 2975 2884 3028 ceciderit
2930 2991 3096 3044 super
3136 2978 3366 3046 lapidem
3404 2978 3588 3043 istum,
3614 2997 3743 3034 cou-

2179 3065 2476 3134 l'ringetur;
2503 3081 2664 3134 super
2688 3081 2847 3132 quem
2884 3083 3006 3120 vero
3032 3068 3306 3133 ceciderit,
3351 3080 3592 3125 conteret
3623 3087 3742 3126 eum

2181 3150 2395 3221 (Matth.
2423 3153 2554 3220 ιιι).
2591 3170 2608 3203 ι
2657 3152 2849 3207 Mulier
2881 3169 3006 3208 vero
3038 3157 3102 3210 de
3143 3156 3293 3225 cuius
3328 3160 3574 3212 manibus
3622 3163 3744 3214 mit-

2182 3244 2337 3307 titur,
2369 3257 2523 3298 sacra
2578 3241 2661 3300 lex
2703 3254 2806 3308 est,
2839 3261 2955 3314 qua:
2991 3246 3266 3316 flagitiosis
3319 3251 3585 3317 pudicitiae
3613 3268 3737 3306 con-
3765 3248 3808 3310 C

2181 3332 2553 3401 tentptoribus.
2600 3336 2930 3402 repentinum
2980 3337 3175 3390 Clinsti
3222 3338 3479 3404 judicium
3517 3342 3736 3394 commi-

2178 3431 2362 3478 natur.
2422 3420 2498 3476 De
2543 3436 2648 3491 quo
2695 3438 2791 3492 per
2827 3423 3127 3480 "Jeremiam
3173 3428 3368 3481 dicitur
3398 3446 3412 3484 :
3447 3447 3463 3478 ι
3494 3428 3738 3498 Nunquid

2179 3526 2287 3566 non
2311 3509 2476 3565 verba
2508 3527 2625 3566 mea
2666 3523 2791 3567 sunt
2831 3515 2983 3584 quasi
3017 3515 3174 3582 ignis,
3206 3518 3336 3571 dicit
3385 3519 3660 3583 Dominus,
3689 3532 3742 3574 et

2145 3600 2346 3671 .388
2364 3603 2514 3669 quasi
2546 3603 2766 3658 malleus
2790 3615 3074 3660 conterens
3117 3610 3365 3676 petram?
3409 3629 3427 3660 ι
3479 3610 3609 3678 (Jer.
3636 3614 3740 3677 ιιι.)

2178 3689 2429 3759 Armiger
2449 3707 2576 3746 vero
2599 3695 2928 3757 Abimelecb,
2964 3697 3208 3751 diabolus
3239 3710 3340 3762 est,
3360 3701 3450 3768 qui
3496 3701 3743 3755 videlicet

2180 3782 2454 3846 omnibus,
2513 3785 2606 3853 qui
2669 3787 2856 3839 turrim
2915 3790 3561 3859 castitatis.oppugnant,
3595 3809 3738 3846 arma

2177 3868 2436 3932 libidinis,
2473 3881 2529 3926 et
2579 3884 2731 3928 aeuta
2759 3874 2983 3930 luxuria:
3018 3875 3198 3946 jacula
3239 3882 3629 3938 subministmt.
3669 3884 3742 3938 De

2177 3964 2374 4033 quibus
2413 3963 2609 4034 jaculis
2663 3969 2794 4023 dicit
2838 3970 3122 4042 Apostolus
3156 3991 3168 4026 :
3212 3992 3230 4024 ι
3261 3974 3315 4028 lu
3346 3978 3596 4032 omnibus
3654 3995 3743 4032 su-

2178 4063 2392 4108 mentes
2441 4065 2650 4110 scutum
2702 4059 2846 4122 lidei,
2910 4061 2962 4113 in
3008 4077 3114 4130 quo
3149 4065 3367 4132 possitis
3407 4069 3586 4120 omnia
3635 4070 3739 4120 tela

2179 4142 2494 4210 nequissimi
2528 4147 2680 4215 ignea
2723 4149 3064 4220 exstinguere
3097 4150 3310 4221 (Epher.
3344 4157 3438 4226 vi).
3474 4175 3491 4206 ι
3529 4157 3593 4210 Et
3623 4174 3742 4227 pro-

2176 4236 2341 4306 pheta
2367 4253 2381 4290 :
2419 4255 2437 4288 ι
2471 4238 2544 4292 lbi
2571 4279 2586 4302 ,
2634 4240 2824 4309 inquit,
2856 4242 3025 4297 Assur
3044 4259 3164 4298 cum
3191 4248 3357 4303 armis
3383 4250 3495 4303 suis
3524 4249 3739 4319 (Ezeclt.

2177 4325 2374 4394 χχιιι).
2396 4344 2413 4376 ι
2433 4325 2602 4392 Quem
2626 4344 2755 4399 ergo
2778 4331 2967 4386 mulier
2987 4333 3249 4404 fragmine
3279 4339 3434 4393 mola:
3454 4343 3741 4409 percussit,

2178 4418 2414 4488 armiger
2437 4433 2565 4475 ense
2611 4423 2879 4490 peremit;
2905 4425 3031 4492 quia
3067 4428 3332 4483 castitatis
3379 4431 3740 4497 adversarios,

2176 4505 2373 4575 quibus
2397 4506 2671 4578 Scriptura
2697 4525 2849 4565 sacra
2898 4513 3157 4582 judicium
3185 4515 3377 4570 divinae
3403 4520 3740 4576 animadver-

2175 4596 2346 4652 sionis
2375 4599 2627 4666 intentat,
2658 4602 2900 4658 diabolus
2938 4615 3154 4661 azternze
3199 4611 3388 4662 mortis
3417 4611 3738 4666 iuternecio-
3769 4581 3815 4639 θ

2175 4700 2247 4741 ne
2274 4688 2539 4753 trucidat;
2590 4699 2648 4743 ut
2701 4693 2892 4760 quibus
2938 4694 3114 4749 fuerat
3165 4693 3505 4753 ministeriiu
3535 4716 3733 4772 pugna,

2175 4779 2487 4833 eorumdem
2533 4782 2602 4834 sit
2644 4786 2977 4850 postmodum
3013 4796 3184 4841 tortor
3215 4789 3268 4842 in
3298 4803 3480 4857 paena,
3507 4808 3738 4863 quaeque

2177 4865 2286 4922 illis
2363 4879 2552 4923 contra
2630 4872 2935 4939 pudicitiam
3003 4890 3152 4929 arma
3220 4891 3588 4948 suggesserat.
3649 4898 3739 4936 ea-

2175 4955 2296 5011 dem
2346 4959 2684 5031 exigentibus
2732 4963 2942 5018 meritis
2994 4964 3050 5020 in
3098 4981 3285 5022 eorum
3338 4978 3466 5025 tunc
3496 4971 3739 5042 jugulum

2174 5054 2368 5101 vertat.

2247 5134 2388 5189 Eant
2437 5136 2598 5208 igitur
2646 5155 2789 5196 nunc
2836 5142 3016 5200 clerici
3041 5147 3247 5225 molles,
3274 5148 3490 5217 incesti,
3515 5162 3732 5225 atquea

2174 5224 2408 5296 genuina
2461 5227 2544 5281 sui
2591 5227 2794 5284 ordinis
2821 5233 3096 5291 nobilitate
3123 5224 3440 5309 degeneres;
3471 5224 3738 5298 cnmAbi-

2175 5313 2382 5370 melech
2428 5330 2578 5371 arma
2612 5319 2940 5389 corripiant;
2987 5323 3252 5397 legitimos
3275 5346 3436 5401 super
3464 5349 3627 5390 unum
3657 5335 3734 5389 la-

2174 5401 2353 5470 pidem
2399 5403 2598 5461 fratres
2644 5410 2930 5478 occidant;
2967 5416 3154 5471 turrim
3179 5416 3407 5486 Thebes,
3434 5422 3485 5476 id
3527 5433 3611 5479 est
3638 5440 3730 5480 ca-

2175 5489 2377 5545 stitatis
2407 5509 2607 5561 arcem,
2635 5513 2944 5570 expugnare
2975 5507 3318 5563 contendant.
3344 5511 3530 5569 Omnis
3557 5525 3734 5572 tamen

2175 5594 2360 5675 eorum
2385 5583 2662 5642 conflictus
2688 5589 2788 5645 hoc
2813 5591 2918 5648 line
2950 5595 3306 5664 concluditur,
3337 5614 3395 5657 ut
3424 5615 3545 5675 post
3566 5609 3731 5664 ictum

2174 5666 2404 5738 lapidis,
2455 5677 2707 5746 armigeri
2747 5695 2958 5752 quoque
3013 5685 3094 5739 sui
3142 5686 3319 5757 gladio
3355 5666 3726 5765 perimantur;

2175 5770 2434 5830 quatenus
2455 5766 2544 5835 qui
2577 5782 2739 5838 super
2777 5772 3004 5844 lapidem
3027 5777 3204 5849 gladio
3230 5781 3429 5843 fratres
3453 5791 3728 5850 exstinxe—

3848 2019 3949 2056 non
3985 2005 4184 2055 dabunt
4218 2007 4420 2057 radices
4449 2006 4583 2058 altas
4611 2005 4759 2071 (δίη).
4794 2006 4882 2075 tv).
4917 2028 4934 2057 ι
4979 2006 5090 2061 Non
5113 2008 5249 2061 enim
5271 2006 5390 2070 Litt,

3848 2096 3960 2147 sive
3987 2094 4255 2157 Rarhelis,
4305 2098 4396 2148 sed
4444 2096 4580 2149 [labe
4608 2097 4806 2164 potius,
4836 2097 4918 2149 vel
4951 2097 5157 2166 Zelpha:
5183 2098 5395 2151 ancilla-

3848 2203 3962 2239 rum
4015 2190 4107 2240 tilii
4161 2190 4211 2240 in
4266 2188 4444 2241 servili
4501 2191 4729 2241 sordida:
4772 2190 5191 2243 conversationis
5242 2202 5393 2256 opere

3846 2279 4283 2346 comprobantur.
4314 2278 4440 2331 Bala
4469 2279 4730 2347 siquidem
4765 2281 5163 2349 interpretatur,
5198 2280 5389 2332 invete-

3847 2378 3981 2420 rata.
4018 2368 4081 2420 Et
4120 2369 4171 2420 bi
4205 2372 4327 2422 dum
4366 2368 4655 2422 carnaliter
4686 2368 4890 2432 vivunt,
4921 2384 5023 2422 non
5053 2383 5116 2423 ex
5165 2368 5394 2422 novitate

3846 2457 4087 2524 spiritus,
4148 2459 4239 2509 sed
4269 2474 4332 2509 ex
4361 2457 4564 2512 earnali
4594 2459 4782 2510 vetusti
4813 2456 5041 2511 hominis
5066 2459 5301 2527 germine
5339 2471 5394 2511 se

3845 2549 4059 2615 prodire
4111 2558 4391 2601 testantur.
4418 2548 4617 2618 Zelpba
4650 2565 4776 2603 vero
4808 2549 4859 2603 in
4889 2559 5069 2603 nostra
5100 2549 5270 2618 lingua
5312 2564 5393 2602 so-

3848 2648 3938 2690 nat
3964 2655 4024 2692 os
4049 2639 4216 2691 biens.
4254 2638 4374 2691 ll;ec
4391 2639 4569 2708 itaque
4593 2638 4800 2692 illorum
4824 2649 4997 2695 mater
5021 2648 5162 2693 recte
5184 2639 5391 2701 dicitur,

3847 2742 4074 2794 quorum
4104 2730 4309 2782 scilicet
4344 2729 4391 2782 iu
4419 2730 4851 2798 praedicationem
4882 2730 5120 2785 veritatis
5145 2746 5204 2785 os
5224 2731 5394 2783 videa-

3849 2828 3932 2869 tur
3959 2817 4055 2877 ire.
4086 2819 4176 2870 sed
4218 2835 4313 2872 cor
4343 2835 4447 2873 non
4488 2821 4595 2882 ire;
4624 2821 4689 2875 de
4712 2820 4906 2889 quibus
4928 2820 5107 2889 utiqae
5143 2818 5391 2890 scriptum

3844 2916 3962 2959 est:
4014 2925 4031 2954 ι
4073 2906 4302 2976 Populus
4341 2909 4424 2962 hic
4460 2909 4618 2965 labiis
4653 2890 4738 2964 mé
4783 2911 5052 2974 honorat,
5091 2924 5182 2963 cor
5219 2920 5389 2962 autem

3845 3012 4029 3050 eorum
4070 2996 4224 3066 longe
4272 3009 4353 3053 est
4395 3013 4424 3051 a
4467 3013 4551 3052 me
4594 2997 4728 3065 (Ira.
4759 2999 4927 3070 xxix).
4963 3020 4981 3052 ι
5008 2999 5207 3066 Quibus
5240 2999 5392 3054 etiam

3847 3084 4135 3152 Apostolus
4203 3086 4354 3154 quasi
4423 3086 4781 3153 personaliter
4843 3089 5210 3157 exprobrans,
5281 3088 5390 3140 ait:

3853 3191 3870 3223 ι
3908 3172 4006 3238 Qui
4061 3188 4188 3244 ergo
4242 3175 4403 3228 alium
4439 3176 4618 3238 doces,
4670 3177 4898 3244 teipsum
4929 3193 5032 3231 non
5075 3177 5272 3232 doces?
5297 3177 5390 3244 Qui

3841 3266 4100 3331 praedicas
4132 3282 4231 3317 non
4255 3265 4557 3327 furandum,
4583 3268 4815 3320 furaris?
4843 3267 4941 3334 Qui
4968 3268 5100 3322 dicis
5130 3283 5234 3322 non
5265 3283 5394 3323 moe-

3839 3353 4125 3414 cbanduin,
4161 3355 4451 3409 mmcharis
4476 3357 4496 3406 ?
4522 3356 4621 3422 Qui
4652 3356 4978 3411 abominaris
5008 3356 5164 3421 idola,
5186 3358 5395 3412 sacrile-

3840 3446 3983 3512 gium
4012 3443 4184 3497 facis?
4211 3445 4310 3510 Qui
4340 3447 4389 3498 in
4421 3446 4532 3514 lege
4577 3447 4842 3516 gloriaris,
4882 3462 4976 3517 per
5009 3448 5396 3517 praevaricatio-

3843 3550 3962 3585 nem
3997 3533 4128 3601 legis
4174 3535 4341 3587 Deum
4398 3537 4724 3590 inhonoras?
4762 3537 4962 3592 Nomen
4994 3539 5134 3593 enim
5177 3539 5266 3594 Dei
5308 3553 5396 3620 per

3843 3643 3936 3680 vos
3985 3628 4392 3696 blasphematur
4431 3629 4482 3682 in
4508 3631 4756 3699 gentibus
4787 3631 4961 3702 (Rom.
4996 3633 5074 3697 ιι).
5115 3652 5132 3684 ι
5171 3633 5396 3688 Verbum

3839 3718 4034 3785 quippe
4085 3718 4196 3779 Uci,
4247 3719 4388 3785 quod
4443 3718 4599 3772 labiis
4624 3730 4890 3785 astruunt,
4920 3723 5144 3798 reprobe
5173 3724 5393 3778 vivendo

3839 3808 4165 3860 convellunt.
4209 3807 4272 3861 Et
4300 3808 4576 3877 loquentes
4608 3812 4842 3879 quidem,
4887 3813 4950 3867 de
4980 3813 5275 3869 clarissima
5308 3830 5395 3885 pa-

3842 3898 3938 3950 tria
3950 3898 4070 3950 reb-.2
4082 3913 4195 3950 rum
4219 3898 4466 3952 videntur
4492 3901 4766 3955 nobilitate
4796 3904 5139 3970 descendere,
5163 3908 5396 3962 viventes

3841 4001 4015 4043 autem
4030 4004 4090 4041 ex
4110 3989 4458 4056 ignominiosa
4475 3990 4598 4046 Γωάί
4618 3995 4895 4061 ριόειὶΙιυΙί
4911 3999 5319 4066 comprobantur
5335 4001 5395 4053 li-

3842 4094 3938 4130 nea
3961 4078 4123 4149 389
4152 4082 4451 4150 propagari.
4485 4084 4753 4138 Abraham
4793 4086 4950 4154 plane
4995 4104 5155 4142 unum
5186 4091 5395 4158 quidem

3841 4167 3909 4221 de
3935 4184 4121 4229 uxore.
4155 4169 4332 4234 plures
4361 4179 4539 4224 autent
4572 4187 4638 4229 ex
4683 4176 4995 4231 concubinis
5035 4178 5170 4234 filios
5193 4183 5390 4250 genuit.

3841 4260 3933 4312 sed
3957 4275 4048 4313 eos
4070 4261 4137 4313 ab
4169 4261 4255 4313 illo
4285 4261 4490 4330 procul,
4509 4263 4633 4318 dum
4663 4266 4956 4332 adviveret,
4975 4274 5256 4340 separavit.
5281 4272 5390 4328 Non

3839 4350 3981 4403 enim
4008 4351 4162 4404 fratri
4189 4351 4301 4406 fieri
4327 4363 4573 4421 poterant
4601 4358 4928 4424 colneredes,
4956 4363 5044 4430 qui
5075 4364 5394 4419 ancillaban-

3842 4447 3928 4492 tur
3957 4439 4007 4491 in
4034 4441 4295 4510 germine.
4327 4441 4466 4508 Quid
4500 4444 4680 4514 itaque
4709 4445 4985 4517 Scriptura
5009 4450 5171 4505 dicit?
5205 4473 5222 4504 ι
5245 4453 5394 4508 Dedit

3841 4529 4110 4583 Abraham
4149 4541 4343 4587 cuncta
4380 4549 4499 4603 quae
4528 4537 4841 4605 possederat
4870 4539 5038 4602 Isaae,
5068 4542 5189 4597 ﬁliis
5219 4555 5394 4600 autem

3842 4624 4261 4677 concubinarum
4307 4626 4456 4680 dedit
4502 4645 4721 4685 munera
4759 4632 4916 4702 (Gen.
4953 4637 5156 4708 uno.»
5188 4638 5256 4694 Et
5280 4641 5392 4708 qui-

3843 4711 3964 4765 dem
3998 4713 4126 4766 dum
4166 4728 4472 4784 superesset
4500 4717 4792 4789 Abraham,
4823 4740 5008 4780 omnes
5034 4727 5393 4795 gloriabantur

3842 4816 3901 4855 se
3929 4818 4049 4857 esse
4080 4802 4218 4857 filios
4256 4806 4484 4862 Abrahae
4512 4828 4523 4862 :
4549 4813 4642 4866 sed
4688 4829 4810 4868 cum
4861 4817 4913 4870 in
4962 4818 5064 4873 line
5095 4828 5264 4874 totum
5306 4822 5390 4875 uni

3844 4893 4225 4959 patrimonium
4267 4898 4512 4963 contulit,
4541 4901 4632 4970 qui
4677 4919 4860 4960 revera
4900 4906 4990 4961 lilii
5043 4925 5232 4962 nomen
5262 4911 5395 4965 obti-

3846 4989 3994 5043 neat,
4023 4982 4112 5049 qui
4155 4986 4494 5042 coucubiuali
4535 5000 4790 5048 notantur
4837 4994 5073 5062 infamia,
5117 5000 5393 5055 manifeste

3840 5067 4112 5126 discrevit.
4165 5073 4315 5130 Nunc
4348 5077 4528 5146 itaque
4554 5097 4837 5140 manzeres
4864 5086 5042 5142 clerici
5091 5089 5230 5146 inter
5273 5093 5394 5161 legi-

3841 5156 3998 5214 timos
4031 5161 4258 5217 Abrahae
4307 5164 4443 5220 filios
4481 5174 4753 5228 communi
4786 5175 5033 5232 videntur
5080 5156 5393 5237 adtuistioiie

3839 5246 4162 5316 discurrere,
4184 5255 4277 5308 sed
4307 5261 4645 5324 postmodum
4677 5264 4746 5318 a'o
4773 5265 5099 5324 btereditatis
5126 5276 5394 5328 consortio

3838 5339 4192 5408 repelluntur,
4223 5347 4312 5414 qui
4347 5349 4506 5404 modo
4535 5352 4851 5414 mulieribus
4879 5359 5032 5429 quasi
5071 5366 5334 5436 perceptis
5363 5383 5391 5420 a

3837 5443 3988 5500 patre
4010 5439 4348 5507 muneribus,
4379 5441 4733 5501 delectantur.

3835 5546 3961 5604 Car.
3988 5551 4076 5608 IV.
4097 5554 4502 5614 —Clcricorum
4533 5579 4728 5702 [prarge
4779 5565 5108 5637 objectiorm,
5138 5579 5189 5626 et
5214 5589 5388 5629 earum

4476 5648 4532 5686 re
4559 5644 4745 5689 utai‘to.

4476 5644 4745 5689 relutai‘to.

3903 5707 4008 5805 sed
4058 5714 4244 5805 dicunt
4277 5735 4290 5772 :
4320 5717 4509 5776 Nonne
4564 5724 4697 5781 dicit
4755 5729 5045 5798 Apostolus
5072 5750 5086 5787 :
5119 5751 5138 5783 ι
5168 5732 5387 5805 Propter

3829 5798 4237 5864 laudationem
4266 5814 4636 5889 unusquisque
4661 5832 4812 5882 suam
4844 5836 5062 5878 uxorein
5095 5798 5305 5893 habeat,
5334 5836 5384 5882 et
