5514 6652
2821 157 2838 164 .,
3026 147 3141 163 νην-ι·
3156 144 3235 159 ut.»
3256 148 3293 155 τ-α-νι
3312 146 3329 153 υ

2629 179 2646 192 μ
2697 163 2758 190 -“
2791 163 2800 168 ”
2882 162 2975 181 τ-ᾉ.
2998 164 3045 181 ἐτι-ν
3142 172 3153 175 ν
3176 170 3187 173 ι
3288 164 3291 165 ⁷

2355 189 2564 220 ζρτηςιΐ-ι-
2591 207 2612 214 .,.
2639 199 2786 212 ...ιιι-*ιιι-
2914 182 2937 191 7-⁷
2967 180 3395 215 *μέλις
3436 194 3453 197 “
3594 204 3609 209 ,
3658 186 3683 207 κν

1524 140 2975 283 Α
2271 217 2274 220 “
2377 134 3068 278 ..-.-....--ι-ι-.-ιι--ιι-ιι*1-.¹ειε²¹¹¹.-.,
3116 113 3315 280 -;;"'“"
3478 232 3573 235 Ῠίγ,

2553 239 2630 256 -ιι-νι-.
2759 233 2904 256 -ἀιεειε-τ·
2919 233 3116 252 ’μηδ-’ςὸ--ι
3149 257 3154 260 _
3225 235 3344 262 ..ξ-...ὡ
3372 232 3417 239 Π*
3590 242 3621 249 η-

513 662 611 720 ενδ
1192 648 1429 708 OPUSC.
1470 644 1649 702 XVIII.
1692 670 1762 682 —
1798 636 2077 698 CONTRA
2111 631 2693 689 IN'I‘EMPERANTES
2726 630 3079 689 CLEIIICOS.
3664 628 3772 685 δοι

511 784 839 844 unaquaeque
866 764 1040 822 virum
1069 780 1223 820 suum
1272 758 1499 816 habeat?
1532 756 1626 812 Vir
1653 754 1807 811 uxori
1838 750 2076 807 debitum
2107 745 2149 805 Α
2181 745 2328 844 νῑαίιι
2348 788 2363 813 ,
2416 760 2578 819 quem
2634 758 2887 817 tartareo:
2942 745 3181 801 libidinis
3236 754 3401 800 :estus
3450 742 3770 844 inﬂammat.

510 829 718 926 reddat,
748 829 803 914 et
848 872 984 913 uxor
1012 856 1164 912 viro?
1192 852 1241 922 (1
1267 852 1392 906 Cor.
1427 847 1545 919 vn.)
1575 867 1595 901 ι
1620 847 1777 910 Ecce,
1812 841 2081 913 inquiunt,
2262 829 2321 896 Si
2370 840 2433 906 is,
2483 840 2576 912 qui
2619 839 2953 911 nuptialibus
3000 852 3105 893 non
3162 836 3462 892 ernabatur
3514 834 3771 895 induviis.

509 952 623 1008 haec
648 948 939 1021 apostolica
966 943 1128 1002 verba
1154 940 1428 1013 generalia
1458 947 1616 995 sunt:
1641 946 1698 993 et
1722 936 1849 991 dum
1871 930 2085 989 unicui-
2182 952 2440 993 manuum
2493 934 2801 1003 pedumque
2827 931 2959 985 loris
2993 930 3240 985 addictus
3282 929 3335 982 in
3368 928 3619 983 tenebras
3648 941 3776 996 pro-

510 1057 614 1112 que
652 1018 883 1094 nubendi
931 1034 1202 1090 licentiam
1258 1030 1524 1095 tribuunt,
1567 1042 1664 1083 nos
1695 1025 1946 1112 excipere
1976 1035 2082 1076 non
2177 1029 2367 1100 jicitur
2396 1026 2617 1080 ultionis
2643 1025 2688 1096 (Ι

1594 1042 1664 1081 nos
1695 1025 1946 1095 excipere
1976 1035 2082 1076 non
2177 1029 2367 1100 jicitur
2396 1026 2617 1080 ultionis
2643 1024 2857 1096 (Matth.
2883 1022 3051 1094 xxu);
3075 1020 3204 1091 quid
3226 1018 3300 1075 tili
3325 1018 3649 1088 sperandum
3666 1028 3772 1083 est,

511 1110 778 1182 videntur.
804 1125 889 1181 Ad
912 1122 1055 1193 quod
1077 1136 1178 1191 ego
1204 1138 1216 1174 :
1246 1118 1303 1175 Si
1335 1134 1430 1188 per
1452 1119 1565 1173 hinc
1594 1116 1757 1170 verba
1787 1110 2084 1182 coniugalis

508 1217 911 1275 incontinentis:
929 1214 1125 1285 passim
1145 1210 1296 1267 frena
1321 1210 1592 1265 laxantur.
1607 1204 1874 1277 episcOpis
1896 1203 2083 1264 etiam,
2114 1210 2117 1213 '

509 1312 621 1367 sive
651 1306 951 1369 monachis,
996 1305 1217 1371 insuper
1244 1310 1300 1354 et
1325 1296 1609 1353 abbatibus
1645 1295 1870 1349 libertas
1892 1292 2086 1347 eadem

508 1416 615 1455 non
649 1407 890 1468 negetur.
923 1394 986 1448 Et
1016 1392 1270 1463 quoniam
1293 1398 1521 1458 uterque
1547 1401 1710 1442 sexus
1737 1399 1841 1439 non
1874 1384 2088 1437 diversa

510 1492 626 1562 lege
659 1486 1069 1556 constringitur,
1097 1484 1262 1538 etiam
1288 1494 1459 1535 sacrae
1492 1476 1732 1548 virgines
1754 1475 1821 1529 ad
1851 1472 2088 1528 ineunda

511 1580 806 1652 coniugalis
861 1576 1065 1648 copulae
1110 1573 1314 1630 fmdera
1360 1578 1745 1647 provocentur.
1809 1564 1913 1620 Sed
1969 1578 2089 1635 qua:

512 1687 669 1727 aures
697 1667 1078 1727 ecclesiasticis
1098 1666 1296 1720 attrita:
1315 1662 1575 1718 doctrinis
1596 1661 1699 1716 hoc
1712 1657 2091 1729 aequanimiter

512 1760 710 1824 ferant,
738 1767 925 1815 etnon
963 1755 1210 1827 protinus
1241 1760 1665 1824 expavescentes
1708 1749 1950 1803 immane
1998 1760 2088 1801 stt-

500 1848 792 1918 et'ilegium
853 1842 1307 1917 perhorrescant?
1352 1840 1423 1894 At
1469 1837 1715 1893 nonnulli
1778 1851 1941 1906 super
1987 1836 2091 1889 hac

510 1940 807 2007 quaestione
829 1933 1099 1997 conventi,
1128 1932 1193 1987 ad
1216 1929 1547 2001 paupertatis
1569 1928 1711 1983 illico
1732 1926 2092 1998 patrocinium

514 2026 816 2089 convolant,
856 2024 999 2079 unde
1026 2021 1127 2077 sibi
1169 2022 1415 2092 clypeum
1464 2018 1671 2073 frivolae
1725 2015 2095 2071 excusationis

504 2082 831 2186 opponant':
858 2111 1150 2175 Muliebris,
1208 2082 1479 2180 inquiunt,
1532 2106 1840 2162 sedulitatis
1888 2104 2092 2160 auxilio
2125 2082 2167 2138 Β

516 2220 705 2261 carere
732 2220 835 2260 non
883 2218 1189 2275 possumus,
1222 2202 1349 2272 quia
1399 2201 1478 2257 rei
1530 2199 1811 2255 familiaris
1849 2196 2090 2268 inopiam

516 2294 862 2349 sustinemus.

584 2382 790 2450 Quibus
830 2383 991 2438 etiam
1037 2396 1068 2435 e
1118 2381 1399 2438 contrario
1434 2380 1824 2450 respondemus
1853 2377 1976 2447 quia
2005 2376 2095 2431 ubi

520 2475 828 2544 angustiora
855 2483 981 2527 sunt
1006 2472 1283 2537 alimenta,
1312 2472 1383 2527 ibi
1413 2471 1589 2525 minor
1609 2479 1692 2525 est
1721 2470 1911 2524 alenda
1942 2467 2099 2523 fami-

522 2565 616 2629 lia;
666 2573 718 2619 et
768 2578 955 2617 mensa
1003 2578 1122 2632 quae
1172 2577 1277 2617 non
1328 2568 1584 2631 gravatur
1613 2559 1828 2629 eduliis,
1873 2573 1981 2613 non
2014 2566 2098 2624 est

508 2657 761 2727 pluribus
786 2656 1031 2711 obeunda
1061 2654 1321 2709 convivis.
1344 2652 1505 2709 Unde
1529 2666 1750 2707 necesse
1777 2658 1862 2705 est
1891 2660 1949 2703 ut
1970 2665 2101 2719 pau-

477 2817 482 2825 ν
521 2758 700 2817 pertas
729 2748 905 2816 indiga
930 2745 1238 2801 solitudinis
1283 2743 1612 2797 feminarum
1636 2740 2101 2796 doceatabdicare

521 2837 870 2897 consortium.
904 2846 957 2891 et
983 2850 1172 2906 greges
1202 2834 1479 2887 inhianter
1505 2830 1782 2886 edcntium
1814 2829 2101 2902 prohibeat

521 2925 741 2996 gignere
774 2925 1138 2995 parvulorum.

594 3018 791 3070 Verum
820 3031 925 3085 qua
958 3014 1153 3070 mentis
1196 3013 1419 3069 audacia
1466 3012 1664 3066 divinis
1705 3026 1813 3065 non
1863 3022 2101 3079 expave-

524 3116 678 3162 scunt
700 3107 1132 3176 appmpinquare
1150 3106 1419 3177 mysteriis
1435 3121 1449 3171 ;
1465 3120 1585 3159 cum
1610 3103 1796 3167 David,
1812 3098 2101 3171 antequam

526 3212 692 3283 panes
745 3199 1125 3268 propositionis
1165 3198 1417 3265 attingat,
1465 3196 1722 3250 mundum
1775 3209 1832 3249 se
1865 3210 1928 3248 ac
1974 3209 2104 3249 suos

520 3284 770 3357 jam'per
806 3288 1040 3342 triduum
1090 3302 1120 3341 a
1158 3296 1408 3342 contactu
1450 3286 1737 3341 mulierum
1788 3293 2104 3339 reverenter

2184 1120 2277 1190 qui
2310 1117 2623 1174 coelestibus
2654 1116 2904 1171 tricliniis
2925 1112 3290 1175 intromissus,
3326 1125 3434 1163 non
3473 1109 3634 1162 modo
3662 1122 3775 1161 non

2185 1216 2269 1264 est
2291 1206 2552 1276 spiritalis
2578 1203 2877 1260 indumenti
2908 1203 3106 1257 decore
3128 1200 3475 1269 conspicuus,
3507 1198 3600 1253 sed
3632 1197 3779 1252 ultro

2185 1300 2349 1353 etiam
2380 1296 2511 1351 fetet
2554 1294 2826 1351 sordentis
2855 1292 3082 1347 luxuriae
3117 1290 3369 1361 squalore
3400 1288 3690 1359 perfusus?
3719 1286 3780 1342 Si

2190 1392 2281 1447 ille
2310 1390 2547 1446 stridore
2593 1389 2855 1450 dentium,
2901 1394 2958 1442 et
3002 1385 3130 1440 ﬂetu
3181 1385 3440 1455 plectitur
3469 1383 3777 1447 oculorum,

2189 1482 2282 1555 qui
2312 1482 2458 1538 cultu
2485 1480 2739 1543 vestium,
2766 1478 3171 1533 convivautium
3209 1491 3314 1530 non
3364 1474 3600 1530 oblectat
3625 1486 3783 1541 aspe—

2190 1582 2311 1630 ctus
2334 1613 2349 1627 .
2374 1572 2518 1644 quod
2551 1571 2626 1626 illi
2669 1569 2956 1639 judicium,
2987 1570 3079 1638 qui
3108 1568 3424 1623 fmculentus
3451 1583 3515 1621 ac
3543 1565 3782 1630 luridus,

2191 1674 2451 1731 quantum
2483 1661 2548 1715 ad
2580 1662 2818 1729 scipsnm
2841 1658 3102 1729 nuptialis
3124 1655 3286 1713 edulii
3320 1655 3641 1710 munditiam
3666 1654 3789 1723 pol-

2192 1751 2313 1812 luit.
2359 1750 2814 1816 discumbentium
2844 1748 3165 1804 candidatos
3198 1745 3441 1808 offendit,
3498 1746 3787 1814 ipsumque

2192 1838 2393 1909 Regem
2440 1839 2677 1894 sordidis
2722 1836 2971 1894 manibus
3004 1847 3298 1892 attrectare
3328 1835 3642 1905 prmsuntit?
3678 1835 3785 1889 Da-

2197 1926 2323 1983 tban
2360 1938 2415 1981 et
2444 1926 2646 1982 Abiron
2685 1926 2971 1998 jurgantes
3005 1937 3193 1982 contra
3237 1925 3455 1997 Moysen
3491 1935 3547 1981 et
3599 1926 3787 1980 Aaron

2196 2025 2481 2080 dehiscens
2528 2029 2674 2075 terra
2718 2018 2963 2090 deglutiit
2989 2015 3175 2088 (Nunt.
3222 2017 3353 2087 xvi).
3397 2016 3537 2071 Core
3563 2024 3791 2085 propter

2199 2118 2300 2171 hoc
2331 2115 2505 2184 ipsum
2535 2127 2659 2167 cum
2704 2110 2950 2164 ducentis
2995 2108 3385 2178 quinquaginta
3416 2108 3564 2170 viris,
3596 2121 3793 2175 repen-

2199 2205 2369 2260 tinum
2400 2204 2465 2257 de
2494 2200 2634 2256 ccelo
2678 2197 3062 2254 descendentis
3094 2197 3232 2267 ignis
3280 2196 3588 2251 incendium
3623 2194 3793 2248 devo-

2199 2291 2366 2356 ravit,
2391 2299 2445 2344 et
2474 2288 2576 2343 iste
2607 2285 2878 2358 quomodo
2908 2286 3075 2350 vivet,
3103 2285 3195 2355 qui
3223 2300 3327 2339 non
3362 2280 3660 2347 hominem,
3690 2282 3788 2337 sed

2199 2382 2478 2436 hominum
2505 2388 2611 2433 tam
2643 2388 2892 2444 cruente,
2924 2385 3033 2431 tam
3057 2377 3292 2447 turpiter
3315 2374 3540 2431 offendit
3585 2378 3793 2429 Aucto-

2200 2469 2715 2543 rem?ﬁ,liujusmodi
2762 2469 2922 2539 plane
2972 2468 3155 2522 clerici
3196 2468 3519 2540 legationem
3572 2467 3797 2521 mittunt

2201 2550 2449 2626 Doanino,
2476 2575 2583 2614 non
2612 2559 2830 2629 quidem
2868 2559 3095 2628 strepitu
3126 2558 3289 2612 verbo
3332 2573 3444 2624 um,
3475 2558 3570 2613 sed
3592 2556 3799 2627 linguis

2199 2665 2423 2725 operum
2460 2658 2515 2704 et
2556 2650 2861 2705 intentione
2888 2662 3133 2703 votorum
3166 2665 3177 2699 :
3213 2646 3476 2702 Nolumus
3520 2648 3662 2702 hunc
3714 2661 3801 2700 re-

2199 2757 2370 2811 gnare
2394 2756 2556 2812 super
2585 2756 2706 2796 nos.
2724 2741 2799 2795 De
2826 2739 3023 2810 quibus
3054 2741 3239 2807 utique
3262 2740 3510 2793 dicturus
3534 2746 3617 2791 cst
3649 2745 3801 2807 post-

2205 2833 2452 2900 modum:
2478 2849 2495 2883 ι
2529 2829 2912 2885 Verumtamen
2942 2829 3192 2883 inimicos
3222 2844 3391 2893 meos,
3421 2828 3540 2883 illos
3571 2827 3665 2897 qui
3695 2841 3800 2881 no-

2205 2923 2422 2978 luerunt
2450 2938 2536 2978 me
2564 2930 2794 2993 regnare
2825 2936 2991 2991 super
3019 2937 3098 2985 se,
3130 2920 3400 2982 adducite,
3426 2930 3481 2974 et
3509 2916 3799 2973 interficite

2204 3026 2331 3071 ante
2386 3030 2471 3069 me
2524 3013 2679 3085 (Luc.
2730 3016 2903 3083 xu)»
2966 3011 3273 3067 Pharaonis
3325 3003 3524 3081 quippe
3581 3007 3804 3063 sibimet

2206 3122 2438 3178 prmesse
2466 3107 2809 3162 delectantur
2833 3104 3140 3175 imperium,
3165 3111 3220 3157 et
3242 3101 3411 3156 Deum
3442 3098 3605 3155 Israel
3632 3112 3802 3166 super

2208 3213 2267 3254 se
2300 3213 2526 3269 regnare
2556 3206 2910 3253 contemnunt
2944 3194 3142 3264 (Exod.
3174 3195 3238 3263 l).
3282 3192 3387 3248 Sed
3420 3192 3509 3246 ille
3546 3206 3639 3245 eos
3686 3189 3802 3243 luto

2209 3300 2265 3347 et
2293 3292 2555 3346 lateribus
2578 3288 2859 3361 opprimit,
2901 3289 3029 3359 quia
3057 3288 3339 3344 lutulentis
3369 3296 3534 3357 atque
3557 3285 3797 3341 emnosis

522 3377 783 3431 excusat?
836 3376 1054 3431 Dixerat
1098 3377 1243 3431 enim
1291 3376 1391 3431 sibi
1438 3374 1753 3430 Abimelech
1808 3374 2102 3427 sacerdos:
2138 3379 2182 3440 C
2212 3381 2468 3449 operibus
2496 3381 2753 3435 incubare
2775 3378 3065 3448 compellit.
3087 3378 3295 3445 Quibus
3324 3379 3581 3447 operibus
3608 3376 3776 3431 admit

530 3463 673 3520 «Non
700 3467 873 3521 habeo
893 3481 1058 3536 panes
1080 3466 1267 3530 laicos,
1282 3467 1376 3521 sed
1400 3475 1605 3520 tantum
1620 3470 1814 3536 pauent
1837 3474 2107 3520 sanctum.

525 3554 582 3611 Si
607 3559 793 3612 mundi
825 3566 950 3611 sunt
973 3557 1145 3626 pueri,
1178 3558 1414 3611 maxime
1449 3572 1481 3610 a
1511 3557 1849 3621 mulieribus,
1883 3557 2110 3611 mandu-

528 3658 649 3703 cent
676 3649 732 3720 (Ι
760 3647 885 3718 Reg.
918 3654 1057 3720 ut).
1080 3667 1098 3699 ι
1135 3649 1235 3704 Ubi
1278 3648 1594 3713 notandum,
1633 3649 1758 3717 quia
1814 3663 1935 3701 cum
1976 3647 2112 3702 dicit

524 3754 620 3794 eos
648 3741 741 3810 qui
774 3755 968 3810 panem
1012 3749 1258 3795 sanctum
1290 3740 1620 3810 cogebantur
1653 3738 1815 3794 edere
1872 3739 2110 3794 maxime

527 3845 555 3883 a
584 3831 906 3886 mulieribus
943 3830 1172 3886 mundos
1200 3845 1321 3885 esse
1347 3829 1580 3895 debere;
1612 3830 1899 3900 perspicue
1950 3829 2109 3884 docet

526 3926 730 3981 nullum
759 3925 930 3994 culpae
952 3926 1284 3996 contagium,
1310 3924 1511 3979 nullum
1541 3925 1764 3981 omnino
1788 3933 1998 3978 reatum
2024 3923 2109 3977 di-

526 4016 667 4071 vinis
720 4016 995 4088 mysteriis
1040 4030 1163 4070 esse
1205 4014 1561 4077 contrarium,
1589 4028 1753 4083 quant
1796 4020 1880 4067 est
1922 4012 2109 4067 illicita

527 4110 827 4176 presertim
856 4106 1157 4163 commistio
1202 4104 1547 4161 feminarum.
1574 4105 1743 4161 Porro
1766 4106 1895 4159 dum
1928 4112 2110 4158 tantus

524 4200 664 4268 apud
691 4209 906 4254 veteres
944 4207 1117 4252 metus
1144 4198 1343 4253 inesset
1375 4198 1581 4252 umbrae
1633 4196 1799 4267 390
1841 4195 2109 4250 Dominici

522 4290 795 4357 corporis,
822 4297 1024 4359 quanta
1061 4302 1203 4342 nunc
1230 4287 1458 4341 debetur
1483 4286 1583 4355 ipsi
1616 4286 1920 4340 reverentia
1948 4284 2103 4340 veri-

528 4378 660 4431 tati?
706 4378 776 4432 Et
821 4379 867 4432 si
912 4376 1190 4447 cenjngaie
1225 4377 1611 4431 commercium
1658 4376 1727 4431 ab
1779 4375 1921 4430 illius
1952 4375 2108 4446 panis

526 4469 905 4537 compescebat
956 4482 1197 4531 accessu,
1223 4476 1425 4536 quanto
1474 4466 1644 4535 magis
1690 4464 1759 4520 ab
1797 4466 1901 4520 hoc
1928 4479 2108 4521 sacro-

528 4569 715 4611 sancto
743 4556 1006 4628 mysterio
1038 4557 1393 4611 removendus
1422 4565 1501 4610 est
1539 4555 1854 4626 pellicatus?
1882 4556 1962 4609 Ab
1989 4570 2108 4611 soe-

527 4649 636 4705 lusi
692 4650 909 4710 Manus,
940 4663 1059 4717 quae
1088 4647 1357 4718 deputatae
1404 4647 1616 4702 fuerant
1664 4647 1731 4700 ad
1779 4647 2109 4701 ordinandas

2210 3479 2405 3524 centur
2435 3479 2487 3523 ct
2524 3469 2713 3538 paleae,
2760 3470 3006 3523 actiones
3050 3467 3264 3522 scilicet
3310 3465 3529 3521 inutiles
3562 3475 3619 3521 et
3673 3463 3807 3521 infe-

2210 3562 2423 3623 cundtc,
2460 3576 2522 3614 ac
2554 3560 2787 3614 ﬂammis
2815 3560 3343 3629 inexstinguibiltbus
3373 3543 3675 3629 deputatas.

2319 3649 2445 3705 ΟΑΡ.
2476 3650 2537 3706 ν.
2561 3680 2631 3690 —-
2650 3649 2893 3704 Citantnr
2918 3650 3154 3719 exempla
3191 3664 3357 3705 sacrm
3379 3648 3695 3720 Scriptum.

2278 3739 2404 3795 Istis
2431 3752 2692 3809 prmterea
2722 3740 3098 3810 prophetiemn
3124 3740 3335 3795 lumbar
3364 3740 3495 3797 itlud
3524 3741 3804 3810 aptissime

2211 3833 2484 3915 congruit,
2516 3832 2582 3886 de
2614 3847 2722 3901 quo
2762 3828 3027 3887 Jercatias
3057 3833 3133 3887 ait
3162 3851 3178 3885 :
3208 3851 3235 3884 ι
3258 3822 3403 3887 Dixit
3442 3832 3708 3888 Dominus
3738 3837 3808 3888 ad

2212 3940 2297 3979 rue
2324 3923 2536 3990 :‘Vade,
2570 3933 2625 3979 et
2650 3924 2869 3994 posside
2912 3925 3009 3979 tibi
3054 3925 3270 3980 lumbar
3296 3924 3521 3992 liueum,
3554 3936 3611 3980 et
3636 3940 3809 3995 pones

2212 4016 2345 4070 illud
2393 4031 2556 4085 super
2582 4016 2796 4072 lumbos
2842 4026 2960 4072 tuos
2984 4017 3119 4085 (λεν.
3167 4021 3353 4089 xm)»
3396 4019 3472 4073 De
3503 4033 3612 4087 quo
3641 4017 3808 4089 paulo

2213 4116 2335 4175 post
2366 4123 2377 4158 :
2416 4125 2433 4157 ε
2457 4105 2719 4184 Surgens,
2758 4107 2950 4176 inquit,
2981 4107 3142 4178 391
3177 4108 3313 4163 vade
3360 4109 3427 4162 ad
3466 4108 3804 4177 Euphraten,

2213 4205 2268 4251 et
2296 4197 2567 4252 absconde
2606 4197 2735 4252 illud
2783 4197 2853 4252 ibi
2884 4198 2939 4253 in
2980 4198 3248 4255 foramine
3279 4208 3463 4271 petrae.
3495 4201 3655 4269 Quod
3680 4217 3805 4257 cum

2212 4286 2452 4353 fecisset,
2479 4297 2533 4342 et
2563 4289 2616 4343 in
2644 4287 2939 4358 Euphrate,
2962 4290 3306 4361 sicutjussus
3336 4291 3539 4358 fuerat,
3569 4295 3807 4350 abscon-

2216 4380 2418 4443 dissot,
2450 4388 2575 4450 post
2619 4374 2884 4450 plurimos
2924 4380 3063 4447 dies,
3100 4383 3177 4437 ait
3212 4384 3473 4438 Dominus
3525 4386 3594 4441 ad
3641 4400 3805 4442 eum:

2217 4468 2411 4542 Surge,
2442 4472 2576 4527 vade
2602 4473 2672 4527 ad
2703 4471 3037 4544 Euphraten,
3074 4483 3127 4529 et
3157 4475 3292 4531 tolle
3323 4476 3448 4530 inde
3473 4477 3709 4534 lumbar.
3740 4479 3809 4535 Et

2215 4562 2347 4626 abii,
2392 4561 2592 4633 inquit,
2624 4563 2693 4619 ad
2720 4564 3057 4634 Euphraten,
3086 4576 3141 4623 et
3171 4567 3267 4623 tuli
3313 4569 3530 4626 lutnbar
3574 4571 3643 4626 de
3688 4572 3808 4633 loco

2215 4651 2307 4705 ubi
2362 4651 2754 4709 absconderem
2796 4655 2925 4710 illud
2958 4671 2974 4709 :
3002 4667 3058 4712 et
3104 4672 3234 4715 ecce
3264 4670 3702 4731 computruerat,
3736 4666 3811 4719 ita

526 4740 579 4793 in
605 4740 851 4796 cmlestis
883 4754 1079 4793 mensae
1106 4737 1309 4793 ferculo
1334 4737 1524 4794 vitales
1557 4738 1743 4807 epulas
1771 4737 2103 4807 angelorum,
2133 4714 2189 4777 9
2218 4753 2273 4799 ut
2301 4744 2428 4799 nulli
2455 4747 2574 4800 usui
2597 4754 2783 4816 aptum
2811 4757 2977 4803 esset,
3012 4749 3079 4806 Ει
3109 4714 3191 4804 an,

529 4838 767 4884 tractare
806 4842 914 4883 nou
948 4838 1193 4882 metuunt
1220 4829 1609 4885 obscteaitates
1660 4841 1713 4884 et
1744 4845 1939 4899 spurca
1972 4845 2105 4883 con-

528 4920 665 4991 tagia
700 4920 1013 4973 mulierum.
1063 4920 1120 4982 ii,
1156 4920 1247 4990 qui
1287 4921 1427 4976 inter
1473 4921 1561 4975 illa
1609 4920 1873 4976 terribilia
1926 4937 2112 4976 sacra-

526 5022 705 5067 menta
733 5013 923 5068 choris
948 5013 1313 5067 admiscentur
1350 5013 1631 5083 angelicis,
1683 5027 1809 5068 mox
1854 5022 2111 5083 tanquam

530 5102 591 5157 de
616 5104 759 5159 calo
787 5110 1031 5166 ruentes,
1079 5102 1146 5157 ad
1196 5102 1441 5159 feminea:
1486 5103 1749 5158 {inuitatis
1796 5104 2113 5159 relabuntur

530 5192 829 5259 amplexus,
851 5191 1193 5245 etvelutsues
1213 5192 1503 5246 immundae
1529 5193 1761 5247 emitesis
1789 5193 2113 5261 vermigence

530 5276 754 5335 luxuriae
792 5280 1091 5334 volutabris
1126 5280 1537 5349 immerguntur.
1577 5282 1857 5348 «Quorum
1905 5284 2114 5347 scilicet

531 5369 665 5436 ignis
687 5386 797 5425 non
832 5372 1222 5441 exstinguetur,
1243 5383 1299 5427 et
1320 5388 1516 5427 vernus
1546 5390 1653 5429 non
1684 5374 1944 5429 morietur
1975 5375 2113 5447 (Ira.

531 5464 691 5531 uvt).
715 5481 734 5514 ι
770 5462 983 5518 (ἶωιυιη
1012 5467 1272 5534 aperitur,
1317 5482 1528 5521 summa
1575 5467 1735 5521 simul
1784 5468 1838 5523 in
1871 5485 2035 5525 unum
2062 5477 2119 5524 et

530 5552 635 5607 ima
663 5563 1027 5619 concurrunt,
1052 5564 1106 5608 et
1138 5570 1197 5610 se
1222 5556 1475 5611 sordibus
1498 5558 1727 5627 quilibet
1750 5559 2009 5614 audacter
2041 5560 2120 5613 in-

534 5658 717 5714 gerere
762 5661 874 5700 non
912 5654 1147 5699 veretur.
1180 5646 1481 5702 Potestates
1526 5650 1779 5718 angelica:
1828 5661 2124 5707 trementes

532 5739 816 5803 assistunt,
878 5738 1022 5792 inter
1080 5738 1417 5795 offerentium
1474 5759 1664 5797 manus
1717 5744 1892 5800 virtus
1942 5747 2122 5802 divina

536 5825 833 5890 descendit,
893 5828 1091 5882 donum
1138 5833 1307 5885 sancti
1360 5831 1592 5902 Spiritus
1641 5834 1836 5902 inﬂuit,
1883 5837 2123 5905 pontifex

538 5913 643 5979 ille,
693 5931 863 5987 quem
904 5917 1133 5971 adorant
1174 5922 1368 5989 angeli,
1402 5937 1432 5975 a
1464 5923 1544 5977 sui
1601 5925 1846 5994 corporis
1910 5935 1967 5980 et
2000 5943 2127 5982 san-

540 6007 710 6074 guinis
771 6008 953 6063 hostia
1025 6024 1130 6062 non
1196 6014 1428 6072 recedit,
1480 6028 1535 6070 ρι
1585 6018 1777 6072 adesse
1851 6035 1953 6074 non
2018 6029 2126 6076 tre—

990 6101 1250 6161 Psrnor..
1296 6101 1541 6180 CXLV.

2219 4844 2457 4888 trescere
2482 4834 2674 4889 faciam
2703 4838 3015 4905 superbiam
3042 4837 3201 4903 Juda,
3230 4850 3285 4894 ct
3314 4843 3624 4910 superbiam
3651 4843 3809 4898 Jeruo

2214 4926 2381 4981 salem
2414 4927 2661 4992 multam,
2689 4928 2943 4998 populum
2975 4929 3135 4984 istum
3162 4933 3479 5001 pessimum,
3498 4934 3587 5002 qui
3616 4936 3808 4989 nolunt

2216 5019 2403 5073 audire
2435 5018 2597 5074 verba
2641 5035 2781 5085 mea,
2810 5029 2867 5075 et
2918 5021 3198 5077 ambulant
3227 5024 3283 5078 in
3329 5025 3601 5094 pravitate
3627 5026 3808 5084 cordis

2217 5110 2343 5165 sui:
2380 5122 2433 5165 et
2464 5119 2625 5165 erunt
2675 5111 2815 5166 sicut
2861 5111 3072 5168 lumbar
3121 5114 3284 5180 istud,
3338 5118 3483 5186 quod
3527 5119 3656 5174 nulli
3689 5125 3807 5177 usui

2217 5208 2401 5270 aptum
2443 5209 2526 5254 est
2549 5199 2796 5269 (Ibid.).s
2828 5200 2967 5268 Quid
3006 5202 3095 5258 hic
3132 5202 3383 5259 Jc'emize
3413 5221 3669 5275 persona,
3707 5211 3809 5265 nisi

2218 5288 2542 5343 Dominum?
2574 5289 2711 5355 Quid
2737 5290 2968 5355 lumbar,
2998 5292 3103 5347 nisi
3131 5294 3381 5349 ordinem
3405 5295 3677 5368 signiﬁcat
3705 5300 3811 5355 cle.

2219 5380 2494 5434 ricorum?
2521 5380 2710 5435 Omnis
2739 5381 2980 5437 Ecclesia
3012 5386 3177 5440 vestis
3204 5398 3287 5441 est
3305 5387 3530 5455 Christi,
3564 5392 3629 5444 de
3654 5392 3810 5461 cujus

2221 5474 2324 5528 sibi
2354 5473 2610 5528 membris
2656 5488 2753 5544 per
2782 5476 3101 5546 prophetam
3128 5478 3366 5535 dicitur:
3396 5499 3414 5532 ι
3436 5481 3700 5538 Omnibus
3726 5484 3813 5539 his
3906 5504 3909 5507 π

2219 5561 2369 5615 velut
2423 5572 2745 5617 ornamento
2784 5566 3038 5621 vestieris
3090 5566 3226 5637 (Isa.
3259 5572 3468 5640 xm).t
3513 5570 3620 5625 Sed
3672 5574 3810 5627 sicut

2224 5652 2438 5707 lumbar
2467 5654 2718 5708 intimum
2749 5665 2834 5710 est
2857 5658 3098 5713 humano
3130 5662 3369 5729 corpori,
3400 5672 3454 5716 et
3480 5663 3688 5717 arctius
3720 5667 3807 5719 ad-

2226 5745 2397 5800 breret
2450 5762 2610 5816 quam
2658 5749 2879 5818 reliquas
2910 5760 3119 5818 vestes;
3160 5754 3233 5807 ita
3266 5755 3532 5809 clericalis
3572 5759 3705 5812 ordo
3737 5756 3811 5810 la-

2230 5838 2497 5892 miliarius
2520 5840 2715 5894 divinis
2738 5842 3105 5912 agglutinatur
3123 5845 3425 5913 obsequiis,
3449 5864 3611 5916 quam
3629 5850 3811 5903 caeteri

2229 5931 2509 5995 homines;
2537 5932 2679 5988 sicut
2706 5932 2816 5990 illic
2850 5936 2916 5990 de
2948 5935 3246 6012 Israelitico
3273 5940 3469 6008 populo
3492 5940 3674 5995 divina
3705 5955 3808 5997 νον(

2232 6024 2308 6078 ait
2340 6040 2353 6078 :
2393 6023 2591 6081 tSieut
2619 6028 2765 6081 enim
2797 6026 3034 6083 adhaeret
3070 6028 3283 6083 lumbar
3319 6033 3385 6084 ad
3424 6031 3634 6087 lumbos
3687 6035 3811 6101 vari,

3305 6120 3372 6183 l3

5096 424 5103 619 1

4724 6406 5136 6554 Δ
