4276 6340
699 372 804 430 395
1116 366 1173 424 S.
1214 364 1414 421 PETRI
1447 360 1723 419 DAbILANi
1763 357 1911 416 OPP.
1953 354 2183 412 TOMUS
2223 352 2351 409 SEU
2394 347 2574 408 PARS
2610 346 2693 404 ιιι.
2734 376 2802 389 -
2840 342 3207 403 OPUSCULA
3248 337 3488 398 VARLL
3880 332 3967 387 396

702 487 782 540 sic
808 480 1122 554 aggmtmavi
1149 480 1275 532 mihi
1302 492 1513 531 omnem
1537 479 1747 529 domum
1770 469 2019 533 israel,et
2040 481 2249 522 omnem
2280 470 2325 525 Α
2354 467 2479 557 dum
2519 463 2719 557 quique
2792 462 3052 557 carnales
3092 467 3147 513 et
3195 454 3653 557 sordidigsitam
3708 448 3969 557 etiamin

705 546 917 629 «tantum
946 570 1097 633 Juda,
1130 569 1257 623 dicit
1283 567 1567 628 Dominus;
1594 572 1648 616 ut
1681 571 1818 615 essm
1848 558 1974 613 mihi
2004 557 2057 610 in
2090 569 2254 624 popu-
2354 554 2578 606 luxuria:
2610 552 2783 605 fetore
2830 550 3171 603 concludunt.
3209 546 3346 599 Nulli
3376 546 3555 633 etiarn
3618 546 3759 595 usui
3799 550 3971 633 aptum

706 668 834 729 lum,
865 672 917 718 et
962 664 1012 716 in
1043 630 1260 723 nomen,
1291 668 1344 712 et
1386 659 1437 709 in
1472 655 1700 717 laudem,
1731 660 1786 707 et
1836 650 1887 703 in
1918 645 2163 716 gloriam,
2204 648 2259 695 et
2357 652 2621 711 repertum
2650 650 2764 703 est;
2811 654 2935 707 quia
2985 638 3241 691 Dominus
3294 636 3374 729 ait
3400 653 3423 729 ε-
3450 652 3469 684 ι
3502 632 3709 686 Nemo
3766 630 3972 681 mittens

704 725 1119 809 nonvaudierunt
1142 746 1272 816 (Jer.
1306 744 1445 812 xm).
1469 762 1487 794 ι
2357 748 2571 788 manum
2599 746 2750 784 suam
2781 733 2845 783 ad
2874 740 3136 789 aratrum,
3172 737 3227 779 et
3253 725 3535 795 aspiciens
3592 732 3794 781 retro,
3833 729 3976 819 aptus

770 843 995 909 Quibus,
1023 811 1219 906 qureso,
1248 844 1356 888 tam
1386 811 1524 901 apte,
1565 840 1671 885 tam
1702 841 1953 897 expresse
1996 824 2131 879 sicut
2155 822 2262 875 cle-
2358 836 2438 880 est
2461 839 2622 893 regno
2655 824 2745 877 Dei
2780 823 2929 892 (Luc.
2960 825 3061 911 ix).
3081 823 3211 911 rAc
3238 820 3283 872 si
3326 826 3525 911 aperte
3549 904 3559 911 _
3573 817 3757 911 dicat
3787 829 3801 864 :
3828 811 3974 911 Quis:

702 897 830 988 t'icis
860 897 1079 1001 possunt
1129 897 1229 980 ista
1280 897 1597 992 congruere,
1648 920 1738 988 qui
1786 932 1978 971 nomen
2010 915 2261 977 Dei,lau-
2357 913 2499 982 quis,
2531 914 2767 965 dictante
2820 912 2901 963 sui
2952 909 3157 963 ordinis
3206 906 3392 975 regula
3447 897 3977 1003 pudicitiae-sctum

705 1027 820 1077 dem
850 992 902 1075 et
923 1019 1143 1089 gloriam
1167 1014 1465 1085 specialiter
1495 1010 1765 1065 constituti
1794 1002 2262 1074 suntprzedicare?
2359 1001 2545 1070 arripit
2570 1003 2787 1061 stivam,
2823 1001 2865 1052 si
2905 1000 3246 1089 postmodum
3294 1013 3389 1064 per
3418 998 3706 1089 ardorem
3743 992 3980 1045 libidinis

705 1113 858 1165 Sient
892 1083 1034 1164 enim
1081 1083 1243 1160 lsrael
1276 1112 1329 1157 et
1375 1098 1835 1168 Juda-peculiaris
1892 1106 2009 1149 erat
2037 1092 2261 1162 populus
2360 1092 2542 1145 oculos
2591 1089 2814 1143 reﬂeetit
2860 1090 2925 1140 ad
2974 1088 3297 1150 Sodomam;
3348 1086 3480 1151 quia
3525 1083 3659 1150 jam
3723 1088 3982 1135 montana

705 1200 815 1253 Deo
860 1201 999 1253 inter
1026 1209 1209 1250 omnes
1236 1199 1418 1261 gentes
1452 1198 1626 1250 terrae,
1664 1187 1734 1239 ita
1763 1201 1903 1238 nunc
1935 1183 2110 1236 clerici
2142 1194 2263 1247 spe-
2362 1177 2625 1251 desperat,
2668 1196 2829 1249 regno
2857 1180 2945 1232 Dei
2979 1193 3037 1232 se
3060 1194 3279 1246 prorsus
3310 1176 3561 1230 inutilem
3603 1176 3840 1227 factum
3873 1187 3983 1225 esse

709 1288 915 1342 cialiter
942 1284 1214 1338 adhaerent
1241 1279 1454 1333 Christo
1486 1290 1593 1344 pra:
1636 1273 1845 1327 cunctis
1882 1270 2137 1324 membris
2167 1266 2264 1320 Eco
2362 1274 2718 1326 demonstrat.
2775 1270 2852 1323 Ad
2904 1270 3073 1322 instar
3121 1282 3251 1336 ergo
3299 1267 3567 1320 lumbaris
3610 1267 3675 1318 in
3727 1264 3985 1318 humecta

706 1376 899 1431 elesize.
950 1372 1038 1427 isti
1070 1383 1259 1437 nempe
1287 1376 1411 1421 sunt
1442 1365 1651 1419 lumbar
1679 1364 1876 1416 linenm
1924 1360 2141 1414 arctiori
2181 1357 2263 1411 di-
2364 1361 2480 1416 loco
2528 1360 2705 1428 positi,
2758 1358 2937 1413 clerici
2996 1368 3457 1427 eomputrescuut,
3517 1356 3667 1409 dum
3751 1354 3987 1407 tumidos

700 1470 830 1521 \ino
859 1461 1069 1532 corpori
1119 1455 1481 1513 familiaritate
1525 1469 1845 1509 connexum.
1877 1450 2069 1503 Linum
2099 1448 2265 1517 siqui-
2363 1452 2604 1520 crapula,
2632 1459 2688 1504 et
2714 1449 2975 1503 ebrietate
2999 1458 3218 1502 ventres
3263 1448 3606 1517 ingurgitant
3638 1465 3653 1497 :
3686 1446 3831 1497 dum
3867 1444 3985 1496 Illu-

707 1555 824 1608 dem
852 1551 1111 1605 laboriose
1132 1548 1372 1617 pervenit
1393 1546 1457 1598 ad
1480 1544 1761 1597 candorem
1790 1558 1801 1592 :
1826 1548 1879 1593 et
1902 1539 2082 1593 clerici
2110 1537 2265 1590 modo
2364 1541 2449 1593 vie
2474 1555 2530 1594 se
2557 1538 2790 1591 libidinis
2824 1546 2877 1589 et
2906 1550 3135 1590 comosa:
3162 1536 3387 1588 luxuria:
3410 1534 3648 1589 ﬂuentis
3682 1532 3983 1587 inundant.

709 1648 1008 1700 litterarum
1057 1640 1248 1694 studiis
1302 1635 1616 1696 insudando,
1648 1632 1804 1685 modo
1846 1645 1939 1697 per
1986 1627 2265 1681 intervalla
2367 1631 2563 1697 Sicque
2600 1628 2808 1682 eunetis
2852 1628 3038 1681 usibus
3069 1628 3370 1681 redduntur
3399 1626 3669 1687 inutiles;
3709 1623 3851 1692 quia
3886 1635 3985 1689 qno

712 1746 1006 1803 temporum
1034 1729 1348 1797 quibusdam
1377 1725 1625 1795 gralibus
1667 1720 2023 1782 ascendendo,
2053 1715 2265 1771 diﬂit‘ile
2368 1719 2536 1789 magis
2558 1720 2805 1772 videntur
2840 1718 2892 1770 in
2922 1732 3082 1771 carne
3110 1718 3403 1779 virescere,
3429 1731 3497 1769 eo
3526 1716 3809 1803 deterius
3849 1727 3987 1764 inar-

714 1802 1095 1891 promoventur
1123 1815 1187 1868 ad
1225 1813 1362 1867 sacri
1392 1812 1593 1865 ordinis
1633 1810 1963 1879 dignitatem.
2018 1804 2263 1872 Alioquin
2299 1808 2336 1864 Β
2368 1817 2644 1861 cesccntes
2673 1806 3015 1860 obsolescunt
3044 1805 3097 1857 in
3128 1805 3424 1872 squalentis
3455 1804 3671 1858 anima:
3706 1802 3982 1857 faeditatc.

713 1926 755 1961 st
802 1906 920 1976 quis
955 1902 1336 1959 contentiosius
1382 1908 1585 1954 aStruat
1638 1900 1736 1951 hoc
1779 1898 1929 1965 juxta
1975 1893 2263 1959 Scriptum
2366 1900 2439 1952 De
2490 1897 2683 1965 quibus
2731 1896 2782 1948 in
2825 1895 3070 1963 psalmo:
3108 1894 3405 1962 «Corrnpti
3455 1903 3607 1958 sunt,
3669 1894 3891 1961 inquit,
3934 1900 3983 1943 ct

711 1996 903 2049 seriem
930 1990 1275 2045 historialiter
1304 1987 1524 2050 factum,
1555 2000 1653 2039 nec
1694 1984 2045 2052 spiritualiter
2077 1979 2266 2034 intelli-
2366 1985 2753 2040 abominabiles
2783 1983 2909 2038 facti
2958 1993 3084 2038 sunt
3131 1984 3185 2037 in
3216 1983 3583 2052 voluptatibus
3635 1982 3773 2038 suis
3808 1977 3982 2051 (Paul.

712 2083 962 2153 gendum,
995 2080 1259 2148 quomodo
1285 2077 1545 2131 Jeremias
1574 2074 1744 2145 potuit
1785 2076 1921 2127 inter
1955 2073 2264 2125 inuumera—
2364 2078 2505 2145 χιιι),
2537 2096 2555 2129 ι

712 2174 847 2227 ιηι-ιε
887 2172 1252 2240 Assyriorum,
1288 2167 1760 2233 Chaldmorumque
1806 2165 2049 2217 nationes
2081 2160 2266 2213 urbem

2185 2174 2266 2212 θη]
2467 2166 2597 2221 CAP.
2614 2164 2702 2221 Vl.
2726 2196 2793 2206 —-
2818 2166 3125 2218 Adhortalio
3153 2169 3221 2217 ad
3246 2162 3463 2217 Petrum
3488 2162 3874 2216 cardiunlem.

711 2261 1005 2314 Jentsalcm
1030 2258 1341 2325 constipatis
1365 2254 1663 2323 agminibus
1683 2253 2009 2317 obsidentes,
2038 2250 2265 2303 lumbari
2436 2254 2513 2308 Tu
2540 2266 2738 2316 autem,
2762 2255 3083 2308 venerabilis
3107 2252 3296 2314 frater,
3330 2254 3411 2307 his
3439 2252 3680 2321 aliisque
3724 2252 3979 2318 Scriptu-

701 2353 1030 2421 ,prmcinctns
1056 2350 1231 2411 exire,
1266 2346 1422 2413 idque
1455 2348 1504 2398 in
1550 2346 1834 2412 Euphrate,
1860 2344 1949 2413 qui
1981 2352 2086 2396 tam
2115 2343 2267 2410 longe
2368 2360 2547 2398 rarum
2581 2344 2699 2397 telis
2728 2354 2991 2407 armatus,
3036 2344 3298 2397 adversus
3342 2342 3556 2396 Madian
3604 2352 3812 2396 castra
3847 2355 3975 2393 con-

712 2441 972 2503 dccnrrit,
998 2434 1356 2493 abscondere?
1379 2434 1720 2489 Postmodum
1749 2448 1959 2504 quoque
1990 2430 2268 2502 proﬂigato
2368 2435 2609 2501 gredere,
2655 2432 2929 2496 Zambrin,
2971 2442 3021 2485 et
3053 2432 3275 2494 Cosbiu.
3321 2432 3372 2484 in
3402 2431 3699 2485 meritorio
3742 2428 3976 2498 turpiter

715 2530 950 2585 diuturni
1005 2526 1259 2595 temporis
1302 2540 1480 2589 cursu,
1514 2541 1617 2592 quo
1667 2534 1823 2593 pacto
1852 2524 2001 2591 quasi
2050 2535 2270 2576 securus
2369 2523 2829 2585 coeuntes,d.viui
2872 2524 3017 2576 verbi
3050 2524 3282 2591 pugione
3318 2523 3608 2590 transfige,
3662 2534 3733 2575 ut
3784 2533 3973 2589 pacem

718 2620 899 2681 rediit,
955 2617 1185 2683 illudque
1217 2612 1593 2681 putrefactum,
1637 2614 1775 2667 sicut
1800 2614 2079 2679 Scriptura
2109 2619 2271 2663 testa-
2371 2612 2589 2665 fmderis
2637 2612 2868 2674 Domini,
2917 2621 2970 2665 et
3010 2613 3099 2680 jus
3129 2611 3418 2663 sacerdotii
3472 2612 3818 2678 sempiterni
3853 2623 3969 2663 cum

714 2718 825 2769 tur,
858 2704 1084 2766 invenit;
1114 2717 1233 2755 cum
1279 2700 1575 2755 Jerusalem
1608 2701 1853 2753 videlicet
1900 2699 2062 2759 fossa,
2106 2696 2265 2760 vallo,
2369 2699 2596 2754 Pbiuees
2626 2701 2884 2754 merearis
2918 2703 3200 2769 accipere:
3233 2718 3250 2750 ι
3278 2700 3435 2758 Ecce.
3463 2700 3642 2768 inquit
3672 2699 3971 2760 Dominus,

715 2795 948 2849 castellis
994 2804 1047 2847 et
1081 2805 1193 2844 tam
1211 2792 1396 2844 crebra
1418 2791 1649 2858 undique
1680 2798 1819 2843 esset
1847 2789 2142 2841 munitione
2164 2788 2270 2841 cir-
2378 2792 2444 2843 do
2468 2792 2516 2845 ei
2548 2805 2734 2859 pacem
2766 2792 2983 2845 fmileris
3012 2793 3135 2855 mei,
3164 2800 3219 2845 et
3248 2792 3353 2845 erit
3382 2801 3487 2844 tam
3520 2791 3647 2860 ipsi,
3684 2806 3864 2860 quam
3889 2803 3972 2843 se-

718 2881 996 2937 cumdata?
1045 2879 1173 2932 Nam
1224 2892 1341 2929 eum
1388 2876 1669 2944 aliquando
1708 2876 1842 2929 idem
1894 2870 2149 2943 propheta
2206 2872 2271 2925 ad
2374 2881 2504 2933 mini
2563 2881 2705 2933 iilius
2759 2890 2971 2950 pactum
3029 2881 3315 2934 sacerdotii
3368 2882 3811 2948 sempiternum;
3846 2880 3970 2947 quia

719 2972 985 3026 Anathoth
1034 2968 1261 3021 riculum
1293 2980 1443 3019 suum
1479 2966 1531 3017 ill
1578 2965 1735 3017 tertio
1764 2964 2008 3016 milliario
2037 2964 2103 3017 ab
2139 2961 2269 3016 urbe
2373 2968 2574 3024 ηιατυς
2600 2980 2681 3022 est
2708 2986 2803 3038 pro
2836 2971 2945 3024 De“
2971 2986 3091 3033 suo,
3121 2980 3175 3024 el
3218 2970 3458 3039 expiavit
3504 2971 3689 3025 scelus
3725 2970 3965 3026 ﬁliorum

718 3065 875 3116 situm
908 3044 1193 3113 conaretur
1220 3057 1386 3117 exire,
1416 3056 1465 3106 in
1492 3063 1641 3122 porta
1676 3053 1915 3121 protinus
1946 3054 2173 3120 capitur,
2201 3052 2266 3105 ad
2304 3120 2336 3129 Δ
2371 3058 2534 3111 lsracl
2566 3056 2751 3127 (Nam.
2799 3062 2946 3129 xxv).
2978 3079 2996 3110 ι
3049 3058 3163 3113 Νοιι
3215 3061 3400 3128 itaque
3448 3060 3727 3115 hostilitas
3779 3062 3968 3113 lintea-

718 3156 987 3225 princtpes
1026 3152 1271 3210 trahitur,
1299 3148 1532 3217 graviter
1560 3144 1888 3203 verberatur,
1931 3152 1986 3194 et
2018 3153 2265 3207 tanquam
2296 3120 2341 3179 θ
2377 3155 2407 3199 ιι

2296 3120 2462 3199 ctur
2533 3148 2802 3211 humana,
2883 3164 3003 3217 quae
3071 3164 3201 3218 pace
3279 3148 3444 3203 divini
3519 3152 3757 3205 hederis
3817 3164 3966 3203 com-

716 3242 1009 3313 transfuga,
1029 3244 1136 3295 'sive
1158 3240 1342 3309 patria:
1364 3236 1620 3304 proditor,
1651 3234 1699 3286 in
1727 3246 1994 3286 carcerem
2020 3231 2268 3283 truditur.
2372 3247 2647 3305 pensatur.
2679 3236 2887 3309 Moyses
2915 3254 3145 3307 namque
3171 3240 3295 3308 quia
3329 3240 3964 3312 percussit‘ﬁgyptinm,

716 3336 851 3405 Quia
888 3349 1014 3401 ergo
1048 3346 1148 3384 non
1178 3328 1545 3394 consequitur,
1575 3332 1632 3376 ut
1660 3322 1987 3391 intelligatur
2017 3319 2270 3372 bistoria-
2373 3322 2626 3392 profugus
2671 3340 2794 3377 mox
2848 3326 3030 3380 amisit
3078 3324 3370 3398 IEgyptum
3398 3329 3573 3381 :uude
3610 3331 3965 3396 pusttnodum

719 3425 842 3479 liter
890 3422 1108 3481 factum,
1157 3425 1365 3471 constat
1418 3412 1602 3481 procul
1647 3411 1806 3464 dubio
1858 3410 2043 3479 typica‘
2092 3408 2275 3475 figurae

720 3528 825 3567 non
848 3512 1031 3564 deesse
1060 3505 1387 3575 mysterium.
1413 3502 1553 3556 Bene
1579 3515 1703 3569 ergo
1729 3512 1823 3567 per
1847 3498 2056 3551 lumbar
2077 3496 2272 3550 linenm

715 3603 864 3667 iusta
895 3598 1027 3660 inec,
1053 3609 1167 3663 quae
1193 3590 1436 3660 superius
1466 3588 1603 3644 dicta
1627 3596 1770 3651 sunt,
1796 3585 1991 3640 chorus
2021 3584 2274 3654 exprimi-

721 3700 807 3740 tur
839 3686 1174 3740 clericorum.

792 3773 939 3840 uod
975 3781 1150 3825 autem
1199 3772 1299 3824 hoc
1333 3766 1542 3822 lumbar
1586 3768 1637 3821 in
1667 3766 1996 3835 Euphraten,
2036 3764 2140 3819 hoc
2191 3773 2276 3818 est

722 3867 775 3918 in
805 3876 1000 3929 aquoso
1046 3862 1181 3921 loco,
1221 3868 1275 3910 et
1325 3858 1376 3910 in
1432 3856 1691 3909 foramine
1758 3866 1945 3923 petraz,
1991 3854 2042 3904 i;l
2094 3861 2175 3906 est
2224 3854 2277 3907 in

720 3953 1049 4005 obscuritate
1093 3957 1250 4015 atque
1278 3947 1465 3999 umbra
1491 3946 1613 4014 poni
1642 3944 1878 4013 jubctur,
1903 3943 2026 4011 quid
2060 3958 2154 4011 per
2176 3944 2276 3996 hoc

723 4043 1059 4113 exprimitur,
1080 4040 1179 4093 nisi
1212 4037 1297 4090 illa
1329 4036 1641 4089 clericorum
1679 4033 1839 4103 392
1869 4048 2013 4100 pars,
2036 4047 2153 4100 qua:
2180 4033 2278 4086 sub

721 4133 1003 4203 voluptatis
1026 4132 1233 4193 umbra,
1268 4138 1321 4182 et
1358 4127 1406 4180 in
1439 4126 1579 4179 ﬂuxu
1622 4125 1843 4177 luxuria:
1883 4122 2280 4177 commoratur?

724 4224 798 4278 De
827 4237 1049 4291 quorum
1080 4221 1211 4274 duce
1241 4220 1294 4273 in
1343 4219 1477 4271 libro
1515 4215 1613 4269 Job
1638 4216 1893 4269 Dominus
1919 4213 2047 4267 dicit
2076 4232 2087 4264 :
2122 4231 2137 4263 ι
2169 4211 2280 4267 Sub

727 4311 913 4365 umbra
952 4308 1143 4362 dormit
1186 4308 1236 4360 in
1266 4316 1474 4361 secreto
1504 4305 1693 4359 calami
1755 4313 1807 4357 ct
1841 4302 1973 4357 locis
2014 4302 2279 4355 humenti-

724 4407 843 4460 hus.
895 4403 1184 4471 Protegunt
1226 4400 1428 4452 umbrre
1482 4398 1723 4451 umbram
1776 4394 1909 4461 ejus,
1948 4394 2280 4449 circumdant

725 4507 845 4545 eum
876 4491 1064 4545 salices
1096 4486 1345 4541 torrentis
1393 4483 1511 4554 (Job
1540 4488 1647 4552 re).
1677 4504 1692 4535 ι
1728 4484 1899 4552 Atque
1944 4492 1996 4537 ut
2031 4485 2279 4538 ostendat

727 4589 982 4650 quantum
1014 4593 1131 4630 cum
1172 4576 1282 4630 suis
1311 4574 1661 4628 familiaribus
1704 4574 1753 4625 in
1802 4568 2131 4626 habitatione
2176 4570 2278 4624 ﬂu-

728 4670 889 4724 minis
916 4668 1227 4731 delectetur,
1260 4665 1500 4732 protinus
1531 4664 1730 4716 addidit
1761 4680 1774 4714 :
1810 4680 1826 4711 ι
1848 4662 1993 4715 Ecce
2022 4662 2277 4716 absorbe-

722 4762 801 4815 bit
829 4758 1063 4815 ﬂuvium,
1098 4766 1281 4809 etnon
1314 4752 1628 4805 mirabitur:
1654 4752 1809 4804 habet
1840 4751 1978 4803 enim
2010 4751 2278 4815 fiduciam,

717 4850 865 4920 quod
896 4848 1078 4901 inﬂuat
1101 4844 1347 4897 Iordanis
1374 4844 1423 4895 in
1448 4856 1506 4895 os
1526 4840 1795 4910 ejnsUbid
1822 4844 1857 4910 ).
1876 4862 1891 4891 ι
1925 4840 2075 4906 Quod
2104 4852 2279 4895 autem

724 4941 922 4993 dicitur
950 4936 1111 4987 fuisse
1132 4935 1360 5003 positum
1390 4934 1438 4985 in
1468 4930 1727 4985 foramine
1753 4942 1935 4999 petrae,
1968 4940 2140 4999 potest
2170 4948 2274 4987 non

728 5026 1166 5083 iuconvenienter
1192 5023 1405 5091 intelligi
1457 5025 1590 5075 intra
1631 5034 1777 5090 septa
1816 5023 2082 5075 Ecclesiae.
2117 5024 2278 5089 Quasi

721 5120 866 5172 enim
914 5118 966 5168 in
1002 5114 1264 5167 foramine
1310 5121 1474 5181 petra:
1508 5112 1684 5166 clerici
1742 5114 2104 5175 recluduntur,
2156 5115 2280 5167 dum

725 5208 865 5259 intra
898 5203 1148 5257 Ecclesia:
1178 5201 1361 5252 limina
1394 5200 1503 5253 suis
1546 5201 1811 5254 excubare
1856 5201 2166 5255 ministeriis
2195 5216 2283 5254 sc-

726 5274 847 5346 dula
896 5291 1319 5359 frequentatione
1356 5286 1624 5355 iubentur.
1657 5286 1887 5342 Lumbar
1914 5303 2041 5355 ergo
2083 5290 2132 5340 in
2184 5288 2280 5340 hu-

726 5382 889 5435 tncnti
945 5381 1060 5433 loco
1104 5379 1329 5446 positum
1385 5378 1619 5444 putruit;
1667 5376 1787 5444 quia
1842 5377 1907 5429 de
1957 5379 2041 5439 iis,
2086 5377 2175 5447 qui
2226 5378 2277 5430 in

724 5474 950 5526 luxuria:
1005 5470 1232 5523 ﬂuxihus
1288 5470 1657 5530 immorantur,
1714 5468 1967 5534 propheta
2014 5475 2274 5521 testatur:

731 5583 747 5612 ‹
778 5563 1223 5629 Computruerunt
1249 5558 1486 5624 jmnenta
1519 5559 1567 5609 in
1598 5566 1840 5610 stercore
1870 5571 1964 5608 suo
1996 5557 2150 5621 (Joel.
2179 5560 2269 5625 ι).›

720 5649 966 5706 Jamenta
1031 5647 1223 5715 quippe
1268 5645 1318 5697 in
1378 5655 1609 5698 stercore
1661 5657 1757 5697 suo
1810 5652 2271 5713 computrescunt,

2307 4448 2357 4507 D

2375 3412 2517 3465 velut
2544 3424 2702 3466 aucto
2733 3412 2957 3475 fumare.
2988 3414 3152 3468 totius
3178 3415 3486 3469 lsraelitica:
3517 3417 3693 3485 plebis
3725 3418 3962 3472 obtinuit

2373 3501 2774 3570 principatum:
2807 3501 2989 3556 «Vidit
3036 3505 3201 3567 enim,
3255 3514 3311 3557 ut
3361 3500 3645 3574 Scriptura
3708 3516 3961 3568 testatur,

2372 3591 2545 3644 virum
2584 3591 2894 3662 AEgyptium
2926 3594 3317 3661 percutientem
3351 3596 3641 3664 quemdam
3673 3596 3747 3651 de
3776 3597 3961 3651 fratri-

2372 3681 2473 3735 bus
2510 3682 2644 3744 suis,
2689 3698 2847 3750 quem
2885 3683 3027 3736 illico
3073 3698 3389 3753 percussum
3449 3688 3741 3743 abscondit
3773 3687 3961 3743 sabulo

2378 3770 2569 3840 (Exod.
2606 3774 2687 3839 ιι).
2710 3792 2727 3822 ι
2765 3772 2840 3825 Tu
2876 3788 3101 3842 «quoque
3126 3775 3254 3828 dum
3301 3777 3454 3831 vides
3480 3776 3827 3847 Egyptium,
3865 3779 3959 3831 hoc

2376 3870 2456 3913 est
2482 3862 2775 3930 principem
2830 3864 3195 3927 tenebrarum,
3234 3866 3533 3932 quemlibet
3577 3868 3647 3921 de
3695 3868 3960 3924 fratribus

2379 3954 2505 4015 tuis,
2522 3954 2785 4009 cle:ica|is
2810 3953 3015 4007 scilicet
3033 3954 3258 4019 ordinis,
3278 3956 3422 4025 virga
3450 3955 3689 4010 libidinis
3720 3960 3959 4027 alligen-

2381 4052 2519 4105 tem;
2542 4044 2647 4096 imo
2663 4044 2802 4110 quod
2816 4043 2985 4112 magis
2998 4045 3267 4113 congruit,
3283 4044 3464 4099 lethali
3484 4046 3669 4115 iaculo
3684 4051 3959 4103 trucidan-

2383 4143 2512 4193 tem,
2544 4132 2751 4185 vibrato
2781 4135 3023 4199 protinus
3050 4134 3199 4187 verbi
3238 4134 3415 4203 gladio
3453 4136 3505 4188 in
3544 4136 3716 4191 ictum
3764 4149 3818 4192 te
3852 4137 3959 4190 vul-

2379 4223 2525 4275 neris
2558 4222 2717 4292 393
2752 4236 2935 4285 exere,
2960 4237 3186 4291 eumque
3210 4224 3301 4293 qui
3339 4225 3700 4279 domesticum
3738 4227 3955 4283 seminis

2381 4312 2456 4363 tui
2515 4311 2805 4364 mulctabat
2834 4311 3043 4375 occide,
3099 4331 3117 4361 ι
3152 4326 3337 4381 argue,
3368 4313 3616 4377 obsecra,
3653 4317 3876 4387 increpa
3911 4317 3955 4367 in

2380 4398 2526 4450 omni
2566 4398 2844 4467 patientia,
2872 4407 2926 4450 et
2955 4399 3197 4451 doctrina
3232 4398 3314 4467 (11
3345 4398 3481 4452 Tim.
3510 4401 3606 4469 tv).
3633 4418 3654 4449 ι
3690 4401 3799 4456 Sed
3833 4417 3955 4473 quo-

2385 4489 2547 4549 niam,
2585 4488 2724 4539 sicnt
2757 4488 2896 4539 idem
2939 4497 3160 4541 testatur
3194 4489 3479 4556 Ap05lolus
3500 4530 3515 4555 ,
3563 4488 3600 4541 ἰ
3633 4506 3797 4546 erunt
3830 4510 3956 4547 non-

2386 4578 2514 4639 nulli
2545 4579 2632 4644 qui
2690 4592 2873 4630 sanam
2903 4578 3202 4632 doctrinam
3233 4595 3336 4632 non
3365 4582 3734 4645 sustinebunt,
3769 4584 3867 4637 sed
3895 4582 3953 4633 ad

2386 4680 2478 4718 sua
2513 4665 2773 4719 desideria
2818 4666 3212 4721 coacervabnnt
3241 4670 3339 4722 sibi
3384 4671 3674 4738 magistros
3709 4674 3954 4740 prurien-

2386 4762 2467 4809 tes
2501 4756 2741 4817 auribus,
2775 4766 2827 4809 et
2857 4764 3103 4810 averterit
3136 4759 3353 4825 quidem
3380 4761 3622 4813 auditum
3648 4777 3676 4813 a
3711 4766 3950 4824 veritate,

2387 4845 2453 4899 ad
2500 4844 2707 4898 fabulas
2752 4854 2927 4898 autem
2972 4855 3352 4901 convertentur
3398 4848 3540 4920 (Ibid
3570 4852 3623 4917 );
3672 4870 3719 4901 ι·
3751 4861 3805 4905 tu
3854 4851 3951 4906 noli

2383 4950 2615 4999 cessare,
2641 4934 2730 4988 sed
2760 4950 2856 5006 age
2908 4938 3047 5005 quod
3077 4939 3355 5007 sequitur:
3402 4958 3420 4989 ι
3456 4938 3533 4993 Tu
3565 4957 3721 5006 vero,
3754 4945 3851 5009 ait,
3882 4946 3924 4996 vi

2386 5025 2508 5092 giia,
2541 5025 2590 5077 in
2620 5025 2867 5079 omnibus
2913 5025 3113 5093 labora,
3154 5043 3289 5095 opus
3336 5027 3420 5081 fac
3457 5032 3824 5098 evangelista;
3866 5049 3952 5084 nu-

2387 5115 2662 5167 nisterimn
2715 5124 2860 5167 tuum
2906 5114 3065 5182 impie
3105 5115 3315 5186 (lbid.).
3350 5137 3366 5167 ι
3411 5117 3521 5170 Hos
3570 5120 3755 5187 itaque
3782 5124 3948 5181 modo,

2386 5217 2519 5270 quos
2546 5204 2779 5271 poteris,
2830 5204 3072 5267 attrahe;
3104 5216 3451 5261 contumaces
3478 5218 3682 5281 autem,
3714 5221 3770 5264 et
3797 5212 3951 5265 obsti-

2388 5304 2508 5344 nata
2558 5301 2736 5345 mente
2797 5292 3022 5346 rebelles
3070 5294 3119 5345 in
3155 5294 3526 5351 nbscmuitatis
3556 5313 3669 5352 sua:
3720 5300 3951 5354 fmiitate

2384 5380 2640 5449 relinque.
2661 5379 2773 5434 Hoc
2796 5389 2877 5436 est
2907 5372 3046 5436 enim
3076 5381 3386 5453 JEgypIiutu
3418 5388 3469 5439 in
3496 5390 3686 5442 sabulo
3709 5392 3947 5459 sepeire.

2386 5468 2639 5523 Sabulum
2683 5472 2878 5539 quippe
2906 5487 3131 5526 arenosa
3163 5484 3269 5537 est,
3307 5485 3361 5528 et
3409 5476 3616 5545 fragilis
3646 5488 3807 5542 terra,
3844 5496 3950 5549 quae

2382 5560 2648 5627 surgentis
2686 5559 2895 5613 aedificii
2942 5564 3220 5616 continere
3264 5576 3495 5633 nequeat
3526 5568 3944 5622 fundamentum.

2382 5646 2530 5705 Unde
2558 5664 2664 5705 non
2691 5646 2744 5704 in
2778 5662 2977 5718 arena,
3008 5650 3101 5706 sed
3135 5653 3187 5706 in
3222 5664 3371 5722 petra
3430 5668 3693 5727 perpetuo
3744 5674 3843 5710 non
3879 5660 3946 5713 la-
