4276 6336
117 426 222 483 597

127 551 257 593 sura
285 533 541 589 fundatur
567 530 802 587 Ecclesia
832 549 843 582 :
878 549 895 580 ι
931 528 1103 596 Super
1133 526 1291 586 hanc,
1321 518 1493 587 inquit
1518 512 1692 569 Domi—
1725 514 1768 572 Α
1796 522 1925 577 ergo
1971 512 2172 559 sancta:

126 641 265 691 nus,
315 634 521 695 petram
569 620 845 675 aedificabo
909 616 1205 672 Ecclesium
1264 625 1436 664 meam
1485 603 1707 695 (Matth.

128 716 271 785 xvi).
384 712 815 768 Fundamentum
846 722 974 776 ergo
1018 719 1172 758 suum
1203 701 1253 753 in
1280 710 1432 767 petra
1462 692 1711 748 Ecclesia:

126 784 407 860 collocant
438 804 636 869 quique
671 799 798 862 ﬁxi,
852 812 915 849 ac
953 794 1171 849 stabiles
1201 793 1252 844 in
1283 788 1439 843 bonis
1461 784 1714 853 operibus

128 898 507 962 perseverant.
542 889 616 942 De
662 888 859 955 quibus
904 883 956 936 in
990 879 1275 947 Evangelio
1311 876 1570 929 Dominus
1601 872 1713 925 ait;

135 961 162 1035 ξ
202 981 393 1037 Omnis
414 978 595 1039 homo,
624 976 713 1044 qui
740 973 888 1026 audit
913 971 1070 1025 verba
1097 983 1210 1020 mea
1240 968 1377 1027 lucc,
1402 974 1453 1017 et
1476 961 1603 1014 facit
1630 974 1713 1023 ea,

130 1068 527 1126 assimilabitur
539 1067 655 1118 viro
674 1062 900 1131 sapienti
916 1062 1019 1129 ,qui
1044 1057 1328 1113 mdiﬂcavit
1340 1058 1552 1108 domum
1568 1066 1720 1105 suam

130 1172 308 1226 supra
343 1166 565 1225 petram.
595 1151 879 1205 Descendit
902 1148 1097 1217 pluvia,
1118 1156 1171 1198 et
1194 1153 1451 1197 venerunt
1477 1140 1720 1202 ﬂumina,

134 1257 203 1303 et
232 1247 496 1299 ﬂaverunt
514 1242 745 1303 venti,et
767 1240 1034 1293 irruerunt
1059 1236 1109 1289 in
1132 1235 1345 1288 domum
1371 1232 1597 1294 illam,el
1615 1245 1721 1283 non

133 1334 368 1390 cecidit:
397 1332 615 1384 fundata
646 1329 785 1383 enim
809 1337 1097 1394 eratsupra
1124 1334 1326 1392 petram
1352 1320 1719 1390 (Hau/wn)»

134 1423 250 1490 Qui
276 1434 401 1472 vero
424 1418 641 1488 fragiles
661 1425 787 1471 sunt
807 1426 968 1482 atque
994 1414 1251 1483 pulverei,
1274 1422 1328 1465 et
1352 1410 1494 1463 velut
1522 1407 1727 1462 arundo

137 1508 550 1580 impellentibus
575 1506 805 1559 carnalis
833 1503 1096 1557 illecebra:
1118 1500 1333 1554 ﬂatibus
1357 1498 1536 1567 agitati
1576 1494 1726 1565 (Luc.

138 1602 276 1669 vn),
329 1598 543 1653 arenosi
595 1594 780 1665 procul
832 1593 991 1647 dttbio
1029 1592 1199 1651 sabuli
1252 1601 1376 1645 sunt
1438 1588 1730 1643 subsicivio

134 1690 521 1761 comparandi.
576 1689 651 1741 De
702 1685 896 1754 quibus
956 1697 1021 1752 pc
1096 1681 1434 1734 Psalnnstam
1489 1679 1727 1732 dicitur:

152 1802 177 1833 ι
218 1780 336 1834 Non
371 1780 448 1833 sic
479 1776 647 1846 impii,
680 1791 785 1829 non
814 1775 915 1833 sic.
939 1774 1029 1827 sed
1066 1781 1315 1839 tanquam
1348 1768 1541 1837 pulvis,
1570 1781 1730 1835 quem

148 1868 377 1939 proiicit
400 1875 587 1919 ventus
612 1878 641 1917 ιι
670 1863 804 1916 facie
835 1872 989 1914 terra:
1011 1858 1181 1927 (I’sal.
1208 1858 1267 1926 ι).
1298 1876 1315 1907 ι
1347 1856 1411 1910 Ει
1441 1856 1722 1909 Dominus:
1761 1846 1803 1904 Β

154 1977 181 2009 ι
215 1957 423 2019 Omnis,
456 1955 647 2022 inquit,
679 1954 772 2021 qui
815 1952 966 2006 audit
993 1951 1152 2004 verba
1194 1964 1308 2003 mea
1345 1950 1477 2010 haec,
1530 1956 1582 1999 et
1621 1960 1723 1998 non

151 2046 401 2107 facitea,
451 2044 643 2098 similis
692 2042 794 2096 erit
827 2041 940 2094 viro
988 2040 1171 2101 stulto,
1200 2038 1289 2106 qui
1325 2035 1608 2090 aedificavit
1635 2034 1727 2088 doc

151 2152 311 2192 mum
358 2150 508 2188 suam
550 2147 708 2202 supra
748 2145 1009 2184 arenams
1036 2140 1090 2183 et
1119 2128 1393 2183 descendit
1426 2128 1623 2196 pluvia,
1676 2132 1730 2178 et

151 2235 424 2279 venerunt
449 2222 687 2285 ﬂumina,
720 2231 772 2276 et
800 2220 1060 2274 ﬂavertmt
1088 2220 1253 2279 venti,
1294 2220 1640 2271 etirruerunt
1676 2216 1730 2269 in

156 2317 387 2370 domum
416 2313 581 2373 illam,
606 2322 661 2365 et
708 2310 923 2371 cecidit,
950 2322 1002 2364 et
1036 2310 1135 2362 fuit
1183 2309 1332 2362 ruina
1376 2306 1491 2374 eius
1538 2321 1730 2375 magna

156 2402 388 2469 (Rutili.
418 2400 532 2469 vn).
568 2420 585 2449 ι
622 2397 756 2451 Hinc
776 2398 940 2450 etiam
968 2398 1018 2450 in
1045 2397 1177 2449 libro
1199 2396 1401 2466 Rrg'tm
1430 2414 1441 2447 :
1473 2413 1491 2445 ι
1520 2394 1731 2455 Omnia,

160 2492 368 2559 inquit,
410 2505 557 2552 rasa,
606 2503 729 2556 qute
792 2488 914 2541 fecit
963 2487 1141 2540 [liram
1198 2487 1305 2556 rrgi
1358 2484 1627 2540 Salomoni
1682 2487 1734 2538 in

162 2580 335 2633 domo
374 2578 601 2637 Dmuini,
635 2577 702 2631 de
738 2577 1045 2630 aurichalco
1070 2586 1241 2638 erant,
1278 2586 1330 2630 et
1361 2577 1413 2629 in
1450 2574 1737 2643 campestri

160 2671 393 2737 regione
436 2668 687 2723 Iordanis
742 2666 879 2720 fudit
930 2683 995 2721 ea
1049 2682 1137 2722 rex
1192 2669 1243 2723 in
1305 2666 1550 2736 argillesa
1595 2679 1738 2720 terra

165 2759 297 2828 (Ill
330 2758 452 2828 Reg.
493 2762 613 2827 vn).
650 2777 668 2809 ι
707 2758 837 2809 Nam
867 2757 991 2825 quia
1019 2773 1141 2812 vasa
1195 2757 1279 2811 illa
1310 2756 1553 2811 carnales
1580 2770 1741 2825 quos-

163 2863 281 2918 que
302 2848 609 2917 designant,
635 2862 738 2900 non
764 2862 827 2900 ex
849 2862 999 2911 auro,
1029 2848 1121 2901 sed
1149 2862 1211 2900 ex
1236 2847 1541 2902 aurichalco
1566 2846 1742 2916 potius

164 2942 429 2995 dicuntur
449 2955 568 2993 esse
597 2940 825 2992 formata
851 2958 863 2992 :
898 2949 950 2992 et
978 2940 1097 2993 ideo
1122 2955 1223 2992 non
1252 2940 1303 2991 in
1333 2940 1625 3001 montibus,
1652 2935 1743 2989 sed

169 3033 233 3085 in
264 3028 549 3096 campestri
583 3028 799 3093 regione
837 3029 1159 3089 fuitduntur;
1214 3028 1337 3093 quia
1382 3028 1470 3093 qui
1500 3041 1596 3094 per
1634 3026 1747 3078 lucc

172 3117 507 3185 ﬁgurantur,
536 3131 642 3169 non
669 3118 927 3169 virtutum
960 3125 1209 3170 montana
1238 3115 1621 3175 conscendunt,
1654 3112 1745 3166 sed

168 3208 232 3261 in
264 3208 499 3259 carnalis
573 3214 627 3259 et
663 3206 947 3259 luxuriosa:
992 3208 1114 3257 vita:
1161 3204 1399 3258 convalle
1443 3204 1743 3257 subsidunt.

169 3295 289 3351 Nec
350 3296 493 3348 enim
541 3295 786 3357 ductiles,
841 3295 934 3348 sed
979 3296 1154 3363 potius
1199 3292 1383 3347 fusiles
1423 3303 1584 3356 sunt;
1626 3292 1748 3360 quia

170 3400 286 3441 ncn
336 3384 701 3439 extenduntur
730 3384 908 3437 crucis
946 3392 1002 3437 et
1048 3384 1377 3451 pmnitentia:
1405 3382 1629 3447 malleis,
1658 3382 1752 3435 sed

169 3476 462 3530 libidinum
485 3475 734 3529 laxantur
759 3474 1041 3535 illecebris,
1064 3485 1119 3525 et
1140 3473 1395 3525 lluoribns
1418 3471 1753 3525 resolvuntur

166 3566 603 3622 obsccenissimte
625 3564 934 3633 voluptatis.
960 3563 1190 3631 Ideoque
1223 3562 1365 3616 sicut
1398 3562 1449 3614 in
1482 3560 1752 3629 Euphrate

173 3658 399 3711 lnmbar
428 3666 511 3710 est
557 3657 825 3724 positum,
864 3654 942 3708 sic
991 3654 1092 3707 ista
1133 3651 1432 3719 vasajuxta
1467 3652 1752 3704 .lurdanem

174 3746 301 3799 fusa
336 3745 679 3799 referuntur:
713 3752 766 3799 et
812 3759 919 3797 non
969 3743 1023 3795 in
1082 3742 1249 3795 solida
1295 3757 1356 3795 ac
1388 3743 1541 3793 lit-ma
1590 3752 1751 3804 terra,

175 3848 307 3901 qua:
348 3834 493 3886 basis
526 3832 734 3899 injecta:
759 3834 1033 3888 contineat
1076 3832 1511 3893 fundamentum,
1563 3832 1657 3884 sed
1702 3831 1754 3883 in

177 3922 436 3994 argillosa
467 3922 644 3991 potius
682 3931 736 3977 ct
766 3936 992 3977 arenosa
1012 3960 1026 3984 ,
1052 3936 1169 3991 qua:
1218 3920 1553 3990 repentinum
1582 3920 1755 3979 uariat

177 4014 559 4070 subscivium.

259 4102 341 4158 Tu
376 4106 574 4171 itaque,
614 4103 919 4157 venerande
941 4103 1129 4164 frater,
1160 4117 1280 4157 cum
1310 4100 1492 4172 Moyse
1524 4100 1640 4155 zelo
1672 4101 1755 4156 di-

180 4194 393 4249 stricta:
433 4192 790 4260 correptionis
818 4191 1127 4262 Egyptium
1172 4206 1544 4259 percussorem
1579 4190 1760 4243 fratris

181 4280 431 4337 interﬂce
452 4277 647 4350 (Exod.
681 4281 766 4347 tt},
786 4292 1016 4349 eumque
1043 4290 1297 4347 latiqnam
1321 4278 1508 4332 sabqu
1532 4280 1583 4332 in
1611 4293 1762 4332 men-

182 4369 336 4424 tibus
378 4368 619 4419 arenosis
650 4365 955 4431 absconde;
994 4376 1050 4419 ut
1083 4366 1390 4435 argillosam
1426 4379 1759 4420 terrenarum

811 412 1050 475 OPUSC.
1088 408 1269 468 xvnt.
1311 436 1379 448 -
1414 392 1688 459 Comm
1728 382 2301 449 INTESIPERANTES
2338 376 2689 437 CLERICOS.

1771 3170 1817 3231 C

3264 364 3368 418 598

2215 497 2536 566 eloquentia:
2565 502 2669 546 tute
2699 498 2954 543 mucrone
2978 493 3267 553 percussus
3300 493 3378 530 m-

1811 571 2004 657 tereat,
2033 605 2266 660 emnqnc
2294 586 2465 641 sabuli
2492 584 2763 652 sepultura
2791 574 3100 632 concludat.
3129 579 3187 623 ut
3216 571 3378 623 Israe-

1810 687 1955 740 litica
1988 683 2157 752 plebs,
2201 679 2480 733 Pharaone
2516 674 2764 727 demerso
2802 676 2858 721 et
2884 665 3153 735 pudicae
3178 673 3381 727 praece-

1814 777 1972 831 dente
2002 771 2357 829 vcxillo,cum
2390 759 2805 831 triumphalibus
2840 754 3055 825 hymnis
3087 753 3151 804 ad
3186 758 3385 804 terram

1814 857 2244 932 repromissionis
2270 854 2545 908 ascendat.

2194 959 2645 1020 DlSSERTATlo
2682 955 3018 1013 SECUNDA.

2052 1072 2262 1114 CONTRA
2300 1066 2633 1109 ειῑιιιεοιιωι
2670 1056 3158 1103 ιδτειιρειιιικτιλιί.

1821 1152 2211 1206 Αιισοιιεκτωι.
2238 1175 2307 1184 —
2334 1142 2428 1194 Vir
2455 1140 2833 1194 ecclesiasticae
2855 1144 2981 1206 tunc
3001 1147 3135 1206 pene
3160 1128 3389 1183 labentis

1894 1202 2187 1284 disciplina:
2234 1212 2427 1265 vindex
2472 1210 2792 1284 acet-simus,
2835 1202 3204 1266 castitatisque
3240 1214 3389 1284 a‘ma-

2027 1268 2305 1349 cultorque
2353 1279 2748 1334 sanctissimus,
2782 1285 2947 1349 totum
2979 1284 3163 1349 ⁵ιιι-(ιρι)
3195 1268 3392 1349 urbem

1895 1338 1961 1409 ad
2010 1338 2131 1405 eam
2179 1338 2232 1403 a'
2258 1349 2470 1403 clericis
2509 1355 2868 1413 oppugnatam
2909 1338 3300 1413 defendendam
3339 1344 3392 1387 ct

1900 1404 2279 1478 sublevandam
2308 1404 2780 1469 disertissiindbre
2814 1409 2967 1477 quasi
2993 1408 3225 1483 quodam
3257 1404 3394 1483 clas-

1898 1476 2013 1546 sieo
2035 1490 2273 1543 excitare
2294 1494 2343 1537 et
2372 1483 2705 1536 inﬂammare
2731 1476 2975 1533 conatur.
3007 1476 3207 1529 Scribit
3249 1476 3392 1527 enim

1900 1562 1965 1614 ad
1997 1560 2304 1627 cpisroptttn
2336 1552 2748 1627 Taurinen‘sem,
2776 1550 2840 1627 in_
2865 1547 3022 1627 .cujus
3045 1546 3248 1627 ditione.
3288 1552 3393 1621 tam

1939 1614 2194 1681 eruit-insi
2236 1622 2464 1689 exempli
2515 1619 2724 1672 facinus
2756 1616 2964 1689 publice
2999 1614 3216 1668 tolerari
3254 1614 3395 1689 scie-

1939 1647 2189 1681 CI'IIICIUSI
2236 1647 2464 1689 σευ-ιιψιι
2515 1647 2724 1672 lut‘lllua
2756 1647 2963 1686 νιιιηιιυ
3000 1647 3216 1668 untur-II
3254 1647 3394 1665 οιιν-

1900 1647 2015 1758 Bal,
2047 1705 2103 1747 ut
2150 1694 2458 1747 scandalum
2494 1689 2593 1743 hoc
2636 1689 2702 1758 ab
2742 1686 2977 1758 Ecclesia
3018 1678 3397 1758 suarum-mi-

1905 1752 2035 1821 nare
2078 1774 2132 1817 et
2177 1775 2427 1815 amovere
2476 1756 2802 1812 contendat:
2835 1756 2975 1822 quod
3008 1763 3061 1803 ut
3080 1752 3134 1822 ei
3176 1764 3399 1817 persna~

1900 1819 2028 1889 dere
2056 1833 2243 1900 possit,
2270 1829 2742 1900 n_i_bilintet_t_tamm
2768 1819 3042 1900 relinquit.
3066 1819 3256 1900 Omnia
3280 1829 3390 1900 tam

1898 1902 2031 1957 Novi
2057 1888 2241 1969 'quatn
2299 1896 2505 1969 Veteris
2540 1894 2867 1969 Testamenti
2910 1892 3151 1967 exemplar
3188 1900 3241 1941 et
3280 1888 3396 1939 loca

1899 1959 2139 2038 congerit
2180 1978 2233 2038 et
2275 1967 2497 2019 excutit.
2539 1966 2594 2038 ln_
2648 1962 2871 2038 clericos
2901 1974 3113 2038 quoilue
3144 1959 3399 2038 ipsoshet

1901 2026 2084 2096 eorum
2117 2037 2364 2105 pollices,
2400 2049 2533 2102 quas
2584 2032 2681 2105 ipsi
2736 2026 2932 2083 uxores
2984 2028 3117 2081 f~lso
3159 2026 3396 2105 appella-

1902 2094 2055 2167 bant,
2086 2094 2386 2159 luculenter
2419 2094 2482 2153 ὀι
2520 2094 2776 2169 graviter,
2810 2107 2868 2151 ιιι
2898 2111 2986 2150 res
3015 2112 3126 2164 ipsa
3158 2094 3398 2169 postula-

1900 2178 2013 2239 bat,
2046 2166 2334 2228 invehitur.
2382 2166 2650 2237 Denique,
2691 2177 2746 2220 ut
2777 2184 2887 2239 uno
2913 2166 3398 2239 vet-loral‘tsolvam,

1902 2232 2013 2301 non
2035 2242 2317 2298 committit
2341 2250 2395 2293 ut
2421 2232 2657 2294 castitati
2685 2234 3044 2306 patrocinium
3068 2232 3299 2289 defuisse
3328 2234 3411 2285 ri-'

1906 2317 2116 2370 deatur.

1910 2406 2114 2459 Domuo
2158 2406 2468 2459 (qutesttro
2512 2398 2951 2456 reverentissimo
2997 2398 3271 2466 episcopo,
3307 2394 3409 2447 Pe.

1840 2511 1973 2552 'l‘ltlJS
2001 2504 2255 2565 peccator
2307 2492 2601 2547 monachus
2632 2490 2837 2543 devota:
2871 2485 3221 2555 subiectionis
3248 2483 3403 2538 obsc-

1838 2589 2046 2658 quium.

1912 2677 2035 2732 Hec
2059 2685 2143 2731 est
2173 2691 2312 2729 vera:
2337 2674 2618 2729 charitatis
2639 2680 2693 2727 et
2720 2670 2967 2725 amicitizc
2999 2667 3202 2737 regula,
3234 2673 3289 2718 ut
3338 2664 3413 2717 ita

1840 2783 1899 2822 se
1926 2769 2125 2820 fratres
2150 2776 2349 2819 mutare
2374 2762 2675 2817 dulcedinis
2703 2775 2887 2815 amore
2908 2756 3249 2818 confoveant,
3284 2767 3416 2822 qua-

1844 2865 2000 2909 tenus
2031 2855 2074 2907 si
2111 2853 2239 2922 quid
2271 2854 2322 2905 in
2352 2851 2556 2905 utrovis
2590 2846 3013 2918 reprehensibile
3047 2854 3151 2908 est,
3178 2844 3315 2896 alter
3342 2842 3416 2895 al-

1845 2945 1943 2997 teri
1976 2959 2080 2995 non
2115 2940 2427 2994 abscondat.
2461 2938 2550 2993 illa
2579 2938 2772 3007 quippe
2794 2934 3134 2989 necessitudo
3157 2931 3420 3001 probatur

1847 3034 1992 3085 utilis
2034 3040 2090 3083 et
2122 3031 2373 3088 honesta,
2406 3041 2525 3095 qua:
2566 3028 2690 3079 dum
2723 3035 2917 3079 cuncta
2949 3022 3197 3088 producit
3224 3023 3275 3074 in
3317 3035 3421 3073 me-

1849 3122 2017 3183 dium,
2064 3128 2119 3173 et
2170 3119 2311 3186 quod
2364 3108 2737 3185 Corrigendum
2794 3123 2877 3169 est
2921 3113 3164 3181 corrigit,
3196 3122 3249 3165 et
3280 3111 3423 3179 quod

1848 3226 2034 3263 sanum
2064 3218 2145 3262 est
2167 3217 2354 3260 mutuo
2382 3208 2633 3273 puritatis
2656 3220 2719 3259 ac
2763 3204 3091 3258 sinceritatis
3117 3217 3299 3254 amore
3330 3216 3424 3253 cu-

1848 3301 2031 3354 stodit.
2066 3298 2261 3365 Sicque
2300 3298 2360 3351 fit
2396 3305 2455 3349 ut
2487 3298 2611 3348 dttm
2657 3294 3021 3363 delinquentis
3059 3292 3217 3362 culpa
3249 3292 3422 3344 corri-

1848 3390 2011 3459 gitur,
2058 3387 2343 3455 coripicnti
2391 3385 2658 3453 copiosior
2685 3386 2858 3452 gratia
2907 3382 3236 3437 cumuletur.
3282 3381 3429 3434 Inter

1852 3476 2135 3533 nonnulios
2163 3477 2421 3529 virtutum
2451 3473 2632 3537 ﬂores,
2666 3472 2988 3527 venerabilis
3014 3472 3194 3535 Pater,
3232 3470 3427 3537 quibus

1856 3577 1957 3620 tua:
1984 3566 2293 3619 sanctitatis
2324 3571 2513 3618 vernat
2538 3563 2833 3633 ingenium,
2860 3578 3027 3619 unum
3051 3562 3207 3625 mihi,
3233 3561 3426 3619 fateor.

1854 3656 2007 3709 valde
2053 3655 2364 3724 displicuit:
2415 3657 2558 3725 quod
2607 3656 2860 3709 nimirum
2916 3666 2970 3709 c‘.
3001 3667 3126 3709 tunc
3164 3670 3250 3709 tne
3286 3654 3339 3705 in
3380 3664 3430 3705 te

1853 3744 2201 3799 vehementer
2236 3744 2397 3816 395
2429 3746 2653 3810 invexit,
2680 3756 2731 3799 et
2760 3763 2903 3800 nunc
2932 3747 3054 3815 styli
3092 3746 3251 3813 hujus
3296 3745 3429 3798 arti-

1854 3833 2032 3887 culum
2062 3848 2286 3888 exarare
2316 3835 2611 3905 compellit.
2642 3835 2915 3889 Permittis
2945 3836 3120 3896 enim,
3152 3844 3210 3888 ut
3246 3834 3427 3888 Eccle~

1856 3923 1949 3977 site
1978 3934 2082 3977 ture
2110 3924 2316 3988 clerici,
2351 3926 2719 3997 eujnscunque
2748 3927 2857 3981 sint
2886 3927 3110 3988 ordinis,
3143 3925 3280 3978 velut
3306 3925 3430 3995 jure

1858 4015 2183 4067 matrimonii
2255 4015 2688 4070 cnnfmdercntur
2752 4018 3028 4082 uxoribus.
3084 4014 3237 4082 Quod
3304 4030 3435 4068 sane

1856 4118 2018 4173 quam
2072 4102 2452 4159 ecclesiastica:
2502 4106 2779 4160 munditia:
2820 4108 3068 4159 videatur
3114 4104 3431 4165 obscenum,

1858 4210 2019 4264 quam
2067 4196 2340 4249 canonica:
2386 4196 2454 4250 sit
2495 4198 2802 4252 auctoritati
2850 4197 3217 4259 contrarium,
3270 4210 3434 4264 quam

1858 4292 2008 4336 certe
2038 4285 2247 4337 ctmetis
2281 4295 2592 4339 sanctorum
2639 4283 2856 4339 Patrum
2894 4284 3263 4340 sanctionibus
3286 4284 3437 4337 odio~

1860 4384 2000 4432 sum,
2050 4371 2193 4424 absit
2221 4381 2280 4425 ut
2327 4382 2475 4425 tanta
2506 4389 2624 4442 qua:
2655 4372 2707 4426 in
2763 4383 2814 4425 te
2851 4381 2930 4426 cst
2967 4371 3136 4440 possit
3187 4372 3440 4441 ignorare

182 4460 453 4518 utentium
504 4460 837 4538 sepulturam
870 4470 1114 4513 mortuus
1157 4460 1395 4527 impleat,
1431 4459 1609 4527 ibique
1642 4474 1735 4512 ver
1789 4487 1837 4546 Ι)
1864 4459 2166 4527 prudentia.
2207 4460 2514 4515 Praesertim
2548 4477 2668 4515 cum
2721 4472 2774 4515 et
2806 4462 2905 4531 ipsi
2938 4462 3117 4516 clerici
3166 4464 3271 4520 tui,
3304 4461 3439 4513 alias

181 4564 307 4608 mes
350 4548 802 4618 concupiscentia:
852 4550 1046 4616 pariat.
1099 4548 1203 4602 Eos
1230 4546 1393 4619 395
1424 4558 1622 4608 autem,
1668 4548 1759 4616 qui

180 4656 317 4695 vere
342 4640 595 4695 Israelita:
615 4647 762 4701 sunt,
796 4641 1149 4693 teutatiouum
1180 4653 1402 4691 suarum
1434 4636 1614 4704 ﬂagris
1647 4650 1764 4689 ver-

182 4734 387 4790 berare
434 4733 679 4787 desistat.
712 4730 828 4786 Non
858 4731 1001 4785 enim
1031 4746 1161 4785 casu
1185 4730 1405 4790 accidit,
1432 4728 1573 4795 quod
1603 4737 1764 4795 caput

184 4823 486 4877 electorum
522 4821 779 4874 Dominus
811 4821 861 4873 in
892 4836 1056 4874 saxeo
1090 4829 1451 4875 monumento.
1484 4816 1765 4885 Aigyptius

183 4910 447 4976 vero,qui
466 4908 733 4961 diabolum
767 4908 1245 4977 figurat,scpelitur
1270 4909 1322 4961 in
1351 4906 1555 4959 sabulo.
1578 4905 1767 4958 Diabo-

187 4999 433 5054 luscnim
462 4999 552 5065 qui
577 4997 964 5064 interpretatur
1008 4997 1247 5048 deorsum
1287 4997 1475 5064 ﬂuens,
1511 4992 1627 5044 illus
1665 4992 1763 5044 sibi

186 5086 459 5148 vindicat,
493 5087 582 5153 qui
616 5088 681 5137 ad
738 5086 945 5137 ruinam
990 5100 1199 5152 semper
1244 5083 1381 5136 velut
1411 5096 1571 5134 arena
1611 5080 1768 5132 dissi-

188 5178 347 5231 ltunt.
381 5175 481 5239 Qui
514 5184 690 5227 autem
717 5174 913 5227 Christi
959 5184 1100 5233 sunt,
1134 5181 1443 5227 constanter
1489 5171 1542 5223 in
1594 5170 1766 5223 sancti

188 5264 457 5335 propositi
499 5263 767 5316 soliditate
806 5265 1123 5329 persistunt.
1172 5264 1458 5330 Sepultum
1496 5275 1623 5313 vero
1670 5262 1766 5313 do-

194 5366 318 5407 mus
342 5362 424 5405 est
450 5362 804 5405 mortuorum.
838 5353 903 5405 Et
940 5355 1065 5423 quia
1098 5353 1341 5405 diabolus
1380 5360 1622 5404 mortuus
1664 5360 1767 5414 est,

195 5444 451 5512 quoniam
500 5459 527 5495 a
566 5442 693 5503 Deo,
745 5458 866 5494 vera
900 5445 1107 5499 scilicet
1142 5443 1279 5505 vita,
1323 5443 1617 5510 disjunctns
1666 5452 1767 5504 est,

196 5548 413 5586 onmem
443 5543 694 5595 mentem,
716 5548 881 5601 quam
911 5534 1197 5596 inhabitat,
1229 5534 1353 5588 facit
1377 5535 1577 5601 absque
1608 5535 1769 5587 dubio

201 5625 551 5693 sepulturam.
585 5624 732 5677 Unde
766 5640 859 5692 per
885 5624 1210 5695 Prophetatn
1248 5626 1477 5677 dicitur;
1519 5642 1534 5674 t
1567 5622 1640 5676 lbi
1672 5627 1770 5678 As-

201 5729 316 5782 sur,
380 5725 434 5770 et
476 5713 711 5782 sepulcra
755 5713 867 5783 ejus
916 5716 1131 5787 (Haedi.
1187 5716 1425 5786 sun}:
1482 5710 1769 5791 [Egyptius

1864 4546 2083 4613 quidem
2112 4548 2244 4601 satis
2276 4549 2508 4611 honesti,
2540 4560 2595 4602 et
2623 4549 2925 4602 litterarum
2958 4549 3151 4602 studiis
3194 4550 3302 4602 sint
3342 4550 3439 4601 de-

1862 4646 2049 4690 center
2091 4636 2359 4690 iustructi.
2395 4636 2495 4701 Qui
2534 4638 2660 4690 dum
2686 4637 2751 4690 ad
2792 4654 2874 4691 me
2921 4638 3273 4701 conﬂuerent,
3326 4648 3437 4690 tan-

1863 4741 2023 4795 quam
2065 4729 2265 4780 chorus
2305 4728 2577 4795 angelicus
2616 4736 2669 4780 et
2695 4727 2840 4781 velut
2878 4741 3199 4796 conspicuus
3255 4726 3442 4781 Eccle~

1865 4816 1958 4869 Sis:
1981 4812 2263 4866 ridebatur
2289 4815 2497 4868 enitere
2518 4823 2757 4868 senatus.

1872 4923 2002 4979 Car.
2031 4922 2067 4976 Ι.
2102 4950 2171 4963 -
2203 4923 2463 4977 Hortatur
2497 4924 2747 4978 lubentem
2773 4926 3103 4993 disciplinam
3128 4926 3443 4979 ect'lrsiusti-

2239 5010 2354 5046 cam
2382 5005 2427 5047 et
2467 4996 2752 5048 vastitatem
2781 4998 3065 5047 sublevare.

1944 5083 2235 5151 Postquam
2278 5083 2531 5136 latentem
2575 5084 2739 5151 pestis
2789 5081 2941 5149 hujur
2991 5084 3217 5138 ciuviem
3257 5084 3439 5147 didici,

1876 5176 2122 5241 protinus
2152 5174 2241 5224 lux
2272 5174 2322 5226 in
2368 5172 2668 5241 caliginem,
2701 5182 2755 5225 et
2802 5174 2982 5226 lartiita
3036 5174 3162 5225 mihi
3216 5175 3443 5227 vettittir

1879 5266 1931 5319 iu
1958 5279 2265 5324 tecet-orem,
2297 5276 2455 5331 atque
2481 5264 2544 5315 ad
2573 5264 2698 5315 illud
2724 5265 3091 5332 evangelicum
3126 5265 3266 5318 illico
3297 5280 3447 5318 mens

1878 5356 2153 5409 recurrit:
2200 5372 2216 5404 ι
2258 5354 2346 5405 Va:
2379 5355 2555 5416 vobis,
2598 5356 2792 5422 inquit,
2826 5356 3028 5409 Scriba:
3079 5368 3132 5409 et
3160 5356 3444 5417 Pltarismi,

1879 5446 1969 5515 qui
2000 5444 2203 5498 similes
2227 5445 2358 5497 estis
2384 5443 2644 5512 sepulcris
2671 5443 2954 5501 dealbatis.
2980 5462 3099 5514 qua:
3129 5447 3257 5499 foris
3283 5461 3445 5515 appa-

1879 5548 2000 5589 rent
2032 5534 2338 5586 liominilius
2389 5533 2650 5601 speciosa,
2705 5534 2847 5586 intus
2898 5545 3073 5587 autem
3130 5535 3282 5601 plena
3324 5546 3447 5586 sunt

1878 5628 2092 5683 OSsibus
2121 5638 2452 5681 mertuertun
2490 5622 2700 5679 ctbmni
2735 5612 2988 5693 spuriilia
3016 5627 3228 5694 (Matt/2.
3260 5636 3402 5683 xxv}.
3424 5649 3439 5678 ι

1880 5717 2014 5786 Quid
2049 5724 2149 5782 est,
2188 5724 2361 5787 pater,
2412 5718 2552 5787 quod
2588 5718 2678 5771 tibi
2710 5717 2805 5771 soli
2848 5718 3034 5790 vigilas
3065 5737 3073 5771 :
3126 5731 3178 5773 et
3222 5722 3324 5784 his,
3353 5735 3450 5787 pro
