4276 6346
719 419 829 476 ’519

725 531 921 601 quibus
956 532 1193 601 priorem
1226 522 1518 593 exigendus
1552 535 1611 574 es
1638 516 1901 571 rationem
1922 552 1936 576 ,
1976 520 2083 563 tam
2129 502 2287 559 inerti
2318 502 2366 562 Α

726 600 1014 676 securitate
1060 613 1355 668 dormitas?
1415 611 1471 664 In
1520 609 1640 661 aliis
1687 614 1830 660 certe
1885 600 2290 670 quibuscunque

724 708 967 781 personis
998 720 1103 760 non
1131 704 1363 774 exigitur
1404 699 1707 755 fecunditas
1756 690 2048 751 castitatis,
2083 687 2135 740 in
2174 684 2290 754 epi-

725 777 887 869 scopo
928 805 1106 851 autem
1159 792 1362 847 inutilis
1388 802 1511 845 esse
1544 788 1767 842 castitas
1802 782 1924 850 jure
1962 777 2291 837 decernitur,

725 866 846 959 quae
892 902 951 942 se
998 886 1075 939 sic
1124 882 1338 937 exhibet
1385 878 1649 939 sterilem,
1700 885 1757 927 ut
1786 872 1944 925 aliam
1975 883 2079 922 non
2119 866 2297 934 pariat

729 956 1053 1030 castitatem.
1109 966 1413 1039 Praesertim
1456 979 1575 1019 cum
1624 964 1736 1031 ipse
1780 958 1921 1012 Deus
1958 956 2296 1023 omnipotens

727 1080 823 1135 per
849 1062 1075 1116 Isaiam:
1131 1076 1149 1109 t
1184 1054 1433 1124 Nunquid
1463 1068 1581 1122 ego,
1610 1050 1698 1119 qui
1733 1047 1869 1101 alios
1902 1059 2092 1115 parere
2132 1042 2292 1104 facio,

728 1132 842 1224 ipse
874 1168 979 1221 non
1009 1150 1237 1222 pariam,
1279 1148 1407 1201 dicit
1450 1140 1741 1197 Dominus?
1773 1159 1790 1191 ι
1827 1137 1961 1210 (Ita.
1998 1134 2164 1202 vat.)
2194 1132 2294 1189 Ubi

727 1242 1046 1304 notandum,
1094 1238 1221 1307 quia
1271 1235 1397 1289 dum
1444 1249 1550 1287 non
1584 1228 1754 1296 alias,
1805 1231 1898 1285 sed
1945 1226 2078 1280 alios
2108 1238 2298 1292 parere

730 1330 891 1396 facio,
937 1330 1103 1391 dicat,
1156 1326 1388 1379 virorum
1442 1322 1620 1390 potius
1650 1335 1713 1377 ac
1742 1328 2014 1390 pastorum
2048 1314 2299 1369 Ecclesiae

731 1421 892 1475 foetus
950 1424 1247 1487 exspectat.
1298 1412 1468 1467 Malus
1514 1422 1694 1465 autem
1740 1420 1925 1480 pastor
1950 1422 2070 1462 cum
2108 1408 2295 1461 eodem

730 1510 986 1581 propheta
1021 1513 1195 1575 potest
1223 1503 1453 1573 lugendo
1480 1510 1740 1557 cantare:
1793 1519 1811 1551 ι
1850 1497 1965 1552 Non
2012 1497 2297 1567 parturivi,

730 1608 787 1652 et
823 1612 926 1651 non
957 1596 1159 1665 peperi,
1193 1603 1248 1648 et
1278 1608 1382 1647 non
1412 1590 1641 1645 enutrivi
1666 1590 1921 1658 juvenes,
1970 1601 2068 1641 nec
2097 1586 2162 1639 ad
2214 1586 2296 1640 in‘

732 1695 1065 1742 crementum
1103 1682 1327 1753 perduxi
1370 1680 1605 1748 virgines
1636 1677 1768 1747 (Ira.
1806 1674 1979 1746 xxm).
2020 1697 2040 1728 ι
2071 1674 2300 1728 Attende

732 1777 895 1831 etiam
924 1774 1207 1843 diligenter
1234 1771 1375 1841 quod
1413 1770 1463 1823 in
1508 1756 1746 1823 Levitico
1780 1766 2013 1838 legitur:
2052 1786 2070 1817 ι
2105 1764 2294 1827 Omne,

735 1868 928 1937 inquit,
960 1865 1178 1927 animal,
1230 1862 1372 1931 quod
1416 1860 1501 1913 vel
1549 1858 1817 1920 contritis,
1847 1856 1928 1910 vel
1978 1856 2167 1918 tunsis,
2215 1854 2296 1907 vel
2330 1826 2373 1885 Β

734 1958 898 2013 sectis
924 1955 1220 2022 ablatisque
1248 1949 1512 2007 testiculis
1553 1957 1655 2011 est,
1682 1962 1787 2000 non
1812 1943 2052 2001 oﬂ‘eretis
2074 1943 2298 1998 Domino

736 2048 923 2118 (Leuit.
951 2046 1109 2116 xxu).
1149 2062 1169 2098 ι

801 2138 972 2193 Porro
993 2138 1036 2192 si
1061 2145 1208 2189 tanto
1238 2136 1377 2189 Dens
1400 2133 1523 2187 odio
1548 2132 1711 2185 habet
1741 2130 2074 2185 sterilitatem
2099 2126 2151 2179 in
2184 2124 2302 2179 ani-

737 2227 966 2283 malibus
991 2226 1186 2288 brutis,
1212 2239 1330 2292 qua:
1357 2222 1456 2276 sibi
1480 2235 1577 2288 per
1592 2218 1921 2274 sacerdmale
1944 2216 2300 2269 ministerium

736 2316 1054 2378 offeruntur,
1084 2323 1288 2383 quanto
1314 2310 1480 2379 magis
1508 2309 1647 2362 hanc
1677 2318 1996 2376 aspernatur
2029 2304 2080 2357 in
2117 2317 2300 2357 sacer-

738 2406 970 2469 dotibus,
998 2404 1088 2473 qui
1114 2403 1214 2456 sibi
1254 2398 1581 2454 sacrificium
1608 2394 1875 2450 offerunt?
1911 2394 2197 2455 Nimirum,
2246 2398 2305 2442 ιιι

735 2494 879 2551 sicut
914 2494 1017 2547 illis
1061 2491 1230 2544 foetus
1273 2488 1506 2557 exigitur
1554 2485 1754 2546 carnis,
1787 2484 1859 2535 ita
1906 2482 2215 2535 sacerdotes
2249 2481 2303 2532 in

737 2582 875 2637 alios
919 2580 1239 2651 prapagines
1274 2575 1579 2645 germinent
1609 2571 1931 2626 sanctitatis.
1974 2568 2127 2622 Tunc
2177 2582 2317 2634 ergo

716 2686 921 2726 =coram
944 2669 1141 2722 divinis
1165 2664 1441 2719 obtutibus
1484 2670 1571 2717 tua
1615 2660 1838 2714 castitas
1879 2658 2224 2726 approbatur,
2258 2654 2303 2709 si

736 2771 793 2817 et
850 2762 903 2815 in
944 2759 1169 2813 clericos
1216 2768 1333 2810 tuos
1381 2752 1730 2823 propaginata
1775 2749 2088 2819 porrigitur.
2138 2745 2305 2800 Porro

738 2862 920 2907 autem
948 2850 1091 2905 sicut
1113 2848 1240 2901 olim
1276 2846 1416 2899 Deus
1437 2842 1778 2912 omnipotens
1806 2840 1873 2894 de
1900 2839 2109 2893 cunctis
2139 2838 2297 2891 tribu-

738 2946 840 2999 bus
867 2943 1058 2996 levitas
1092 2938 1276 3007 elegit,
1299 2945 1359 2989 ιιι
1406 2949 1500 3003 per
1529 2931 1725 2999 legales
1761 2927 2111 2984 caeremonias
2135 2926 2309 2981 lsrae-

740 3033 941 3087 liticam
970 3036 1212 3099 regerent
1242 3025 1491 3094 plebema:
1540 3024 1611 3076 ita
1642 3021 1805 3074 etiam
1841 3020 1894 3073 in
1936 3017 2087 3072 Novo
2121 3016 2313 3071 Testa-

740 3128 923 3175 mento
963 3098 1189 3171 ciericos
1234 3112 1369 3177 sibi,
1414 3119 1669 3179 tanquam
1713 3106 2007 3160 familiares
2059 3104 2304 3167 adscivit,

739 3209 935 3279 quibus
968 3202 1389 3259 ecclesiasticam
1416 3197 1777 3253 committeret
1804 3195 2142 3265 dignitatem.
2172 3191 2307 3246 Dicit
2334 3188 2382 3215 “‘

741 3300 886 3355 enim
915 3295 1127 3365 Moysi:
1186 3312 1204 3344 t
1242 3290 1551 3361 Applicabis
1596 3288 1787 3342 levitas
1832 3301 2011 3341 coram
2062 3285 2311 3340 taberna-

741 3387 865 3444 culo
907 3383 1151 3447 fmderis,
1195 3389 1491 3434 convocata
1538 3377 1685 3432 omni
1716 3376 2054 3429 multitudine
2082 3374 2311 3427 liliorunt

742 3474 925 3531 Israel.
954 3472 1196 3539 Cumque
1217 3468 1390 3524 levita:
1410 3465 1611 3520 fuerint
1637 3478 1817 3519 coram
1840 3463 2089 3527 Damino,
2115 3470 2316 3532 ponent

746 3571 840 3626 lilii
874 3566 1040 3622 lsrael
1069 3579 1262 3619 manus
1306 3576 1431 3617 suas
1463 3574 1626 3627 super
1674 3572 1788 3623 eos,
1819 3567 1874 3611 et
1916 3555 2107 3610 offeret
2133 3555 2314 3609 Aaron

746 3660 957 3719 levitas,
990 3669 1181 3710 munus
1211 3653 1265 3705 in
1311 3658 1599 3717 conspectu
1638 3647 1848 3702 Domini
1890 3662 1920 3700 a
1965 3646 2087 3699 filiis
2130 3644 2313 3708 lsrael,

748 3759 808 3803 ttt
838 3747 1078 3802 serviant
1124 3743 1177 3796 in
1224 3740 1520 3795 ministerio
1553 3738 1670 3805 ejus
1698 3735 1887 3807 (Nunt.
1922 3735 2061 3805 vui).
2102 3753 2121 3786 ι
2154 3734 2319 3805 396

744 3839 854 3894 ωε
888 3833 1201 3896 notandum,
1233 3832 1357 3900 quia
1385 3843 1508 3883 cum
1540 3827 1707 3881 dicit:
1743 3843 1765 3877 ι
1794 3825 2001 3879 Ponent
2030 3824 2125 3878 lilii
2155 3824 2320 3878 lsrael

755 3938 945 3977 manus
974 3934 1100 3975 suas
1130 3926 1290 3985 super
1313 3931 1425 3979 eos,
1453 3924 1507 3969 et
1532 3912 1720 3967 oﬂ'eret
1755 3914 1931 3965 Aaron
1962 3911 2171 3976 levitas,
2199 3927 2321 3965 mu-

755 4027 857 4067 nus
895 4012 947 4065 in
979 4017 1271 4077 conspectu
1302 4003 1513 4058 Domini
1545 4018 1573 4055 a
1613 4001 1738 4055 ﬁliis
1766 3999 1951 4063 Israel,
1985 4018 2004 4050 ι
2046 4000 2323 4053 evidenter

762 4109 1006 4171 apparet,
1034 4096 1156 4165 quia
1190 4094 1435 4148 leviticus
1474 4092 1607 4145 ordo
1636 4102 1829 4143 munus
1860 4088 1953 4141 Dei
1975 4100 2057 4142 est
2078 4103 2109 4141 a
2130 4089 2324 4157 populo

757 4195 964 4255 datum,
1011 4189 1168 4258 eique
1210 4186 1263 4238 in
1292 4180 1615 4239 sacrificium
1646 4193 1742 4250 per
1783 4192 2000 4233 manum
2026 4180 2324 4233 sacerdotis

759 4279 1016 4336 oblatum.

888 4364 1017 4420 Car.
1045 4362 1107 4417 ιι.
1134 4388 1205 4402 --
1239 4357 1428 4411 Clerici
1452 4372 1547 4409 cur
1565 4371 1597 4408 α
1624 4369 1813 4424 paputo
1843 4364 2194 4423 segregantur.

830 4456 968 4522 Quid
999 4467 1126 4521 ergo
1149 4449 1260 4518 jam
1294 4454 1482 4509 restat,
1515 4445 1618 4499 nisi
1648 4453 1705 4497 ut
1734 4443 1791 4508 ii,
1821 4441 2041 4511 quijam
2068 4443 2173 4495 Deo
2200 4442 2326 4495 facti

764 4556 890 4604 sunt
918 4543 1273 4603 sacrificium,
1306 4546 1361 4592 et
1406 4552 1436 4590 a
1475 4536 1658 4590 mundi
1702 4532 1856 4600 hujus
1902 4534 2185 4586 servilibus
2224 4532 2331 4584 sint
2361 4508 2403 4562 ί)

764 4638 1019 4708 operibus
1041 4632 1217 4694 liberi,
1238 4638 1293 4683 et
1313 4627 1439 4680 solis
1459 4626 1621 4680 divini
1652 4623 1938 4677 famulatus
1970 4629 2153 4675 vacent
2178 4621 2333 4675 obse-

765 4730 908 4798 quiis
943 4719 1271 4790 mancipati?
1304 4716 1373 4773 Ut
1396 4712 1524 4786 quid
1570 4716 1713 4768 enim
1739 4730 1767 4767 a
1821 4714 2014 4782 populo
2043 4728 2329 4782 segregan-

764 4831 871 4881 tur,
906 4829 959 4871 et
985 4827 1180 4868 munus
1212 4811 1321 4863 Deo
1367 4807 1670 4875 specialiter
1698 4806 1851 4871 fiunt,
1881 4805 1981 4858 nisi
2023 4815 2079 4857 ut
2109 4805 2330 4859 divisam

766 4924 799 4961 a
834 4905 1026 4974 populo
1050 4898 1261 4953 vivendi
1288 4896 1524 4966 regulam
1550 4904 1785 4957 teneant,
1814 4904 1867 4948 et
1893 4896 2223 4949 cmremoniis
2251 4896 2329 4948 di-

774 4998 910 5051 vinae
936 4992 1067 5063 legis
1088 4989 1284 5058 jngiter
1304 4985 1631 5041 excubantes
1656 4984 1934 5038 insistant?
1958 4983 2107 5039 Unde
2130 4996 2182 5039 et
2206 4985 2331 5039 alibi

773 5087 943 5143 dicit:
982 5100 1002 5134 t
1038 5082 1149 5149 Ego
1179 5078 1272 5132 tuli
1301 5077 1486 5131 levitas
1524 5091 1553 5127 a
1589 5074 1712 5129 filiis
1739 5074 1902 5127 lsrael
1930 5091 2025 5144 pro
2053 5077 2196 5129 omni
2228 5078 2335 5145 pri-

772 5173 1061 5245 mogenito.
1091 5170 1179 5239 qui
1209 5165 1609 5237 aperitvulvam
1634 5166 1685 5218 in
1714 5164 1836 5219 filiis
1857 5166 2039 5229 Israel,
2070 5176 2335 5233 eruntque

776 5264 954 5320 levitas
1000 5259 1105 5314 mei
1155 5256 1342 5328 (Nunt.
1386 5254 1490 5323 ιιι).
1527 5272 1544 5304 ι
1598 5252 1702 5307 Sed
1744 5268 1865 5307 cum
1913 5254 1997 5307 lex
2047 5254 2132 5307 illa
2176 5255 2338 5307 fuerit

779 5353 903 5405 data
939 5364 1037 5418 per
1076 5360 1309 5409 servum,
1342 5342 1649 5413 evangelica
1680 5356 1806 5395 vero
1840 5344 2009 5411 gratia
2045 5344 2115 5398 sit
2144 5345 2336 5399 collata

776 5456 876 5512 per
905 5439 1189 5491 Dominum
1217 5455 1229 5489 :
1263 5448 1482 5489 necesse
1511 5442 1613 5497 est,
1653 5442 1712 5486 ut
1739 5433 1881 5486 aliud
1915 5444 2039 5488 tunc
2086 5450 2115 5489 a
2167 5437 2340 5491 levitis

779 5532 1097 5601 Syuagogze,
1136 5526 1277 5579 aliud
1309 5541 1447 5579 nunc
1482 5540 1510 5578 a
1547 5523 1760 5578 clericis
1788 5524 2033 5592 exigatur
2065 5524 2338 5579 ECCICSitP.

778 5622 887 5676 lilis
914 5620 1175 5689 siquidem
1203 5632 1298 5687 pro
1327 5616 1585 5685 qualitate
1615 5614 1869 5684 temporis
1897 5617 2343 5685 permittebantur

706 5788 709 5793 ⁴
778 5712 895 5781 jura
935 5708 1162 5778 conjugii
1193 5727 1204 5761 :
1258 5708 1373 5762 istis
1423 5722 1546 5761 vero
1578 5706 1918 5774 praecipitur,
1956 5714 2015 5760 ut
2050 5722 2079 5761 a
2111 5709 2344 5765 carnalis

1355 410 1413 466 ς.
1454 405 1656 465 PETRI
1691 395 1975 461 DAMIANI
2008 395 2157 456 OPP.
2199 388 2378 448 PARS
2415 389 2599 446 lll.—-
2623 385 2989 445 OPUSCULA
3028 382 3264 441 VARIA.

3921 370 4003 425 ιιι

2394 498 2614 555 affectus
2647 496 2984 565 amplexibus
3026 494 3248 563 penitus
3295 488 3405 544 sint
3438 483 3695 541 remoti.
3745 478 3885 536 Nam
3908 482 4008 551 quia

2394 593 2505 647 sola
2538 591 2753 645 levitiea
2783 587 2954 640 tribus
2996 587 3061 639 ad
3094 580 3441 638 sacerdotale
3471 575 3887 631 ministerium
3910 582 4010 625 tunc

2394 689 2513 735 erat
2550 679 2737 741 electa,
2767 677 3074 730 necessaria
3110 684 3238 729 tunc
3268 679 3392 725 erat
3422 666 3794 737 propagatio
3828 666 4010 736 generis

2394 773 2459 824 ad
2504 769 2932 824 conservandum
2976 764 3332 821 sacerdotalis
3384 759 3655 814 ollicium
3709 757 4013 826 dignitatis,

2394 861 2530 915 sicut
2557 860 2607 912 in
2636 858 2878 911 Levitico
2906 858 3163 909 Dominus
3191 874 3206 908 :
3246 873 3264 906 t
3299 852 3641 922 Virginem,
3682 848 3899 918 inquit,
3952 863 4016 901 Sa-

2394 950 2583 1003 cerdos
2615 948 2775 1002 ducet
2811 962 3035 1001 uxorem
3068 963 3080 998 :
3128 947 3348 999 viduam
3370 984 3385 1009 ,
3427 950 3489 997 et
3532 940 3950 1009 repudiatam,
3978 945 4020 987 et

2394 1040 2684 1101 sordidam,
2720 1046 2881 1107 atque
2912 1036 3253 1090 meretricem
3289 1048 3397 1087 non
3427 1032 3729 1097 accipiet,
3760 1026 3861 1081 sed
3892 1024 4021 1095 puel-

2396 1126 2499 1179 lam
2530 1127 2596 1179 de
2627 1126 2822 1194 populo
2849 1140 2979 1186 suo;
3011 1140 3078 1177 ne
3108 1122 3468 1177 commiscent
3513 1119 3785 1185 stirpem
3828 1112 4020 1183 generis

2395 1215 2476 1270 sui
2523 1214 2678 1284 vulgo
2706 1214 2881 1282 gentis
2908 1228 3050 1276 sum;
3081 1213 3204 1281 quia
3231 1226 3332 1280 ego
3362 1210 3682 1268 Dominus,
3714 1206 3818 1273 qui
3844 1201 4020 1256 sancti-

2398 1307 2497 1361 lico
2533 1322 2653 1359 eum
2687 1303 2872 1374 (Lavit.
2904 1304 3040 1373 vxt).
3080 1324 3099 1355 ι
3154 1302 3309 1356 Nunc
3353 1310 3544 1355 autem
3606 1299 3759 1367 quia
3794 1311 3863 1349 ex
3893 1291 4021 1347 omni

2396 1396 2591 1468 pepulo
2635 1394 2944 1449 Christiano
2975 1392 3174 1461 passim
3204 1390 3262 1444 tit
3300 1386 3694 1444 sacerdotalis
3724 1383 3949 1445 electio,
3980 1388 4024 1433 et

2400 1491 2451 1540 in
2480 1485 2816 1554 promotiune
2836 1482 3155 1536 clericorum
3187 1494 3293 1532 non
3320 1478 3621 1531 distinctio
3646 1476 3910 1544 generis,
3940 1472 4022 1524 sed

2398 1572 2756 1645 praerogativa
2801 1571 3066 1625 duntaxat
3122 1568 3433 1636 exquiritur
3477 1564 3877 1625 sanctitatis;
3914 1574 4022 1615 ces-

2398 1673 2521 1719 sant
2565 1664 2687 1733 jura
2726 1660 2996 1729 conjugii,
3036 1658 3162 1712 dum
3190 1655 3558 1726 prter-edentis
3593 1653 3878 1707 aboletur
3902 1665 4019 1705 (ea-

2399 1773 2524 1813 sura
2579 1755 2841 1816 mandati,
2889 1752 3031 1805 sicut
3082 1748 3373 1818 Apostolus
3423 1746 3490 1799 ad
3565 1743 3868 1798 Hebraeos
3914 1741 4019 1793 ait:

2407 1866 2425 1897 ι
2457 1844 2785 1914 Reprobatio
2816 1841 2871 1894 fit
2902 1838 3261 1909 przecedentis
3300 1835 3548 1889 mandati
3594 1844 3851 1902 propter
3880 1829 4016 1885 intir-

2398 1934 2638 1986 mitatem
2666 1929 2802 1997 ejus,
2834 1938 2889 1983 et
2936 1926 3284 1980 inutilitatem
3312 1942 3325 1977 :
3375 1923 3513 1976 nihil
3547 1924 3715 1983 enim
3747 1921 3822 1974 ad
3854 1918 4020 1989 perfe-

2398 2031 2542 2076 ctum
2570 2021 2785 2074 adducit
2804 2019 2883 2072 lex
2908 2016 3098 2087 (Hebr.
3128 2015 3247 2083 vu).
3282 2033 3300 2064 ι
3328 2013 3395 2067 Et
3423 2013 3590 2082 paulo
3617 2020 3756 2081 post
3791 2028 3809 2065 :
3849 2007 4017 2062 tNunc

2400 2122 2578 2167 autem
2603 2110 2853 2165 Cbristus
2869 2115 3018 2161 tanto
3037 2105 3230 2160 melius
3250 2104 3480 2158 sortitus
3500 2112 3589 2157 est
3612 2099 4016 2158 ministerium,

2401 2210 2602 2270 quanto
2638 2211 2694 2253 et
2725 2197 2963 2251 melioris
2995 2192 3309 2248 testamenti
3339 2192 3619 2246 mediator
3652 2200 3777 2244 cst.
3824 2188 3955 2242 Nam
3978 2186 4016 2240 si

2404 2288 2531 2343 illud
2570 2288 2720 2356 prius
2748 2285 2901 2353 culpa
2934 2290 3200 2341 vacasset,
3239 2294 3345 2334 non
3377 2278 3854 2348 utiqnersecuntii
3884 2276 4015 2329 locus

2404 2376 2771 2445 inquit-eretur
2802 2372 2989 2441 (Hebr.
3022 2372 3162 2440 vtu).
3184 2389 3203 2422 ι
3240 2369 3355 2424 Hoc
3383 2378 3569 2423 autem
3602 2377 3858 2438 propter
3892 2364 4013 2429 illos,

2404 2481 2495 2535 qut
2550 2467 2755 2526 dicunt,
2803 2463 2930 2533 quia
2990 2462 3033 2517 si
3088 2461 3403 2515 sacerdotes
3456 2458 3677 2512 nubere
3739 2466 4011 2523 peccatum

2406 2562 2567 2617 esset,
2602 2567 2939 2621 nequaquam
2971 2551 3073 2604 boc
3101 2550 3155 2603 in
3204 2548 3320 2618 lege
3352 2547 3524 2602 veteri
3573 2545 3859 2600 Dominus
3889 2556 4012 2612 pra:-

2408 2644 2660 2710 ccpisset.
2690 2641 2795 2696 Sed
2824 2642 2915 2709 qui
2949 2641 3051 2693 boc
3082 2640 3291 2701 dicunt,
3330 2636 3519 2706 procul
3560 2638 3745 2691 dubio
3774 2636 3907 2705 quid
3928 2649 4008 2687 ca-

2408 2732 2602 2786 nonica
2635 2731 2892 2785 decernat
2922 2730 3219 2785 auctoritas
3250 2738 3344 2782 aut
3394 2728 3683 2792 nesciunt,
3715 2736 3817 2781 aut
3843 2739 3905 2780 se
3926 2723 3990 2776 fat

2407 2820 2598 2875 laciter
2642 2821 2892 2889 ignorare
2919 2818 3255 2884 confingunt.
3290 2815 3401 2871 Nos
3428 2816 3625 2886 plane,
3661 2816 3908 2887 quilibet
3939 2812 4011 2865 ni-
4096 2854 4097 2861 η

2409 2909 2606 2963 mirum
2634 2908 2942 2978 apostolicae
2979 2907 3125 2962 sedis
3153 2908 3356 2971 aeditui,
3396 2907 3501 2961 hoc
3539 2922 3641 2977 per
3681 2920 3888 2962 omnes
3924 2918 4011 2973 pu-

2411 3000 2549 3054 blice
2573 2999 2957 3054 concionatnur
2984 2997 3279 3061 Ecclesiae,
3311 3007 3371 3051 ut
3396 3011 3561 3051 nemo
3593 2998 3806 3051 missas
3834 3010 3864 3049 a
3898 3007 4009 3063 pre-

2418 3088 2655 3156 sbytero,
2698 3101 2805 3139 non
2845 3085 3193 3153 Evangelium
3222 3100 3251 3137 a
3297 3084 3554 3149 diacono,
3608 3099 3726 3138 non
3784 3081 4009 3147 denique

2414 3175 2703 3244 Epistoiam
2729 3190 2757 3227 a
2783 3175 3112 3229 subdiacono
3138 3188 3361 3242 prorsus
3388 3175 3597 3235 audiat,
3627 3188 3777 3242 quos
3803 3168 4006 3225 misceri

2412 3263 2628 3319 feminis
2682 3279 2787 3317 non
2840 3263 3068 3333 ignorat.
3111 3262 3179 3316 Et
3208 3277 3274 3316 ne
3312 3262 3364 3316 id
3393 3276 3556 3332 agere
3603 3275 3902 3330 perperam
3939 3256 4007 3311 vi-

2413 3355 2657 3419 deamur,
2710 3370 3105 3423 apponeremus
3141 3356 3347 3424 aliquot
3407 3356 3722 3409 sententias
3770 3353 4001 3411 Patrum.

2415 3443 2515 3497 nisi
2566 3442 2875 3511 prohiberet
2918 3442 3210 3511 epistulare
3267 3443 3675 3511 centpendiutn.
3725 3441 3838 3497 Sed
3887 3437 4002 3507 quia

2414 3531 2617 3589 nostris
2668 3531 2847 3585 vetbis
2891 3530 3027 3585 fides
3073 3546 3178 3586 non
3226 3532 3389 3586 aliter
3439 3531 3771 3595 adhibetur,
3825 3540 4001 3584 eorum

2416 3638 2587 3693 pauca
2620 3620 2810 3676 saltem
2836 3620 3080 3688 ponenda
3113 3629 3241 3675 sunt
3272 3622 3584 3676 testimonia
3606 3660 3622 3684 ,
3664 3632 3722 3675 ut
3753 3636 3858 3690 per
3902 3620 4001 3671 iure

2416 3728 2537 3781 qua:
2601 3728 2743 3766 nunc
2802 3710 2963 3785 397
3021 3719 3320 3764 occurrunt
3376 3712 3693 3771 memoriae,
3756 3708 4005 3777 colligant

2419 3815 2617 3874 quanta
2646 3803 2875 3866 valeant,
2906 3803 2952 3856 si
2978 3803 3314 3872 quasierint,
3346 3801 3401 3855 in
3440 3801 3575 3871 ipsis
3615 3801 3902 3857 codicibus
3926 3798 4000 3851 in-

2419 3908 2621 3948 ventre.

2489 4004 2547 4059 In
2602 4004 2790 4073 primis
2838 4004 3052 4074 itaque,
3101 4003 3229 4072 quid
3270 4002 3549 4072 apostolus
3578 4001 3825 4059 Jacobus
3853 4010 3999 4068 super

2423 4094 2527 4149 hoc
2558 4095 2770 4161 negotio
2804 4094 2963 4147 beato
3012 4091 3275 4146 Clementi
3338 4092 3535 4163 (Epist.
3586 4092 3646 4159 2)
3716 4089 4000 4161 scripserit,

2422 4183 2760 4236 audiamus:
2808 4200 2827 4232 ι
2863 4180 3110 4243 Mittistri,
3165 4181 3358 4249 inquit,
3421 4180 3632 4243 altaris,
3689 4169 3997 4251 pre‘sbyteri.

2424 4272 2538 4326 sive
2567 4272 2781 4325 diaconi
2817 4272 2883 4324 ad
2917 4270 3195 4323 Dominica
3227 4270 3364 4323 tales
3392 4270 3666 4338 eligantur
3688 4271 3887 4329 olm-ia,
3916 4264 3997 4334 qui

2423 4369 2550 4416 ante
2578 4362 2973 4415 ordinationem
3002 4359 3284 4429 conjugent
3304 4373 3461 4413 suam
3488 4360 3845 4429 reliquerunt.
3864 4354 3995 4422 Quod

2430 4455 2474 4507 si
2534 4459 2653 4521 post
2703 4450 3099 4505 ordinationem
3156 4450 3410 4503 ministro
3460 4451 3753 4519 contigerit
3790 4444 3999 4517 proprize

2436 4543 2690 4598 invadere
2721 4540 2896 4594 cubile
2933 4540 3150 4602 uxoris,
3178 4539 3401 4592 sacrarii
3438 4554 3550 4592 non
3597 4541 3764 4593 intret
3813 4537 3993 4597 limina,

2438 4645 2536 4685 nec
2563 4630 2810 4686 sacrificii
2844 4631 3074 4699 portitor
3104 4629 3229 4695 fiat,
3262 4643 3362 4683 nec
3392 4630 3563 4684 altare
3592 4632 3889 4701 contingat,
3914 4640 3996 4679 net:

2438 4722 2504 4774 ab
2532 4720 2880 4776 offerentibus
2912 4720 3211 4773 holocauin
3236 4718 3566 4772 oblationem
3609 4722 3887 4789 suscipiat,
3912 4728 3996 4769 nec

2437 4811 2501 4863 ad
2530 4810 2793 4863 Dmninici
2818 4811 3063 4876 corporis
3086 4810 3391 4876 portionem
3425 4811 3670 4873 accedat,
3698 4825 3888 4881 aquam
3920 4822 3993 4860 sa-

2436 4902 2713 4955 cerdotum
2755 4901 2992 4969 porrigat
3024 4901 3293 4965 manibus,
3320 4903 3457 4955 osua
3505 4901 3823 4959 forinsecus
3866 4900 3995 4955 clan-

2436 4991 2546 5054 dal,
2582 4991 2787 5044 minora
2828 5003 2980 5059 gerat
3007 4990 3200 5055 ofﬁcia,
3229 5007 3452 5044 urceum
3485 5008 3619 5045 sane
3641 4993 3708 5046 ad
3726 4994 3992 5047 salutarem

2437 5082 2656 5135 calicem
2688 5096 2796 5135 non
2831 5090 3099 5151 suggerat.
3122 5100 3140 5131 ι
3162 5082 3409 5136 Aurelius
3426 5098 3554 5137 vero
3576 5079 3995 5154 Carthaginiensis

2437 5171 2719 5239 episcopus
2744 5170 2883 5223 inter
2902 5179 3095 5224 etetera
3122 5170 3201 5225 sic
3228 5171 3303 5225 ait
3322 5169 3756 5241 (conc.Cnrthag.
3777 5168 3952 5236 ικαὶ)
3977 5179 3989 5217 ε

2445 5278 2462 5309 ι
2522 5260 2727 5314 Placuit
2771 5274 2956 5313 sacros
3002 5259 3273 5314 antisﬁtes
3326 5275 3390 5314 ae
3430 5259 3523 5314 Dei
3565 5264 3887 5323 sacerdotes,
3916 5270 3995 5311 nec

2441 5364 2545 5402 non
2570 5358 2625 5401 et
2655 5348 2866 5411 levitas,
2892 5349 2973 5401 vel
3000 5350 3086 5416 qui
3106 5365 3181 5402 sm
3200 5350 3463 5403 rantentis
3484 5349 3684 5403 divinis
3707 5352 3988 5404 insemunb

2443 5440 2781 5492 continentes
2802 5452 2922 5491 esse
2956 5437 3008 5490 in
3040 5438 3314 5501 omnibus,
3354 5453 3461 5507 quo
3510 5440 3718 5508 possint
3770 5433 3992 5506 simplici-

2444 5538 2527 5583 ter
2566 5530 2706 5598 quod
2739 5544 2768 5582 a
2803 5528 2910 5581 Deo
2937 5530 3215 5597 postulant
3266 5529 3591 5597 impetraze;
3652 5540 3707 5582 ut
3733 5534 3867 5599 qttml
3890 5538 3987 5593 apo-

2446 5619 2566 5673 stoli
2612 5619 2935 5679 docuerunt,
2977 5627 3031 5671 et
3088 5618 3203 5687 ipsa
3269 5620 3505 5672 servavit
3565 5621 3877 5688 antiquitas,
3915 5626 3989 5668 nos

2448 5724 2659 5780 quoque
2712 5707 3102 5764 custodiamus.
3152 5727 3169 5761 ι
3218 5707 3509 5764 Faustinus
3544 5710 3709 5763 etiam
3750 5711 3985 5777 cpiscopus
