4276 6334
137 350 266 406 ιοι

855 349 1094 406 OPUSC.
1140 344 1321 404 XVllI.
1357 377 1427 413 -+
1462 343 1741 401 CONTRA
1778 342 2354 401 INTEMPERANTES
2391 344 2740 401 CLERICOS.

3329 343 3436 397 602

139 463 429 519 Ecclesia
446 464 724 517 Pontianus
751 459 1209 532 [nl.,Poteulin:c]
1235 459 1523 529 provincia
1547 456 1751 520 Piceni,
1784 460 1831 519 Α
1862 454 2109 519 lectores,
2141 463 2498 525 cantoresque
2528 452 2917 508 tantummodo.
2965 473 2982 505 ι
3021 453 3127 508 Sed
3166 462 3218 507 et
3245 454 3436 511 beatus

166 561 381 623 egatus
414 552 665 604 Romamn
686 549 941 604 Ecclesia:
964 550 1102 603 dixit
1127 549 1292 617 (conc.
1321 546 1499 601 Carm.
1528 564 1588 609 tt,
1614 544 1753 615 ei):

158 656 178 688 ι
212 640 400 693 Placet
425 647 480 690 ut
510 639 815 705 episcopus,
833 638 1116 707 presbyter
1134 646 1189 692 et
1208 636 1655 705 diaconus,et-qui
1671 652 1758 707 sa-

155 736 451 783 cramenta
464 736 819 788 contrectant,
840 743 909 797 pu
920 727 1112 781 Jicitize
1124 727 1394 790 custodes,
1410 728 1477 779 ab
1501 728 1756 780 uxoribus

146 834 225 870 se
261 817 591 870 abstineant.
623 838 641 868 ι
673 818 754 869 Ab
776 817 1040 871 universis
1062 817 1325 884 episcopis
1380 816 1582 869 dictum
1630 825 1753 869 est:

156 925 182 951 ς
222 907 431 968 Placet.
488 918 543 959 ut
596 907 647 959 in
701 906 952 978 omnibus
999 918 1053 961 et
1092 908 1162 960 ab
1209 906 1460 961 omnibus
1496 906 1753 974 pudicitia

152 1000 511 1055 custosiatur
546 1002 636 1065 qui
669 998 822 1052 altari
855 998 1114 1053 serviunt.
1147 1019 1165 1051 ι

187 1118 212 1130 -
244 1093 308 1144 ln
342 1091 752 1157 Carthaginensi
785 1108 999 1168 quoque
1034 1093 1262 1146 concilio
1294 1073 1499 1146 iterum
1555 1093 1754 1147 dicitur

147 1183 342 1234 (conc.
377 1178 625 1245 Carthag.
660 1195 709 1238 ν,
743 1194 791 1232 e.
824 1179 919 1248 5):
961 1200 977 1231 ι
1024 1180 1286 1235 Pra-terea
1326 1197 1450 1236 cum
1499 1183 1566 1237 de
1619 1199 1759 1251 quo-

160 1270 423 1324 rumderu
449 1271 795 1329 clericorum,
823 1271 1071 1337 quamvis
1100 1271 1384 1334 lectorum,
1402 1288 1527 1338 erga
1556 1288 1751 1327 uxores

154 1362 421 1425 proprias
465 1358 847 1412 incontinentia
877 1359 1202 1425 referretur;
1245 1362 1442 1428 placuit
1470 1362 1751 1432 episcopos

159 1456 228 1499 et
257 1449 622 1517 presbyteros,
655 1457 708 1501 et
747 1449 1005 1502 diaconos
1032 1452 1326 1503 secundum
1374 1451 1591 1520 propria
1641 1462 1752 1505 sta-

162 1546 287 1589 tuta
321 1540 482 1590 etiam
524 1543 589 1589 ab
626 1540 885 1591 uxoribus
934 1532 1231 1594 continere.
1277 1541 1428 1607 ρειοά
1469 1542 1569 1596 nisi
1604 1542 1750 1597 fece-

164 1625 305 1686 rint,
336 1626 401 1678 ab
425 1626 792 1681 ecclesiastico
814 1639 1189 1682 removeantur
1214 1629 1405 1683 ollicio.
1439 1650 1457 1682 ο
1501 1631 1557 1685 lu
1588 1646 1751 1685 cano-

163 1717 334 1770 nibus
371 1716 737 1785 apostoiomm
776 1718 975 1771 dicitur
1025 1736 1037 1770 :
1104 1738 1122 1770 ι
1192 1719 1267 1773 De
1324 1721 1650 1789 presbyteris
1694 1730 1751 1776 et

1859 544 2152 614 Gregorius
2173 544 2334 598 Petro
2357 544 2684 599 subdiacono
2711 544 3005 608 mandavit,
3031 544 3216 599 dicens
3239 544 3433 615 (Gutta.

1858 630 1983 701 Reg.
2017 632 2107 687 hb.
2131 648 2146 686 t
2167 673 2180 687 .
2205 648 2289 700 ep.
2322 632 2414 703 42)
2441 650 2453 686 :
2485 651 2503 683 ι
2538 634 2677 686 Ante
2730 632 3017 685 triennium
3079 633 3437 690 subdiaconcs

1856 721 2095 773 omnium
2143 720 2506 774 Ecelesiarum
2555 720 2755 775 Ciliciae
2802 721 3060 790 pronibiti
3114 720 3349 787 fuerant,
3379 732 3441 777 ut

1856 825 2006 864 more
2045 810 2301 863 Romana:
2336 810 2617 872 Ecclesiae,
2659 811 2772 864 suis
2825 811 3086 864 uxoribus
3134 810 3439 867 nullatenus

1854 899 2231 952 miscerentur.
2266 897 2417 962 Quod
2457 898 2588 951 mihi
2634 898 2826 951 durum
2878 907 3039 967 atque
3071 899 3442 968 incompetens

1855 988 2090 1051 videtur,
2124 996 2180 1041 ut
2209 987 2300 1055 qui
2325 1000 2477 1040 usum
2508 986 2750 1055 ejtlsdem
2780 988 3127 1042 continentia:
3154 1003 3260 1041 non
3292 988 3444 1041 inve-

1856 1079 1964 1142 nit,
1999 1095 2174 1148 neque
2204 1082 2510 1134 castitatem
2548 1090 2675 1135 ante
2701 1082 3001 1151 proposuit,
3024 1081 3381 1151 compellatur
3408 1094 3441 1133 a

1852 1185 1945 1223 sua
1980 1185 2147 1223 uxore
2167 1172 2427 1245 separari,
2457 1182 2618 1239 atque
2661 1186 2756 1240 per
2786 1172 2906 1235 hoc,
2930 1172 3071 1241 quod
3102 1172 3261 1235 absit,
3290 1173 3443 1224 detc«

1854 1260 1968 1313 rius
2019 1260 2200 1313 cadat.
2255 1257 2412 1315 Unde
2457 1260 2665 1313 videtur
2706 1259 2859 1324 mihi,
2890 1271 2948 1313 ut
2996 1274 3024 1312 a
3071 1261 3319 1328 praesenti
3353 1258 3442 1313 die

1850 1351 2100 1404 omnibus
2126 1351 2396 1419 episcopis
2427 1352 2672 1415 dicatur,
2737 1360 2795 1404 ut
2831 1350 3031 1404 nullum
3072 1351 3252 1404 facere
3307 1349 3442 1404 sub-

1853 1442 2137 1495 diacouum
2171 1450 2523 1511 praesumant,
2571 1442 2672 1495 nisi
2724 1442 2814 1509 qui
2868 1456 2926 1495 se
2976 1442 3242 1495 victurum
3292 1448 3438 1493 caste

1850 1532 2184 1600 promiserit,
2214 1539 2482 1599 quatenus
2508 1540 2563 1584 et
2594 1530 2887 1599 praeterita,
2910 1546 3031 1599 qua:
3063 1546 3157 1599 per
3187 1529 3431 1598 proposi-

1852 1630 1965 1673 tum
2000 1620 2200 1674 mentis
2251 1620 2489 1689 appetita
2523 1634 2630 1674 non
2676 1630 2822 1686 sunt,
2852 1620 3111 1675 violenter
3156 1635 3261 1673 non
3314 1618 3451 1673 exi».

1850 1721 2065 1781 gantur,
2092 1720 2148 1765 et
2176 1710 2357 1764 futura
2408 1718 2567 1765 caute
2616 1721 2929 1765 caveantur.
2989 1709 3089 1775 Qui
3135 1724 3264 1763 vero
3311 1715 3435 1778 post

162 1807 492 1860 (liaeonibus
528 1806 835 1860 divinarum
877 1809 1055 1877 legum
1100 1819 1183 1863 est
1236 1810 1551 1879 disciplina,
1581 1820 1640 1864 ut
1670 1812 1754 1865 in-

1857 1802 2102 1855 eamdem
2149 1800 2730 1869 probibitionem,qua3
2775 1811 2900 1854 ante
2950 1799 3243 1853 triennium
3290 1798 3435 1852 facta

162 1896 517 1950 continentes
572 1898 623 1951 in
678 1896 867 1951 oﬂiciis
916 1900 1111 1954 talibus
1140 1902 1327 1967 positi,
1363 1902 1509 1955 omni
1552 1904 1756 1959 honore

162 1984 550 2039 ecclesiastico
594 1986 876 2054 priventur
915 2005 927 2040 :
972 2002 1070 2041 nec
1118 1989 1471 2043 admittantur
1532 1990 1603 2043 ad
1651 1991 1755 2046 tale

164 2072 559 2137 ministerium,
579 2075 720 2141 quod
749 2074 860 2127 sola
885 2074 1212 2128 continentia
1242 2086 1453 2142 oportet
1477 2077 1705 2145 impleri.
1729 2096 1748 2130 ι

161 2162 316 2217 Idem
346 2162 437 2232 qui
469 2178 649 2232 supra.
678 2163 933 2218 videlicet
960 2164 1401 2234 Carthaginensis
1428 2168 1750 2237 episcopus:

169 2269 192 2302 ι
240 2251 797 2321 Andirimus,iuqnit,
850 2253 1049 2307 fratres
1090 2256 1415 2322 charissimi,
1467 2269 1755 2327 prmterea,

158 2343 314 2411 quod
361 2345 718 2411 quormudam
770 2344 1109 2407 clericorum.
1162 2349 1411 2417 quamvis
1465 2349 1750 2414 lectorum,

161 2446 298 2497 erga
331 2446 529 2485 "mres
558 2433 803 2501 proprias
834 2434 1224 2488 incontinentis
1270 2447 1608 2499 reservetur:
1640 2439 1754 2507 Ριὲι-

159 2518 305 2583 cuit,
331 2520 471 2586 quod
500 2529 549 2573 et
600 2520 653 2572 in
704 2520 932 2575 diversis
1001 2523 1240 2578 conciliis
1296 2524 1566 2579 firmatum
1624 2536 1750 2592 est,

169 2619 231 2662 ut
270 2610 603 2671 subdiacoui.
638 2613 728 2679 qui
780 2630 932 2668 sacra
991 2617 1243 2685 mysteria
1292 2628 1665 2685 contrectant,
1698 2629 1753 2675 et

171 2701 476 2762 diacmii,et
506 2703 824 2773 presbyteri,
850 2705 942 2760 sed
968 2717 1021 2760 et
1043 2708 1275 2777 episcopi
1305 2712 1598 2766 secundum
1629 2728 1746 2781 prov

172 2794 287 2862 pria
319 2804 513 2846 statuta
546 2796 707 2849 etiam
765 2799 833 2850 ab
894 2800 1152 2855 uxoribus
1201 2818 1260 2856 se
1309 2803 1636 2871 contineant,
1693 2814 1751 2862 ut

173 2892 431 2950 tanquam
488 2901 591 2939 non
648 2886 908 2943 habentes
952 2890 1196 2945 videatur
1252 2909 1390 2948 esse.
1444 2896 1596 2963 Quod
1646 2899 1749 2954 nisi

171 2974 416 3035 tet-crint,
468 2977 535 3027 ab
592 2978 961 3033 ecc!esiastico
1024 2993 1405 3037 removeantur
1465 2985 1659 3042 oﬂieio.
1723 3006 1742 3042 ι

171 3064 410 3122 Umerus
434 3080 609 3123 autem
639 3070 866 3126 clericos
897 3074 961 3125 ad
988 3073 1089 3127 hoc
1115 3090 1222 3128 non
1263 3078 1396 3148 cogi.
1430 3079 1532 3133 nisi
1566 3091 1743 3136 matu-

169 3155 507 3228 riorimtate.
536 3158 617 3211 Ab
646 3160 895 3215 universo
926 3164 1152 3217 concilio
1179 3167 1380 3220 dictum
1401 3178 1484 3223 cst
1515 3186 1527 3222 :
1562 3189 1581 3220 ‹
1614 3169 1742 3234 Quae

169 3253 346 3297 vestra
374 3248 631 3301 sanctitas
653 3259 733 3302 est
755 3250 900 3318 juste
924 3254 1215 3318 modera'a,
1238 3265 1285 3309 et
1321 3269 1532 3321 sancta,
1552 3264 1606 3311 et
1636 3260 1745 3314 nco

170 3334 373 3402 placita
395 3347 540 3403 sunt,
567 3339 970 3394 conﬁrmamus.
1005 3363 1021 3394 ο
1059 3342 1196 3407 Sed,
1227 3355 1285 3399 ut
1316 3347 1591 3403 valeamus
1634 3351 1747 3404 cvi-

170 3430 290 3476 tare
322 3421 618 3489 fastidium,
653 3428 877 3483 sullicia!
915 3438 1026 3483 tant
1068 3447 1119 3486 m
1144 3434 1208 3487 de
1241 3435 1373 3490 solis
1400 3438 1744 3495 subliaeonis

170 3513 301 3581 quid
330 3522 602 3569 statuatur
626 3516 909 3577 inducere;
941 3530 1017 3583 ut,
1042 3535 1226 3574 eorum
1251 3539 1498 3579 mensura
1514 3527 1743 3597 diligen-

169 3616 255 3657 ter
282 3604 540 3673 iu~pecta,
566 3607 631 3661 de
654 3608 1024 3678 superioribus
1053 3614 1306 3681 gradibus
1345 3617 1547 3671 nemini
1584 3619 1746 3673 liceat

170 3695 437 3749 dubitare.

244 3781 297 3835 In
333 3785 549 3837 decreto
576 3800 789 3854 quoque
814 3789 1010 3843 Leonis
1043 3807 1191 3860 papa:
1221 3793 1323 3850 hcc
1366 3795 1508 3850 inter
1548 3807 1743 3853 cmtera

168 3871 440 3940 reperitur
501 3872 598 3940 (Ls
622 3889 717 3927 uvis
748 3891 895 3944 papa
940 3894 1021 3946 ep.
1059 3880 1162 3943 82,
1193 3882 1259 3933 ad
1294 3882 1479 3937 Anast.
1536 3884 1741 3951 Thesm,

167 3976 215 4015 τ.
266 3961 319 4030 ι)
356 3975 371 4014 :
419 3981 437 4011 ι
471 3960 602 4015 Nam
645 3978 767 4017 cum
810 3975 963 4019 extra
994 3968 1311 4025 elericormu
1337 3974 1580 4029 ordinem
1608 3991 1742 4031 con-

167 4051 397 4115 stitutis,
424 4053 732 4120 nuptiarum
756 4056 1022 4123 societati,
1049 4066 1101 4113 et
1124 4064 1485 4129 procreationi
1510 4064 1744 4121 filiorum

165 4140 387 4194 studere
401 4142 472 4194 sit
493 4141 718 4196 liberum
745 4146 1062 4211 arbitrium;
1098 4151 1161 4202 ad
1186 4152 1540 4208 exhibendam
1566 4164 1742 4211 tamen

165 4229 424 4300 perfectae
460 4235 805 4289 continentiae
831 4236 997 4308 398
1035 4241 1345 4309 puritatem,
1381 4260 1481 4299 nec
1523 4248 1747 4303 subdia-

166 4319 324 4374 couis
347 4320 564 4389 quidem
587 4324 914 4380 connubium
940 4330 1161 4384 carnale
1188 4334 1503 4389 conceditur
1526 4354 1537 4391 :
1572 4341 1744 4408 utqui

1857 1898 1966 1952 est,
1990 1890 2332 1944 continenter
2365 1904 2485 1943 eum
2522 1890 2633 1942 suis
2672 1888 2991 1961 conjugibus
3023 1890 3290 1953 vixerunt,
3322 1888 3437 1943 lau-

1857 1981 2018 2035 dandi
2050 1992 2212 2050 atque
2264 1980 2647 2035 renmnerandi
2675 1988 2821 2044 sunt,
2843 1990 2898 2035 et
2944 1992 3002 2035 ut
3047 1981 3101 2034 in
3148 1982 3288 2035 bono
3336 1996 3435 2036 suo

1854 2080 2209 2139 permaneant
2255 2070 2599 2125 exhortandi.
2634 2068 2738 2126 Eos
2770 2081 2952 2125 autem
2976 2072 3067 2141 qui
3097 2079 3216 2139 post
3244 2071 3430 2141 probi—

1854 2162 2113 2218 bitionem
2141 2164 2336 2218 factam
2373 2178 2433 2218 se
2459 2178 2488 2216 a
2522 2165 2636 2219 suis
2662 2162 2920 2218 uxoribus
2950 2163 3229 2217 continere
3252 2162 3446 2217 nolue-~

1854 2263 2002 2314 runt,
2032 2254 2317 2321 pervenire
2347 2252 2413 2306 ad
2443 2268 2659 2307 sacrum
2684 2253 2931 2308 ordinem
2982 2253 3251 2307 nolumus.
3298 2251 3436 2321 Quia

1855 2344 2040 2399 nullus
2077 2343 2237 2398 debet
2276 2345 2732 2399 aid-ministerium
2783 2344 2971 2398 altaris
3024 2344 3301 2412 accedere,
3334 2344 3439 2400 nisi

1855 2433 2010 2501 Cujus
2048 2435 2275 2489 castitas
2328 2442 2456 2488 ante
2505 2444 2815 2504 susceptum
2873 2435 3232 2490 ministerium
3277 2434 3442 2490 fuerit

1852 2525 2101 2591 probata.
2142 2542 2161 2577 ι

2029 2611 2157 2667 CAP.
2198 2612 2285 2667 Ill.
2310 2642 2383 2654 -
2411 2611 2735 2667 Clericoruut
2780 2615 2954 2683 inepta
2999 2614 3254 2684 defensio.

1927 2699 2034 2756 Sed
2062 2717 2157 2757 cur
2186 2717 2288 2772 ego
2317 2702 2383 2757 ad
2412 2704 2813 2757 coacervandos
2855 2717 3094 2757 canones
3128 2701 3277 2756 ultra
3306 2717 3435 2771 pro-

1851 2794 2089 2862 gredior,
2145 2794 2579 2863 quandoquidem
2648 2794 2749 2848 hos
2805 2795 3055 2865 ignorare
3123 2795 3221 2865 ipsi
3272 2797 3439 2849 etiam

1852 2894 2171 2955 nequeunt,
2200 2887 2290 2956 qui
2349 2886 2553 2941 tumida
2598 2886 2858 2939 adversus
2886 2900 2979 2941 eos
3008 2886 3221 2939 cervice
3254 2883 3441 2940 conﬂi-

1854 2975 2022 3042 gunt?
2080 2976 2381 3045 Aliquando
2405 2992 2529 3030 cum
2571 2991 2656 3029 me
2683 2975 2983 3031 Laudeusis
3016 2975 3269 3029 Ecclesizr
3298 2975 3440 3028 tauri

1850 3067 2079 3137 pingues
2106 3076 2317 3121 armata
2353 3068 2758 3135 conspiratione
2788 3067 3071 3126 vallarent.
3106 3082 3170 3120 ac
3224 3066 3447 3119 furioso.

1849 3158 2081 3227 strepitu
2147 3157 2297 3211 vituli
2375 3158 2526 3212 multi
2605 3158 2997 3211 tumultuantes
3065 3154 3440 3211 iufrenderent

1850 3244 2021 3316 (Psal.
2054 3248 2189 3315 ut),
2217 3256 2472 3314 tanquam
2509 3255 2718 3301 ructum
2752 3245 2892 3300 fellis
2932 3246 2983 3299 in
3014 3261 3075 3299 os
3106 3260 3286 3299 meum
3314 3260 3439 3299 evo-

1848 3350 2019 3399 mere,
2045 3337 2288 3390 dicentes
2316 3354 2327 3389 :
2358 3354 2377 3387 ι
2412 3336 2687 3391 Habemus
2711 3338 3091 3392 auctoritatem
3116 3335 3435 3391 Triburien-

1847 3426 1943 3489 sis,
1972 3429 2016 3480 si
2046 3434 2225 3479 tamen
2253 3442 2353 3495 ego
2383 3441 2576 3481 nomen
2629 3440 2806 3493 teneo,
2848 3429 3084 3489 concilii,
3141 3443 3261 3497 quas
3312 3443 3437 3497 pro-

1851 3515 2018 3569 motis
2041 3516 2107 3568 ad
2144 3514 2576 3570 ecclesiasticum
2625 3498 2879 3571 ordinem
2930 3516 3148 3571 ineundi
3199 3515 3439 3585 coniugii

1848 3606 2049 3659 tribuat
2083 3605 2413 3659 facultatem.
2457 3606 2718 3673 o-Quibus
2746 3600 2846 3674 cgo
2870 3608 3120 3678 respondi
3151 3625 3163 3662 :
3200 3627 3218 3659 ι
3247 3607 3441 3664 Conci-

1846 3695 1997 3756 lium,
2032 3695 2276 3764 inquam,
2305 3706 2568 3761 vestrum,
2597 3699 2956 3768 quodcunque
2997 3699 3192 3762 vultis,
3240 3714 3440 3754 nomen

1844 3788 2087 3841 obtineat
2116 3805 2129 3840 :
2159 3788 2250 3841 sed
2282 3803 2311 3840 a
2340 3802 2424 3841 me
2448 3785 2561 3842 uon'
2578 3790 2857 3858 recipitur,
2890 3791 2934 3844 si
2966 3791 3198 3845 decretis
3232 3791 3431 3845 Roma-

1845 3891 2036 3931 norum
2063 3876 2374 3946 pontificum
2403 3893 2508 3931 non
2534 3880 2844 3933 concordat.
2868 3898 2886 3931 ι
2914 3880 3429 3949 A'tciipauturenim

1844 3970 2089 4040 quzedam
2119 3970 2271 4038 quasi
2294 3985 2560 4025 canonum
2584 3971 2887 4025 adulterina
2916 3983 3211 4037 sarmenta,
3245 3974 3435 4042 eisque

1844 4060 2085 4129 prtebcnt
2115 4061 2515 4125 auctoritatem,
2550 4071 2609 4116 ut
2649 4065 3018 4118 autbenticam
3042 4080 3311 4119 canonum
3337 4080 3431 4118 va-
3508 4074 3511 4075 '

1848 4147 1997 4201 leant
2022 4163 2257 4201 vacuare
2285 4150 2566 4207 virtutem.
2604 4150 2710 4206 Sed
2739 4150 2998 4208 Salomon
3025 4155 3156 4209 dicit
3187 4173 3199 4207 :
3230 4173 3249 4205 ι
3295 4154 3435 4221 Quia

1847 4238 2031 4305 spuria
2076 4237 2393 4293 vitulamina
2433 4256 2537 4294 non
2580 4241 2784 4296 dabunt
2828 4243 3040 4298 radices
3095 4244 3235 4301 altas
3282 4244 3439 4317 (Sep.

1849 4330 1955 4396 tv);
1992 4348 2010 4380 ι
2055 4329 2261 4383 distant
2299 4330 2444 4384 enim
2482 4331 2894 4387 adinventiones
2934 4334 3208 4388 hominum
3241 4350 3269 4389 a
3306 4350 3434 4391 sen-

166 4409 372 4464 habent
419 4411 528 4464 sint
576 4421 830 4483 tanquam
884 4431 989 4471 non
1036 4418 1327 4487 habentes;
1385 4434 1441 4480 et
1501 4429 1593 4496 qui
1642 4447 1745 4486 non

1852 4418 2037 4473 tentiis
2064 4435 2185 4488 qua:
2235 4420 2458 4488 prolatae
2490 4432 2616 4476 sunt
2645 4437 2741 4493 per
2783 4421 3045 4493 Spiritum
3094 4425 3262 4495 399
3309 4441 3449 4480 san»

166 4502 374 4558 habent
417 4516 771 4571 permaneant
800 4507 1117 4577 singulares.
1173 4531 1193 4564 ι
1244 4513 1395 4581 Quod
1446 4518 1491 4572 si
1540 4520 1591 4573 iu
1641 4520 1745 4577 hoc

164 4592 379 4658 ordine,
396 4594 488 4663 qui
512 4606 740 4663 quartus
762 4607 845 4652 est
868 4613 895 4650 a
918 4600 1344 4673 capite,dignmn
1362 4614 1443 4661 est
1461 4611 1743 4677 custodiri,

165 4690 375 4752 quanto
404 4685 574 4752 magis
601 4700 631 4738 a
664 4687 859 4754 primo.
878 4689 961 4743 vel
988 4692 1247 4757 secundo,
1273 4697 1500 4751 tertiove
1520 4713 1746 4755 servan-

166 4771 301 4826 dum
325 4780 403 4828 est
452 4790 519 4827 ne
540 4784 633 4828 aut
659 4776 894 4839 levitico,
924 4789 1014 4833 aut
1039 4782 1386 4854 presbyterali
1413 4788 1632 4856 honore,
1654 4801 1748 4847 aut

166 4862 464 4933 episcopali
486 4864 801 4920 excellentia
828 4869 1110 4939 quisquam
1138 4872 1363 4929 idoneus
1383 4877 1743 4948 existimetur,

166 4958 269 5022 qui
299 4967 359 5094 εξ
388 4969 419 5008 a
447 4955 720 5026 voluptate
761 4960 950 5014 uxoria
1002 4963 1233 5017 necdum
1292 4963 1537 5023 frenasse
1599 4970 1755 5026 dete-

169 5040 320 5094 citur

169 5040 320 5112 gitur

244 5129 523 5203 Sylvester
553 5149 690 5204 papa
721 5136 772 5190 in
803 5137 1021 5192 decreto
1059 5155 1157 5195 suo
1200 5142 1337 5211 (cap.
1363 5144 1419 5215 8)
1476 5145 1555 5200 sic
1601 5148 1679 5203 ait
1729 5166 1747 5203 :

176 5242 205 5274 ι
237 5220 376 5276 Nulli
419 5232 599 5278 autem
640 5226 1092 5283 subdiaconorum
1136 5230 1203 5283 ad
1246 5233 1461 5301 nuptias
1515 5237 1748 5294 transire

171 5315 584 5383 permittentes,
613 5318 955 5387 praecipimus
983 5336 1052 5377 ne
1080 5320 1258 5391 aliqua
1288 5324 1391 5380 hoc
1425 5327 1749 5393 praevarica-

171 5404 319 5457 tione
346 5404 764 5473 przesurn'pserit.
803 5426 823 5460 ι

241 5489 299 5544 1η
342 5492 584 5550 Concilio
626 5494 842 5553 Nicmno
893 5498 1094 5555 dicitur
1140 5500 1281 5569 (can.
1330 5506 1550 5575 oportet.
1590 5508 1685 5578 25)
1735 5530 1750 5568 :

179 5597 201 5633 ι
255 5582 498 5653 innuptis
546 5594 752 5652 autem,
783 5588 877 5657 qui
933 5589 1000 5643 ad
1051 5589 1254 5645 elerum
1316 5595 1553 5663 provecti
1605 5606 1752 5663 sunt,

174 5674 544 5746 praxipimus,
576 5686 636 5733 ut
667 5676 711 5733 si
744 5678 1032 5749 voluerint,
1059 5696 1256 5740 uxores
1295 5682 1597 5755 accipiant;
1657 5687 1752 5745 sed

1853 4514 2100 4571 ctum,c.t
2135 4509 2225 4576 qui
2259 4510 2431 4564 sacris
2473 4511 2772 4565 canonibus
2808 4527 3114 4583 repugnare
3164 4530 3268 4568 non
3319 4528 3437 4570 me.

1852 4602 2031 4662 luunt,
2061 4596 2234 4664 ipsum
2267 4597 2617 4673 proculdubio
2646 4597 2931 4667 Spiritum,
2960 4616 2991 4653 a
3039 4613 3145 4670 quo
3179 4602 3429 4671 promul-

1850 4696 2067 4756 gantur,
2099 4685 2396 4739 offendunt.
2434 4686 2586 4741 Unde
2626 4686 2865 4744 Joannes
2920 4690 2974 4744 in
3032 4690 3355 4763 Apocalypsi
3418 4711 3433 4749 :

1855 4793 1875 4826 ι
1915 4773 2148 4845 Siquis,
2179 4776 2372 4845 inquit,
2398 4778 2711 4847 apposuerit
2740 4780 2807 4833 ad
2861 4780 2996 4845 haec,
3030 4795 3267 4851 apponet
3294 4782 3437 4839 Deus

1854 4876 2021 4933 super
2059 4864 2208 4918 illum
2238 4866 2424 4936 plagas
2457 4869 2691 4938 scriptas
2721 4869 2774 4923 in
2805 4869 2943 4923 libro
2984 4870 3087 4925 isto
3119 4888 3134 4925 :
3165 4883 3220 4926 et
3248 4875 3291 4929 si
3316 4874 3438 4942 quis

1855 4951 2172 5007 diminuerit
2208 4955 2274 5009 de
2308 4956 2490 5011 verbis
2529 4956 2651 5012 libri
2682 4959 2980 5027 prophetiae
3014 4960 3197 5031 hujus,
3224 4960 3437 5017 auferet

1855 5050 2001 5106 Deus
2046 5061 2255 5122 partem
2319 5054 2435 5121 ejus
2495 5057 2565 5111 de
2617 5055 2757 5111 libro
2799 5058 2961 5123 vitm,
3010 5070 3065 5114 et
3104 5060 3171 5114 de
3217 5061 3437 5115 civitate

1853 5146 2075 5203 sancta,
2103 5140 2259 5196 etde
2304 5141 2390 5198 his
2423 5158 2545 5214 qua:
2599 5147 2803 5217 scripta
2854 5156 2982 5203 sunt
3028 5148 3085 5203 in
3137 5148 3278 5204 libro
3333 5150 3437 5207 isto

1853 5230 2039 5300 (Apoc.
2070 5234 2224 5304 χιιι).
2267 5254 2288 5287 ι

1925 5323 2032 5377 Sed
2057 5338 2124 5377 ne
2150 5326 2272 5389 quis
2303 5341 2401 5381 nos
2428 5336 2621 5396 arguat
2648 5344 2818 5384 sacrm
2849 5322 3144 5403 Scriptura:
3169 5336 3334 5390 verba
3368 5336 3437 5391 ad

1853 5414 2137 5469 arbitrium
2172 5426 2372 5471 nostra:
2406 5418 2699 5475 voluntatis
2733 5419 3036 5488 inﬂectere,
3066 5439 3320 5481 asserens
3343 5442 3436 5481 ne-

1859 5518 2130 5574 quaquam
2158 5506 2274 5561 hree
2310 5507 2377 5562 ad
2420 5524 2606 5565 sacros
2640 5526 2877 5568 canones
2906 5515 3220 5584 pertinere:
3252 5517 3451 5572 audiat.

1859 5597 2000 5665 quod
2021 5598 2311 5655 Anacletus
2342 5616 2508 5671 papa,
2532 5603 2755 5672 quintus
2785 5605 2994 5661 scilicet
3022 5622 3051 5660 a
3082 5607 3142 5661 Β.
3173 5606 3436 5669 Petro.dc

1855 5687 2213 5754 violatoribus
2241 5706 2507 5750 canonum
2530 5693 2709 5753 dicat:
2737 5714 2757 5751 ι
2794 5693 3112 5761 Violatores.
3137 5698 3235 5761 ait,
3252 5697 3439 5756 volun-
