5514 6638
0 6361 869 6638 ⁵

52 0 3846 239 με

2616 492 2673 548 S.
2713 489 2916 546 PETRI
2954 486 3231 544 DAMIANI
3266 484 3419 544 OPP.
3454 479 3685 540 TOMUS
3724 475 3853 534 SEU
3892 475 4068 531 PARS
4106 473 4187 531 Ill.
4228 505 4294 515 ——
4320 474 4678 533 OPUSCCLA
4711 476 4935 529 VAillA.
5324 478 5414 522 tu

2210 500 2313 552 405

2208 612 2343 663 taric
2368 622 2629 663 canonum
2663 603 2899 675 graviter
2928 617 2955 654 a
2986 602 3185 657 sanctis
3219 598 3468 652 Patribus
3513 594 3761 662 judican-
3793 597 3837 653 Α
3868 588 4111 651 luxurize,
4139 598 4473 641 sacramenta
4498 587 4604 641 Deo
4633 586 4804 639 valeat
4833 582 5064 639 offerre?
5114 582 5266 637 Unde
5290 581 5413 633 dici-

2207 710 2312 759 tur.
2360 708 2414 751 et
2462 713 2488 750 a
2535 704 2717 748 sancto
2763 693 2993 761 Spiritu,
3046 692 3199 759 Cujus
3240 690 3491 743 instinctu
3522 700 3584 737 ac
3619 684 3760 735 dono

2203 791 2386 844 dictaei
2416 794 2557 853 sunt,
2590 788 2929 839 damnamur.
2956 783 3215 849 Quoniam
3235 780 3609 846 blasphemare
3643 772 3757 841 Spi—

2203 882 2359 933 ritum
2393 891 2633 933 sanctum
2676 890 2778 929 non
2809 877 3097 941 incongrue
3141 873 3403 931 videntur,
3434 868 3522 935 qui
3571 874 3757 919 contra

2200 970 2416 1023 eosdem
2459 978 2669 1020 sanctos
2704 976 2955 1028 canones,
2987 978 3090 1015 non
3118 960 3437 1014 neecssitate
3476 954 3755 1022 compulsi,

2200 1062 2292 1115 sed
2336 1060 2581 1121 libenter,
2612 1066 2667 1111 ut
2708 1055 2982 1124 praefixum
3018 1064 3119 1114 est,
3151 1050 3349 1118 aliquid
3381 1056 3470 1100 aut
3511 1054 3759 1111 proterve

2200 1159 2386 1217 agunt,
2423 1157 2511 1199 aut
2539 1144 2681 1214 loqui
2719 1150 3068 1211 prrcsumunt,
3101 1149 3192 1192 aut
3238 1139 3412 1191 facere
3456 1134 3759 1187 volentibus

2199 1250 2390 1309 sponte
2446 1238 2807 1292 consentiunt.
2862 1234 3003 1287 Talis
3032 1235 3173 1286 enim
3213 1230 3557 1300 praesumptio
3592 1227 3761 1279 mani-

2199 1335 2330 1385 feste
2359 1346 2520 1385 unum
2548 1345 2711 1399 genus
2742 1337 2818 1381 est
2841 1326 3322 1393 blasphemantium
3350 1321 3607 1388 Spiritum
3637 1334 3757 1371 saa-

2194 1431 2339 1473 ctum
2360 1438 2386 1480 δ
2417 1420 2689 1488 quoniam,
2722 1426 2778 1469 ut
2802 1416 2912 1483 jam
2942 1415 3272 1481 pmlibatmn
3300 1420 3401 1473 est.
3426 1422 3613 1464 contra
3636 1424 3753 1462 eum

2196 1513 2324 1580 agit.
2360 1510 2685 1579 cujusjnssu
2743 1516 2795 1560 et
2822 1506 2994 1576 gratia
3036 1505 3193 1559 iidem
3240 1502 3415 1557 sancti
3453 1500 3579 1554 editi
3630 1506 3754 1551 sunt

2194 1616 2449 1655 ετιιιοιιεει.
2492 1618 2511 1651 )

2266 1689 2394 1742 Cum
2434 1696 2619 1743 omnes
2644 1701 2772 1755 ergo
2802 1685 2970 1739 sancti
3009 1683 3215 1744 Patres,
3245 1682 3334 1751 qui
3371 1696 3466 1749 per
3494 1677 3753 1746 Spiritum

2194 1788 2440 1832 sanctum
2470 1792 2702 1830 canones
2739 1776 3111 1836 condiderunt,
3143 1776 3207 1825 de
3237 1771 3494 1825 servanda
3527 1768 3752 1821 clerico-

2193 1883 2309 1920 rum
2338 1868 2591 1935 pudicitia
2621 1881 2723 1919 non
2750 1867 2961 1919 dissona
2986 1866 3209 1917 invicem
3241 1862 3595 1914 unanimitate
3625 1875 3752 1912 con-

3863 687 3950 732 tur
3975 680 4024 730 in
4052 678 4281 732 Levitim
4326 695 4335 729 :
4377 697 4392 726 ι
4424 678 4607 731 Omnis
4640 677 4725 743 qui
4772 674 5016 727 habuerit
5060 672 5321 726 maculam
5358 672 5414 723 de

3863 769 4064 822 semine
4087 767 4263 819 Aaron
4288 769 4600 827 sacerdotis,
4619 782 4719 819 non
4754 766 4969 818 accedat
4997 764 5190 817 offerre
5225 764 5412 816 hostias

3863 858 4107 916 Domino,
4145 873 4239 909 nec
4279 873 4439 923 panes
4475 857 4579 909 Deo
4617 872 4711 908 suo
4744 854 4925 918 (Lavit.
4980 854 5111 921 ut).
5152 871 5168 900 ι
5226 852 5411 903 Deinde

3862 951 4100 1016 sequitur
4133 966 4144 998 :
4182 967 4200 997 ι
4239 947 4423 999 Vatum
4458 963 4559 1000 non
4591 947 4937 1013 ingrediatur.
4974 959 5070 995 nec
5106 942 5327 995 accedat
5355 940 5410 991 ad

3861 1039 4026 1089 λιι.το
4068 1056 4077 1087 :
4122 1039 4245 1104 quia
4301 1038 4561 1089 maculam
4616 1036 4794 1097 habet,
4840 1044 4893 1088 et
4923 1035 5287 1088 contaminare
5315 1044 5411 1085 non

3861 1132 4014 1183 delet
4041 1132 4403 1181 sanctuariutn
4432 1145 4603 1182 meum
4639 1127 4845 1195 (llud).
4879 1145 4895 1178 ι

3858 1244 3981 1297 Car.
4016 1242 4096 1295 IV.
4129 1275 4195 1283 —
4223 1244 4545 1293 Conlinrntio
4588 1243 4902 1295 mresiolnm
4932 1252 4977 1293 et
5016 1240 5283 1292 levitarum
5320 1234 5413 1289 ἧς

4093 1316 4418 1365 ιιῑδῖιγιηιιιιιη
4472 1316 4521 1363 in
4576 1315 4723 1361 reteri
4782 1312 4909 1377 lege,
4961 1320 5177 1377 quanta;

3928 1404 4165 1456 Prudens
4193 1404 4277 1454 hic
4323 1402 4488 1453 lector
4516 1404 4753 1453 attendat
4780 1416 4938 1467 quam
4981 1409 5099 1466 apte
5126 1396 5407 1464 apostolica

3858 1493 3943 1546 illa
3978 1493 4160 1545 laeni-i
4214 1492 4496 1552 sententia,
4526 1506 4643 1558 qure.
4686 1490 4929 1555 superius
4966 1488 5130 1556 posita
5161 1496 5259 1545 est,
5289 1500 5407 1536 cum

3858 1581 4161 1633 lmcdivina
4196 1579 4640 1643 lcgcconcordat.
4692 1576 4745 1629 Si
4797 1592 4922 1645 ergo
4982 1585 5121 1635 tunc,
5173 1572 5409 1639 quisquis

3858 1670 4083 1723 habebat
4118 1669 4403 1727 maculam,
4433 1667 4633 1732 ingredi
4662 1665 5020 1716 sanctuarimn
5051 1678 5149 1714 non
5166 1659 5407 1717 audebat,

3856 1760 4094 1825 quisqu
4127 1772 4180 1808 se.
4219 1773 4357 1808 nunc
4396 1772 4514 1808 cum
4552 1756 4859 1806 mulieribus
4888 1753 5086 1820 polluit,
5113 1749 5411 1801 ministrare

3857 1851 4022 1903 sacris
4049 1849 4302 1901 altaribus
4332 1864 4431 1913 qua
4460 1858 4631 1899 mente
4663 1844 4967 1913 prmsutnit?
5013 1842 5140 1895 Cum
5177 1837 5411 1905 profecto

2194 1926 2444 2021 currant,
2479 1948 2605 2025 quid
2627 1957 2946 2025 sperandum
2980 1956 3056 2008 cis
3079 1955 3165 2021 qui
3200 1952 3455 2020 Spiritqu
3480 1960 3746 2010 sanetum,
3784 1926 3825 1985 Β
3856 1940 4255 1993 tabernaculum
4290 1936 4416 1989 illud
4467 1935 4651 1987 umbra
4683 1946 4884 1986 tantum
4932 1943 4979 1984 et
5007 1932 5407 1983 instrumentum

2196 2047 2423 2115 propriae
2458 2046 2930 2099 carnisillecebras
2964 2040 3754 2111 atlimplemlo,blasphemant?

2194 2136 2294 2196 Qui
2325 2136 2573 2187 nimirum
2614 2149 2706 2201 per
2745 2141 3129 2186 momentanea:
3158 2132 3393 2185 libidinis
3429 2132 3627 2182 fluxum
3670 2129 3751 2180 in-

2199 2224 2573 2292 cxstinguibile
2598 2223 2983 2276 combustionis
3003 2234 3214 2275 :eternze
3251 2230 3553 2273 mereantur
3576 2221 3754 2271 incen-

2193 2320 2359 2372 dium.
2390 2318 2541 2371 Nunc
2578 2318 2628 2369 in
2659 2318 2880 2369 luxuriae
2910 2316 3079 2369 fetore
3109 2316 3422 2367 sordescunt
3453 2331 3464 2364 :
3509 2312 3598 2364 sed
3629 2321 3754 2365 tunc

2196 2410 2425 2463 flammis
2457 2409 2737 2463 ultricibus
2779 2408 2992 2469 traditi,
3024 2408 3073 2459 in
3126 2416 3359 2460 torrente
3396 2405 3529 2472 picis
3557 2415 3605 2455 et
3640 2403 3752 2454 sul-

2191 2500 2379 2565 phuris
2411 2498 2744 2551 rotabuntur.
2790 2495 2941 2549 Nunc
2992 2495 3236 2547 mstuanli
3276 2496 3500 2546 luxuria:
3554 2501 3750 2545 semet-

2190 2591 2333 2657 ipsos
2404 2587 2657 2641 exhibent
2712 2595 3015 2637 tartarum:
3060 2594 3185 2637 tunc
3237 2584 3287 2635 in
3338 2585 3501 2635 chaos
3542 2593 3754 2635 (eterna:

2192 2678 2365 2731 noctis
2395 2675 2631 2728 immersi
2667 2676 2830 2729 trucis
2856 2676 3110 2744 gehennzc
3163 2673 3427 2741 perferent
3478 2674 3592 2724 sine
3650 2672 3753 2723 fine

2191 2775 2537 2820 tormentum.
2572 2764 2719 2818 Nunc
2752 2766 2803 2817 iu
2836 2764 3137 2831 semetipsis
3164 2764 3337 2829 ignem
3376 2762 3611 2813 libidinis
3658 2777 3750 2812 nuo

2194 2858 2398 2911 triunt:
2444 2866 2571 2909 tunc
2606 2855 2961 2909 indeﬁcicntis
2985 2854 3224 2907 flammas
3253 2852 3478 2905 incendii
3510 2851 3750 2903 medullis

2188 2965 2407 3004 suorum
2440 2949 2702 3001 viscerum
2746 2954 2982 3015 pascent.
3018 2946 3098 3011 Et,
3128 2960 3159 2997 ο
3189 2945 3347 2997 nimis
3408 2944 3643 2995 infelices
3700 2951 3754 2995 et

2186 3041 2402 3094 miseri!
2464 3038 2726 3091 servando
2788 3037 2957 3105 legem
3007 3034 3231 3103 putrida:
3260 3034 3437 3087 carnis
3473 3048 3603 3093 sum.
3634 3046 3752 3098 qua:

2188 3129 2459 3185 vermibus
2489 3139 2569 3182 est
2610 3127 2944 3181 devoraturis
2977 3126 3225 3186 obnoxia.
3270 3124 3409 3178 illius
3453 3125 3572 3192 jura
3628 3138 3755 3176 eon-

2192 3230 2441 3273 temnunt
2483 3220 2570 3287 qui
2596 3220 2658 3272 de
2688 3219 2824 3271 ccelo
2854 3218 3012 3277 venit,
3033 3227 3086 3271 et
3108 3232 3268 3285 super
3296 3217 3511 3286 angelos
3542 3224 3748 3283 regnat.

2192 3311 2343 3363 Unde
2388 3309 2613 3378 reprobo
2651 3309 2768 3360 viro
2814 3324 2908 3376 per
2942 3309 3255 3376 prephetant
3292 3307 3543 3360 Dominus
3572 3307 3701 3359 dicit
3734 3323 3745 3357 :

2190 3422 2210 3453 ι
2248 3403 2476 3456 Posuisti
2512 3416 2594 3453 me
2622 3410 2738 3466 post
2765 3414 2956 3465 corpus
2988 3408 3133 3449 tttttm
3166 3394 3373 3463 (Ezeclt.
3406 3394 3581 3461 XXIII).
3622 3413 3637 3444 ι
3673 3395 3749 3448 Ac

2192 3492 2237 3543 si
2270 3490 2431 3551 dicat,
2456 3488 2705 3555 Corporis
2736 3487 2807 3539 tui
2841 3486 3108 3539 libidinem
3142 3499 3236 3553 pro
3264 3484 3377 3549 lege
3409 3484 3668 3542 custodis.
3700 3491 3755 3537 et

2193 3581 2327 3648 legis
2352 3594 2481 3631 mem
2512 3578 2757 3629 mandata
2788 3576 3102 3629 contemnis.
3151 3574 3257 3626 Lex
3288 3574 3481 3641 quippe
3512 3572 3755 3641 corporis

2188 3672 2403 3723 humani
2437 3670 2627 3721 divinze
2656 3667 2753 3735 legi
2785 3666 3050 3720 contraria
3082 3674 3183 3719 est.
3236 3664 3384 3718 Unde
3441 3663 3569 3716 dicit
3613 3662 3753 3729 Apo-

2190 3759 2360 3811 stolus
2388 3776 2398 3808 :
2433 3775 2449 3805 t
2493 3759 2651 3809 Video
2675 3757 2831 3809 aliam
2861 3755 3029 3823 legem
3066 3754 3116 3807 in
3143 3754 3397 3807 membris
3428 3754 3559 3806 meis
3592 3768 3748 3820 repu-

2188 3858 2439 3913 gnantem
2471 3846 2570 3915 legi
2602 3848 2794 3898 mentis
2824 3854 3039 3909 ine:e,et
3063 3845 3328 3912 captivum
3364 3859 3445 3896 me
3469 3844 3749 3896 ducentem

2186 3942 2239 3991 in
2270 3940 2384 4009 lege
2415 3938 2769 4007 peccati,qum
2792 3937 2937 3990 estin
2963 3937 3215 3990 membris
3238 3936 3367 3988 meis
3391 3933 3564 4004 (Rom.
3584 3935 3700 4001 vn).
3728 3951 3744 3983 ι

2256 4029 2333 4081 illi
2367 4043 2491 4096 ergo
2521 4028 2679 4079 Deum
2703 4035 2821 4094 post
2850 4040 3041 4092 corpus
3067 4042 3219 4077 suum
3252 4033 3472 4092 poount.
3503 4024 3591 4091 qui
3626 4037 3752 4075 con-

2189 4128 2485 4174 temnentes
2523 4120 2712 4171 divinae
2740 4117 2871 4185 legis
2898 4115 3430 4184 imperium,suarnm
3463 4115 3743 4182 obtempe-

2188 4220 2311 4262 rant
2358 4207 2621 4262 illecebris
2680 4206 3047 4273 voluptattzm:
3089 4213 3145 4259 et
3193 4206 3317 4257 dum
3376 4206 3556 4257 laxant
3602 4202 3750 4256 frena

2190 4296 2719 4354 limit-ite.indictam
2766 4296 2867 4348 sibi
2914 4296 3333 4363 praevaricantur
3380 4295 3615 4362 regulam
3668 4295 3750 4346 di-

2192 4390 2443 4455 sciplinae.
2476 4387 2780 4455 ignorantes
2802 4386 2923 4455 quia
2957 4401 3050 4453 pro
3098 4383 3515 4453 uniuscujusque
3574 4383 3747 4450 fugaci

2190 4479 2461 4547 voluptate
2511 4477 2842 4537 concubitus,
2893 4476 3034 4529 mille
3087 4491 3344 4528 annorum
3409 4478 3751 4543 negotiantur

2192 4573 2523 4635 incendium;
2566 4569 2739 4637 utqui
2787 4583 2924 4621 nunc
2963 4576 3189 4620 mstnant
3240 4566 3451 4620 ﬂamma
3506 4568 3744 4629 luxuria).
3780 4607 3824 4664 D

2192 4673 2316 4715 tunc
2338 4660 2715 4714 comburantur
2754 4657 2872 4723 igne
2898 4657 3162 4711 vindictae.
3205 4656 3307 4710 Sed
3337 4656 3426 4724 qui
3459 4657 3747 4723 petulantis

2193 4749 2451 4803 illecebrae
2477 4748 2780 4801 volutantur
2806 4748 2857 4800 in
2897 4761 3069 4807 coeno.
3105 4762 3263 4813 quam
3294 4747 3559 4814 pesuferre
3594 4762 3749 4800 secu-

2187 4839 2363 4891 ritatis
2392 4837 2610 4890 audacia
2652 4835 2900 4887 salutaris
2940 4825 3284 4888 Eucharistia:
3336 4852 3453 4889 sese
3499 4837 3748 4905 ingerunt

2188 4936 2559 4984 sacramento.
2614 4926 2775 4997 [.00
2815 4941 2933 4979 cum
2987 4926 3242 4978 Dominus
3277 4942 3367 4993 per
3408 4925 3618 4996 Moysen
3657 4944 3745 4981 sa-

2194 5020 2499 5074 (erﬁotihus
2526 5019 2701 5071 dicat:
2744 5037 2760 5067 t
2795 5017 2979 5071 Omnis
3018 5019 3193 5075 homo.
3226 5018 3312 5085 qui
3347 5019 3636 5070 accesserit
3682 5019 3747 5073 dc

2188 5114 2355 5179 stirpe
2386 5120 2557 5163 vestra
2584 5111 2647 5161 ad
2685 5124 2744 5162 ea
2774 5126 2889 5177 qure
2918 5118 3226 5165 consecrata
3253 5119 3396 5174 Sunt,
3420 5118 3472 5162 et
3508 5126 3623 5178 qua:
3653 5111 3748 5163 ob—

2192 5201 2433 5253 tulerunt
2461 5198 2550 5250 filii
2582 5195 2741 5250 israel
2767 5198 3005 5259 Domino,
3044 5200 3093 5251 in
3133 5214 3238 5268 quo
3264 5208 3349 5253 est-
3383 5200 3742 5262 immnnditia,

2192 5291 2389 5360 peribit
2424 5304 2608 5343 coram
2642 5288 2863 5342 Domino
2887 5289 3067 5359 (Lerit.
3093 5293 3250 5357 xxii).
3287 5310 3305 5341 ι
3344 5290 3544 5343 Deinde
3566 5291 3745 5357 sequi-

2191 5392 2279 5432 tur
2314 5399 2325 5433 :
2361 5398 2379 5430 t
2416 5380 2586 5433 llomo
2612 5380 2675 5433 de
2698 5379 2894 5432 semine
2921 5381 3115 5439 Aaron,
3151 5383 3236 5447 qui
3278 5380 3433 5434 fuerit
3484 5380 3745 5447 leprosos,

2193 5478 2284 5521 aut
2306 5466 2724 5537 patiensjﬂuxum
2753 5468 2989 5531 seminis,
3008 5483 3108 5520 non
3141 5479 3383 5523 vescetur
3412 5484 3475 5523 ex
3507 5469 3589 5522 his
3626 5484 3745 5536 qua:

2196 5558 2495 5611 sacrificata
2528 5568 2650 5611 sunt
2676 5560 2822 5618 mihi,
2857 5561 3023 5615 donec
3048 5569 3265 5614 sanetur
3303 5561 3509 5631 (fbid.).
3549 5580 3565 5610 ι
3594 5561 3744 5625 Quod

2196 5654 2236 5703 si
2262 5650 2354 5713 illi,
2394 5651 2481 5718 qui
2515 5651 2753 5718 corporis
2789 5652 3097 5706 infirmitate
3135 5650 3417 5719 cujuslibet
3455 5653 3739 5705 immundi-

2197 5742 2278 5793 tire
2302 5740 2601 5807 patiebatur
2619 5741 2867 5803 illuviem.
2892 5758 2994 5796 non
3019 5743 3211 5796 licebat
3232 5742 3405 5796 oblata
3431 5743 3737 5803 comedere;

2198 5846 2301 5900 quo
2328 5840 2479 5899 pacto
2508 5832 2550 5883 is
2578 5831 2664 5900 qui
2692 5841 2878 5900 sponte
2918 5844 3161 5887 versatur
3207 5834 3255 5885 in
3294 5832 3743 5887 contaminationc

3856 2043 3968 2085 erat
3997 2031 4241 2095 imaginis
4276 2048 4286 2080 :
4329 2048 4345 2078 t
4398 2028 4633 2080 Ecclesia
4673 2040 4817 2085 vero,
4845 2027 4979 2077 sicut
5026 2019 5299 2087 Apostolus
5341 2015 5409 2068 ad

3856 2120 4194 2172 Timotheum
4238 2120 4382 2181 dicit,
4410 2116 4651 2169 Columna
4685 2125 4737 2165 ct
4779 2114 5166 2164 firmamentum
5207 2115 5283 2158 est
5322 2119 5409 2156 ve-

3859 2211 4031 2263 rits-tis
4088 2209 4135 2275 (I
4174 2208 4303 2260 Tim.
4342 2208 4441 2271 ut).
4490 2223 4506 2253 ι
4545 2204 4606 2255 Et
4659 2203 4797 2253 sicut
4846 2204 4910 2251 ad
4962 2199 5201 2251 "ClthPOS
5254 2195 5326 2247 ait
5392 2210 5404 2243 :

3860 2320 3877 2351 t
3932 2300 4184 2351 [,Itnbram
4241 2297 4397 2349 habet
4460 2295 4565 2347 Lex
4625 2294 4921 2344 futurorum
4973 2290 5245 2346 bonorum,
5301 2297 5405 2335 non

3858 2393 4021 2459 ipsum
4070 2389 4353 2453 imaginem
4406 2400 4581 2437 rerum
4634 2381 4813 2443 (Hebr.
4854 2386 4926 2447 ιι).
4966 2397 4981 2426 ι
5034 2377 5086 2427 ln
5117 2374 5199 2425 illo
5232 2382 5403 2426 tamen

3854 2485 4049 2535 veteris
4077 2481 4204 2547 legis
4232 2476 4595 2537 tabernaculo,
4622 2476 4733 2527 sive
4768 2472 4977 2536 templo,
4999 2484 5113 2520 cum
5147 2464 5407 2517 ministra-

3854 2575 3985 2626 bant
4027 2573 4213 2631 levitm,
4245 2570 4325 2621 vel
4370 2568 4695 2625 sacerdotes.
4729 2575 5058 2630 nequaquam
5090 2557 5196 2608 suis
5226 2554 5404 2606 uxori-

3855 2666 3952 2717 bus
3992 2662 4368 2714 miscebantur.
4401 2657 4528 2709 Nam
4559 2666 4605 2709 et
4644 2653 4827 2713 David,
4860 2652 4995 2702 sicut
5044 2649 5093 2699 in
5137 2643 5401 2707 Paralipoo

3854 2767 4043 2805 menon
4079 2750 4212 2801 libro
4245 2748 4438 2813 legitur
4470 2744 4517 2812 (1
4556 2743 4737 2795 Paral.
4765 2740 4939 2807 χχιιι),
4968 2735 5143 2805 viginti
5180 2741 5406 2800 quatuor

3853 2841 4215 2898 sacerdotum.
4256 2837 4582 2901 totidemque
4624 2832 4905 2883 levitarum
4943 2836 5113 2879 sortes
5154 2819 5411 2880 instituit,

3852 2931 3939 2999 qui
3981 2932 4029 2981 in
4059 2928 4204 2981 cultu
4238 2923 4416 2991 templi
4446 2937 4572 2973 suas
4601 2921 4745 2973 vices
4771 2926 5006 2984 agerent,
5038 2928 5097 2966 ac
5132 2926 5221 2980 per
5250 2908 5403 2962 caeri-

3854 3022 4152 3074 moniarum
4186 3019 4316 3068 ritus
4346 3014 4455 3068 suis
4508 3013 4836 3080 temporibus
4883 3007 5257 3060 ministrarent.
5300 2998 5400 3063 Qui

3855 3110 4105 3162 nimirum
4169 3107 4336 3157 donec
4382 3104 4514 3155 vicis
4543 3117 4649 3153 sure
4681 3111 4885 3165 tempus
4921 3095 5205 3161 explerent,
5235 3106 5261 3141 a
5288 3088 5404 3139 reda

3856 3200 4027 3251 dendo
4048 3196 4309 3264 conjngah
4336 3193 4513 3245 debito
4539 3190 4747 3258 penitus
4780 3184 5137 3241 continebant.
5179 3177 5319 3244 Quod
5349 3186 5403 3228 et

3781 3270 3822 3329 (ἶ
3858 3289 4028 3342 Lucas
4057 3285 4375 3353 evangelista
4409 3280 4690 3334 manifeste
4713 3275 4978 3335 declarat,
5003 3272 5089 3339 qui
5125 3284 5240 3323 cum
5265 3281 5399 3333 prae-

3854 3380 4084 3432 misisset
4116 3378 4235 3442 quia
4269 3371 4560 3425 Zacharias
4609 3376 4727 3419 erat
4755 3366 4819 3418 de
4852 3366 4965 3415 vice
4996 3362 5144 3417 Allia.
5192 3366 5243 3409 et
5279 3355 5399 3421 quia

3853 3468 4151 3521 sacerdotio
4177 3465 4485 3527 fiingvretnr
4507 3461 4555 3510 in
4578 3458 4764 3510 ordine
4792 3454 4922 3507 vicis
4943 3467 5050 3504 sua:
5071 3456 5189 3500 ante
5216 3447 5396 3503 Deum,

3855 3574 3958 3610 non
3998 3554 4164 3607 multo
4195 3562 4311 3618 post
4340 3551 4413 3601 ait
4442 3567 4453 3601 :
4502 3567 4518 3596 ι
4558 3546 4774 3599 Factum
4805 3552 4907 3604 est,
4935 3552 4992 3593 ιιι
5037 3537 5231 3603 impleti
5277 3545 5400 3588 sunt

3851 3649 3963 3699 dics
3994 3644 4146 3695 Oﬂltii
4200 3642 4344 3708 ejus.
4380 3640 4511 3692 abiit
4568 3638 4620 3689 iu
4671 3637 4882 3688 donnnn
4933 3646 5111 3689 suam;
5177 3635 5399 3692 moxque

3851 3736 4119 3802 subjecit:
4158 3732 4280 3785 I‘ust
4320 3732 4413 3783 hes
4466 3738 4641 3781 autem
4694 3726 4807 3778 dics
4850 3720 5092 3786 concepit
5135 3712 5399 3769 Elisabeth

3850 3847 3983 3884 uxor
4020 3829 4135 3895 ejus
4162 3826 4308 3895 (an.
4346 3827 4401 3891 ι).
4442 3843 4458 3875 ι

3926 3919 4073 3973 L'nde
4128 3916 4407 3984 perspicue
4440 3918 4649 3965 constat
4682 3907 4930 3977 quoniam
4968 3905 5104 3959 illius
5151 3897 5397 3967 temporis

3851 4008 4154 4063 sacerdotes
4183 4020 4401 4074 prorsus
4432 4018 4459 4053 a
4491 4001 4757 4055 reddemlo
4798 3995 5057 4063 coniugali
5085 3992 5257 4045 debito
5284 4005 5397 4042 ser-

3848 4100 4109 4151 vabantur
4140 4097 4429 4156 iminunesr
4455 4092 4621 4144 donec
4653 4089 4782 4142 vicis
4809 4102 4917 4140 sua:
4963 4095 5163 4151 tempus
5212 4080 5392 4148 expic-

3849 4200 3989 4243 rcnt.
4050 4189 4159 4240 Imo
4208 4185 4408 4253 iugiter
4466 4180 4813 4234 morabantur
4852 4178 4902 4230 in
4959 4174 5179 4241 templo.
5230 4171 5396 4221 donec

3851 4282 4010 4337 sortis
4039 4281 4248 4332 indicta:
4276 4275 4632 4344 fungebantur
4655 4268 4846 4322 oﬂicio.
4900 4267 5046 4323 Unde
5093 4263 5295 4331 Moyses
5330 4258 5395 4311 ad

3849 4371 4027 4424 Aaron
4057 4370 4130 4421 ait
4163 4385 4173 4419 :
4225 4386 4240 4415 ι
4279 4366 4456 4417 Donec
4499 4363 4632 4415 ritus
4662 4358 4909 4414 snerificii
4940 4354 5283 4421 compleatur,
5311 4349 5397 4402 dia

3849 4480 3911 4517 ac
3952 4470 4105 4514 nocte
4134 4455 4414 4510 manebitis
4446 4453 4495 4505 in
4544 4449 4917 4509 tabernaculo,
4941 4446 5280 4498 observantes
5306 4454 5395 4491 cu-

3850 4553 4050 4608 stodias
4082 4549 4309 4609 Domini,
4339 4559 4404 4598 ne
4433 4540 4733 4597 moriamini
4793 4539 4974 4608 (Lerit.
5006 4536 5137 4599 vui).
5172 4554 5190 4586 ι
5246 4531 5391 4583 Nunc

3850 4658 4051 4707 autem.
4097 4658 4217 4697 cum
4258 4642 4534 4707 Scriptura
4589 4634 4859 4705 praecipiat
4922 4641 4979 4683 ut
5027 4642 5234 4695 semper
5281 4638 5395 4677 orc-

3849 4754 3986 4801 mus,
4018 4734 4247 4788 ministri
4280 4731 4465 4784 altaris
4516 4744 4619 4781 non
4678 4723 4873 4779 habent
4914 4721 5176 4786 delegatos
5223 4717 5391 4775 vices,

3847 4830 3973 4882 dum
4020 4829 4135 4879 sine
4194 4826 4295 4877 ulla
4353 4819 4606 4887 temporis
4660 4813 5069 4869 intermissione.
5122 4802 5391 4860 ministerii

3848 4922 3926 4975 sui
3982 4920 4285 4972 continuam
4332 4913 4583 4965 exhibent
4619 4909 4945 4961 servitutem.
4976 4902 5235 4953 Prtcterca
5267 4896 5391 4950 dicit

3852 5008 4138 5078 Apostolus
4191 5025 4202 5058 :
4265 5005 4421 5075 ἀοι
4491 5020 4506 5050 ι
4574 5000 4665 5051 Vir
4705 4995 4855 5050 uxori
4906 4993 5136 5047 debitum
5191 4989 5391 5049 reddat,

3847 5112 3901 5155 et
3930 5116 4060 5156 uxor
4096 5099 4228 5151 viro.
4256 5095 4445 5156 Nolite,
4494 5090 4689 5157 inquit,
4744 5085 4991 5138 fraudare
5020 5080 5264 5144 invicem,
5297 5079 5391 5131 nisi

3846 5193 3983 5247 forte
4012 5209 4075 5245 ex
4108 5202 4369 5243 consensu
4420 5184 4483 5237 ad
4531 5191 4769 5249 tempus,
4820 5184 4878 5229 ut
4928 5172 5124 5227 vacetis
5168 5169 5393 5224 orationi

3849 5282 3900 5351 (1
3943 5282 4061 5336 Cor.
4094 5282 4211 5343 vn).
4237 5298 4266 5329 σι

3920 5376 4049 5428 Dum
4081 5387 4206 5441 ergo
4235 5366 4511 5436 conjugale
4534 5360 4910 5419 commercium
4937 5356 5276 5412 sa‘cularibrts
5303 5352 5389 5404 tol-

3849 5466 3909 5519 lit
3932 5480 4106 5525 orare,
4139 5478 4241 5532 qua
4269 5460 4475 5514 ratione
4505 5454 4761 5525 permittit
4807 5452 5024 5505 clericos
5063 5448 5228 5500 sacris
5267 5446 5383 5496 alta-

3852 5559 3999 5611 ribus
4024 5551 4369 5608 ministrare?
4404 5548 4553 5614 Quod
4585 5560 4712 5600 sane
4751 5553 4953 5609 tempus
4980 5538 5263 5595 invenient,
5292 5549 5393 5603 quo

3849 5648 4074 5701 debt'ant
4104 5658 4293 5697 vacare
4328 5638 4590 5707 coniugio.
4638 5636 4726 5702 qui
4759 5645 5023 5700 nunquam
5052 5629 5118 5681 ab
5140 5628 5382 5682 ecclesia-

3848 5739 3995 5789 stica».
4028 5732 4322 5788 sedulitatis
4359 5730 4616 5782 feriantur
4652 5721 4946 5792 obsequio?
4982 5719 5060 5773 Ad
5096 5717 5391 5769 Corinthios

3850 5841 4074 5895 namque
4102 5827 4227 5878 dicit
4258 5820 4534 5885 Apostolus
4564 5837 4573 5870 :
4613 5836 4629 5867 ι
4658 5815 4756 5883 Qui
4788 5814 4899 5868 sine
4928 5825 5088 5865 uxore
5126 5816 5224 5870 est,
5251 5805 5389 5860 silli.

5130 6479 5144 6484 -ι
5192 6478 5232 6486 π-
5274 6478 5296 6484 -
5332 6470 5389 6486 ή-ικ
5432 6470 5512 6488 Ἢ
