5514 6650
0 6374 817 6650 -ἒ

56 2 2103 251 ν

2145 463 2247 520 ων
2602 464 2662 521 S.
2702 464 2903 520 Ρετιιι
2945 463 3221 519 DMitANl
3260 464 3409 520 OPP.
3453 462 3685 520 TOMUS
3722 462 3851 519 SEU
3897 461 4076 518 PARS
4112 461 4195 517 ΠΙ.
4227 491 4295 501 -
4321 459 4681 519 OPUSCULA
4719 463 4949 519 YARIA.
5272 455 5373 513 ιοκ

2139 590 2304 648 quam
2336 574 2497 632 divini
2529 591 2687 647 super
2717 592 2778 632 se
2812 558 3009 631 furoris
3047 578 3278 646 gladium
3308 585 3661 646 provocarent
3692 595 3705 629 :
3738 580 3784 637 Α
3815 576 4064 649 fungatur
4092 576 4288 643 oﬂicio,
4322 576 4557 647 ejusdem
4583 586 4757 632 tamen
4782 578 4984 635 ordinis
5021 592 5126 635 non
5163 577 5375 636 exuitur

2141 676 2449 737 quantoque
2478 666 2789 727 modestius,
2817 675 2876 722 ut
2909 668 3206 721 recedentia
3230 667 3426 721 Chris:i
3456 667 3714 722 altaribus

2134 771 2247 812 non
2270 756 2553 811 servirent.
2577 772 2735 824 quam
2762 758 2873 811 luec
2898 758 3201 813 accedendo
3220 756 3531 826 polluerent.
3558 756 3711 811 Pium

2148 858 2223 906 est
2264 849 2406 903 enim
2457 850 2695 912 credere,
2738 851 2861 919 quia
2899 851 3145 920 quisquis
3173 866 3313 905 nunc
3341 859 3561 919 peccata
3590 868 3714 921 pro-

2147 940 2257 1008 pria
2293 953 2700 1008 recognoscens,
2742 954 2807 995 ac
2844 940 3115 999 deserens.
3147 956 3175 994 a
3209 956 3305 993 suo
3332 956 3388 994 se
3413 941 3713 997 ministerio

2148 1028 2421 1083 nutniliter
2454 1029 2711 1096 reprimit.
2762 1029 2813 1082 in
2849 1029 2937 1083 die
2956 1028 3163 1097 judicii.
3198 1029 3467 1094 eumdem,
3509 1045 3615 1099 quo
3655 1045 3714 1085 se

2149 1126 2332 1185 sponte
2368 1117 2692 1185 privaverat,
2727 1118 2967 1172 ordinem
2995 1118 3277 1171 obtinebit.
3320 1119 3469 1184 Quod
3494 1119 3547 1171 in
3576 1120 3713 1174 libro

2148 1205 2322 1259 ἐξάγω
2348 1206 2639 1274 signiﬁcari
2663 1206 2890 1269 videtur,
2914 1204 3002 1259 ubi
3031 1208 3369 1261 sacerdotum
3399 1209 3708 1278 genealogis

2146 1292 2465 1347 describitur
2495 1291 2575 1363 (11
2611 1293 2767 1346 Esdr.
2796 1297 2913 1362 vlt).
2965 1288 3042 1347 Ibi
3087 1295 3282 1363 quippe
3324 1310 3478 1350 sacra
3527 1306 3710 1351 narrat

2147 1382 2387 1446 nistoria,
2417 1383 2542 1451 quia
2571 1382 2786 1451 quidam
2821 1383 3159 1438 sacerdotum
3203 1384 3532 1453 quaesierunt
3572 1386 3708 1440 seri-

2145 1478 2351 1536 pturam
2397 1469 2718 1540 genealogim
2756 1486 2867 1525 suae
2899 1489 2911 1524 :
2938 1479 2994 1525 et
3028 1473 3282 1540 quoniam
3323 1475 3561 1543 reperire
3602 1490 3707 1529 non

2144 1568 2444 1627 potuerunt,
2471 1560 2623 1627 ejecti
2656 1571 2782 1616 sunt
2808 1561 2876 1616 de
2906 1563 3223 1617 sacerdotio.
3264 1564 3341 1618 illi
3373 1563 3529 1632 plane
3555 1578 3709 1618 vera-

2143 1651 2271 1704 citer
2294 1650 2385 1704 filii
2412 1653 2746 1706 sacerdotum
2774 1663 2916 1718 sunt,
2944 1655 3032 1722 qui
3062 1655 3466 1710 sacerdotaliter
3484 1656 3701 1709 vivunt:

2141 1740 2169 1791 .i
2214 1740 2563 1795 sacerdotalis
2607 1742 2822 1809 generis
2863 1741 3056 1796 lineam
3104 1751 3360 1806 servant,
3403 1742 3494 1811 qui
3539 1744 3704 1797 vitam

2144 1844 2289 1882 suam
2320 1830 2428 1883 Deo
2468 1831 2791 1885 sacrificium
2826 1831 3076 1896 oll‘erunt,
3116 1848 3179 1886 ac
3208 1833 3273 1887 de
3300 1834 3619 1889 saccrdelali
3648 1850 3706 1889 se

3815 684 3905 723 880
3913 683 3966 721 ra
3975 684 4091 721 men
4100 678 4170 722 ιο.

3881 754 4190 813 Cavendum
4232 766 4315 811 est
4349 771 4478 827 ergo
4513 757 4638 823 illis,
4662 773 4727 814 ne
4753 774 4910 831 super
4936 774 5029 816 eos
5054 761 5233 816 veniat
5261 757 5371 817 forb

3813 844 4068 899 midolosa
4106 845 4193 898 illa
4223 846 4503 907 sententia,
4537 862 4640 915 qua
4673 861 4770 915 per
4796 847 5106 917 Apostolum
5133 848 5328 903 dicitur
5355 865 5371 902 :

3817 950 3834 983 ι
3865 932 4194 999 impossibile
4223 943 4326 997 est,
4354 933 4550 1002 inquit,
4578 948 4671 988 eos
4698 934 4789 1003 qui
4830 934 4995 989 semel
5024 945 5147 988 sunt
5177 935 5373 989 illumi-

3811 1020 3941 1083 nati,
3968 1029 4318 1092 gustavernnt
4341 1022 4502 1075 etiam
4525 1022 4720 1076 donum
4754 1022 4991 1088 caeleste,
5017 1035 5068 1079 et
5091 1024 5371 1093 participes

3809 1119 3934 1164 sunt
3971 1108 4095 1164 facti
4125 1109 4359 1180 Spiritus
4395 1111 4570 1165 sancti
4604 1130 4617 1164 :
4655 1121 5004 1182 gustaverunt
5030 1114 5371 1169 nihilominus

3807 1199 4005 1255 bonum
4050 1198 4142 1253 Dei
4184 1200 4429 1265 verbum,
4479 1200 4811 1271 virtutesque
4844 1202 5020 1256 saeculi
5058 1202 5289 1267 venturi,
5317 1209 5372 1256 et

3807 1289 4037 1359 prolapsi
4066 1298 4212 1353 sunt,
4245 1305 4431 1345 rursus
4462 1291 4707 1345 renovari
4738 1291 4804 1345 ad
4831 1292 5218 1360 pmnitentiam,
5254 1308 5371 1349 rur-

3806 1392 3925 1433 sum
3966 1378 4341 1449 cruciﬂgcntes
4375 1380 4722 1451 sibimetipsis
4752 1380 4943 1437 Filium
4977 1382 5090 1447 Dei,
5116 1392 5169 1437 et
5194 1393 5372 1438 osten-

3808 1470 3882 1523 tui
3912 1470 4171 1525 habentes
4203 1470 4389 1538 (Hebr.
4416 1471 4511 1540 vt).
4545 1490 4564 1523 ι
4611 1473 4683 1526 Ita
4724 1472 4880 1543 plane
4918 1474 5164 1528 videntur
5191 1487 5373 1544 agere,

3806 1574 3871 1613 ac
3916 1560 3961 1613 si
4003 1560 4364 1614 lsraelitarum
4412 1562 4698 1631 quispiam,
4740 1563 4923 1618 volens
4964 1562 5214 1617 fornicari
5251 1578 5377 1617 eum

3806 1650 3982 1713 idolis,
4010 1651 4153 1705 dicat
4182 1669 4195 1706 :
4230 1653 4363 1718 Quia
4393 1669 4599 1723 nequeo
4646 1669 4863 1710 servare
4900 1654 5085 1710 duram
5132 1670 5196 1710 ac
5243 1655 5371 1725 rigi-

3805 1741 3927 1794 dam
3978 1741 4070 1795 Dei
4118 1741 4310 1811 legem,
4357 1744 4423 1797 ad
4460 1745 4622 1797 ritum
4669 1746 4908 1800 transibo
4946 1746 5223 1815 gentilem;
5257 1756 5375 1800 tan-

3804 1847 3964 1901 quam
4012 1836 4269 1888 recedens
4313 1850 4344 1888 a
4394 1834 4508 1906 lege
4538 1851 4643 1890 non
4682 1837 4751 1892 sit
4781 1837 4987 1892 debitor
5025 1838 5143 1907 legi.
5183 1837 5249 1891 Et
5274 1837 5373 1892 hoc

2143 1918 2351 1982 prodire
2374 1920 2616 1987 prosapia
2643 1918 2887 1988 religiose
2911 1921 3137 1976 vivendo
3162 1932 3451 1977 testantur.
3487 1923 3551 1977 Et
3578 1924 3701 1978 dum
3734 1916 3777 1974 Β
3810 1922 3965 1977 modo
4009 1938 4314 1991 quanquam
4358 1925 4423 1979 de
4472 1933 4683 1980 servata
4733 1927 4850 1995 lege
4894 1942 4997 1980 non
5042 1927 5109 1980 sit
5159 1926 5372 1995 praemio

2144 2016 2440 2061 sanctorum
2485 2008 2822 2063 sacerdotum
2856 2010 3135 2064 imitantur
3164 2012 3428 2082 exempla,
3476 2029 3594 2081 qua:
3634 2014 3710 2069 lc-

2142 2104 2287 2163 gunt,
2314 2104 2441 2149 tunc
2473 2096 2525 2149 in
2562 2096 2732 2151 sacris
2758 2098 2986 2166 eloquiis
3016 2100 3353 2154 sacerdotum
3382 2116 3439 2155 se
3468 2101 3603 2156 filios
3628 2116 3709 2155 rc-

2145 2195 2483 2254 cognoscunt.
2523 2187 2591 2239 At
2623 2188 2658 2241 ii
2681 2189 2769 2257 qui
2794 2192 3087 2245 carnaliter
3108 2193 3309 2257 vivunt,
3338 2203 3390 2247 et
3422 2210 3708 2263 pravorum

2144 2276 2408 2344 sequendo
2434 2278 2677 2344 vestigia,
2709 2278 2861 2347 quasi
2894 2279 2960 2333 de
2999 2281 3332 2334 saecularium
3363 2285 3709 2350 generatione

2143 2364 2493 2430 descendunt,
2521 2368 2713 2421 merito
2748 2368 2814 2421 de
2852 2370 3191 2423 sacerdotum
3233 2372 3587 2441 projiciuntur
3621 2391 3714 2430 or-

2144 2456 2283 2516 dine,
2310 2471 2534 2523 quorum
2562 2471 2619 2510 se
2646 2471 2741 2525 per
2764 2457 2927 2511 vitam
2959 2459 3239 2528 reprebam
3272 2473 3544 2530 nequeunt
3570 2462 3708 2518 ﬁlios

2142 2545 2400 2598 mvettire.

2211 2636 2275 2690 Et
2315 2640 2602 2693 notandum
2643 2639 2782 2709 quod
2818 2639 2925 2695 illic
2973 2640 3253 2708 sequitur:
3286 2662 3302 2692 ι
3334 2642 3479 2695 Dixit
3521 2643 3711 2697 Ather-

2143 2728 2289 2780 satha
2329 2730 2428 2791 eis,
2464 2737 2521 2782 ut
2548 2746 2651 2784 non
2681 2732 3025 2787 comealerent
3060 2734 3124 2787 de
3154 2734 3354 2789 sanctis
3384 2744 3710 2815 sanctorum.

2140 2820 2307 2873 donec
2334 2830 2575 2890 surgeret
2604 2823 2854 2876 sacerdos
2884 2821 2977 2875 Dei
3013 2824 3219 2885 doctus,
3256 2834 3415 2893 atque
3441 2825 3711 2893 perfectus

2138 2907 2342 2977 (lbid.).
2374 2928 2393 2960 ι
2428 2911 2483 2963 In
2512 2925 2613 2979 qua
2639 2912 2887 2965 nimirum
2918 2913 3280 2980 prohibitione
3299 2915 3426 2983 quid
3452 2916 3591 2969 aliud
3617 2932 3711 2985 per

2138 2997 2403 3067 allegoriae
2450 3002 2760 3069 mysterium
2800 3001 2958 3067 debet
3006 3002 3252 3073 intelligi,
3296 3006 3396 3057 nisi
3443 3013 3498 3057 ut
3530 3006 3577 3058 is
3620 3008 3710 3074 qui

2138 3088 2387 3157 indignus
2422 3100 2505 3144 est
2533 3092 2853 3157 sacerdotio,
2884 3109 2913 3147 a
2944 3096 3300 3172 percipiendis
3321 3111 3377 3150 se
3407 3113 3711 3153 sacramen-

2139 3178 2232 3243 tis,
2275 3187 2329 3234 et
2376 3182 2723 3237 sacerdotalis
2765 3185 2970 3238 ordinis
2999 3187 3467 3243 administratione
3494 3204 3707 3257 compc-

3812 2011 4023 2082 dignus,
4062 2013 4249 2067 ultioni
4294 2022 4473 2069 tamen
4521 2014 4589 2070 de
4636 2023 4937 2086 contempta
4986 2031 5092 2071 non
5134 2024 5375 2071 teneatur

3810 2100 4095 2154 obnoxius.

3882 2186 3987 2241 Sed
4034 2187 4315 2244 audiamus
4370 2190 4496 2259 quid
4551 2190 4745 2245 talibus
4798 2191 4974 2245 divina
5019 2192 5274 2245 severitas
5317 2189 5368 2245 in

3812 2278 4223 2333 Deuteronomio
4269 2279 4410 2333 dicat
4444 2297 4458 2333 :
4501 2298 4519 2330 ι
4549 2280 4787 2348 Cumque
4822 2279 5050 2333 audierit
5093 2280 5369 2349 quisquam

3811 2365 3971 2419 verba
3998 2367 4287 2436 juramcnti
4318 2369 4495 2438 hujus,
4527 2369 4807 2424 heuedicat
4833 2369 4933 2423 sibi
4977 2369 5028 2422 in
5066 2370 5225 2423 corde
5254 2383 5371 2433 suo,

3808 2456 3993 2511 dicens
4026 2476 4037 2509 ε
4065 2457 4174 2511 Pax
4202 2458 4304 2513 erit
4327 2459 4477 2522 mihi,
4510 2467 4565 2513 et
4588 2460 4870 2514 ambulabo
4900 2460 4950 2514 in
4976 2461 5235 2530 pravitate
5254 2475 5371 2515 cor-

3809 2546 3892 2599 dis
3924 2548 4046 2610 mci,
4089 2556 4143 2601 et
4186 2556 4426 2601 assumat
4464 2548 4645 2602 ebrius
4683 2549 4971 2612 sitientem,
5021 2558 5076 2603 ct
5122 2550 5371 2606 Dominus

3812 2653 3917 2689 non
3958 2638 4197 2705 ignoscat
4221 2638 4289 2701 ei,
4328 2640 4419 2692 sed
4450 2647 4573 2693 tunc
4598 2655 4756 2709 quam
4801 2641 5030 2695 maxime
5072 2640 5220 2694 furor
5259 2642 5372 2706 ejus

3814 2726 4001 2790 fumet,
4026 2736 4079 2779 et
4115 2727 4263 2780 zelus
4292 2737 4476 2781 contra
4524 2729 4793 2783 hominem
4836 2729 4978 2783 illum
5012 2747 5026 2783 :
5064 2739 5117 2783 et
5159 2730 5368 2785 sedeant

3812 2832 3973 2885 super
3996 2833 4117 2870 eum
4141 2817 4320 2871 omnia
4348 2818 4651 2885 maledicta,
4681 2833 4797 2887 qua:
4826 2819 5020 2889 scripta
5041 2828 5162 2874 sunt
5192 2820 5242 2873 in
5272 2821 5369 2876 hoc

3812 2910 4098 2973 volumine,
4135 2919 4188 2962 et
4218 2908 4392 2962 deleat
4416 2925 4607 2963 nomen
4637 2908 4753 2976 ejus
4783 2910 4880 2964 sub
4901 2910 5059 2973 etelo,
5097 2920 5148 2965 et
5182 2926 5369 2963 consu-

3815 3007 3924 3051 mat
3963 3014 4083 3052 eum
4126 3000 4177 3052 in
4213 3000 4563 3067 perditionem
4588 3016 4651 3055 ex
4680 3001 4925 3056 omnibus
4948 3001 5186 3055 tribubus
5210 3001 5371 3055 lsrael

3808 3086 3961 3155 juxta
4002 3087 4403 3142 maledictiones
4434 3104 4553 3159 qum
4579 3089 4630 3143 in
4660 3089 4797 3145 libro
4827 3089 4957 3159 legis
4986 3088 5141 3158 hujus
5182 3106 5242 3145 ac
5270 3088 5365 3143 fc-

3814 3181 3957 3235 deris
3985 3181 4324 3235 continentur
4354 3179 4530 3249 (Deut.
4561 3181 4729 3249 nis).
4762 3199 4781 3233 ι
4823 3181 4921 3235 Eat
4958 3195 5088 3251 ergo
5124 3181 5373 3246 clericus,

2137 3277 2270 3331 seat,
2301 3269 2465 3323 donec
2488 3270 2731 3326 Christus
2760 3273 2809 3327 in
2830 3274 3050 3342 judicio,
3080 3276 3169 3344 qui
3200 3292 3321 3331 vere
3344 3278 3595 3333 sacerdos
3624 3289 3708 3333 est
3736 3250 3777 3311 ο
3809 3270 3898 3323 Olli
3928 3270 4201 3322 ιηυιίοιπίε
4224 3284 4315 3337 Ρ¹¹ο

3200 3292 3321 3331 τοι-ρ
3344 3278 3595 3333 sacerdos
3618 3250 3708 3333 εει
3736 3250 3777 3311 C
3809 3270 3898 3323 cui
3928 3270 4201 3322 muliebris
4224 3270 4537 3337 prohibetur
4557 3270 4831 3335 admixtio,
4859 3272 5089 3338 przclrieat
5114 3271 5364 3341 sacriiega

2135 3356 2325 3411 doctus
2349 3366 2507 3425 atque
2538 3358 2830 3427 perfectus,
2859 3374 3130 3433 exsurgat.
3188 3364 3340 3419 Sicut
3368 3381 3465 3435 per
3487 3367 3710 3423 Psalmi-

2139 3452 2278 3499 stam
2308 3447 2503 3499 dicitur
2528 3465 2540 3499 :
2573 3467 2590 3498 ι
2614 3450 2775 3503 Terra
2801 3454 3018 3505 tremuit
3061 3464 3113 3507 et
3134 3456 3352 3523 quievit,
3379 3458 3503 3511 dum
3525 3474 3713 3514 essur-

2138 3549 2290 3607 geret
2328 3539 2379 3593 in
2412 3540 2615 3611 judicio
2656 3544 2793 3598 Deus
2828 3540 2997 3615 (Psal.
3039 3548 3241 3617 cur);
3288 3566 3309 3600 ι
3362 3560 3421 3601 ut
3464 3549 3512 3602 is
3560 3548 3712 3615 cujus

2137 3629 2361 3683 terroris
2382 3630 2653 3695 instinctu,
2684 3635 2906 3702 quilibet
2927 3634 3106 3705 lapsus
3130 3638 3214 3693 hic
3241 3654 3333 3693 sua
3368 3655 3423 3694 se
3450 3639 3709 3710 dignitate

2140 3726 2329 3784 sponte
2367 3720 2691 3787 privaverat,
2726 3738 2845 3776 eum
2882 3724 2933 3777 in
2966 3725 3167 3793 judicio
3196 3738 3348 3797 grata
3391 3730 3506 3783 vice
3547 3731 3706 3785 reSti-

2138 3816 2314 3871 tuens,
2366 3810 2432 3862 ad
2484 3811 2665 3865 amissi
2712 3813 2915 3867 ordinis
2956 3815 3163 3870 culmen
3206 3818 3430 3880 attollat,
3482 3821 3704 3875 dicens:

2146 3912 2165 3945 ι
2195 3896 2396 3964 Amice,
2430 3900 2657 3953 ascende
2685 3902 2947 3969 superius,
2974 3913 3025 3957 et
3051 3914 3173 3960 tunc
3204 3908 3273 3960 sit
3305 3907 3395 3962 tibi
3422 3908 3588 3978 gloria
3620 3925 3713 3966 co-

2139 4001 2257 4040 ram
2283 3988 2439 4043 simul
2470 3990 2929 4046 discumbentibus
2954 3992 3101 4065 (Luc.
3135 3996 3266 4069 xtv).
3300 4015 3319 4049 s

2214 4076 2319 4133 Sed
2348 4088 2471 4133 sunt
2503 4082 2760 4145 nonnulli,
2799 4083 2939 4152 quod
2982 4088 3409 4154 prtetereundum
3453 4104 3559 4143 non
3607 4098 3710 4153 est,

2144 4168 2233 4236 qui
2258 4170 2409 4238 juxta
2436 4170 2743 4241 Apostolum
2774 4172 2983 4242 (Ep/tes.
3018 4174 3091 4245 tv)
3120 4176 3479 4243 desperantes.
3515 4187 3714 4232 semct-

2145 4258 2288 4326 ipsos
2340 4261 2687 4315 immunditise
2730 4262 3104 4318 tradiderunt:
3151 4280 3274 4318 nam
3324 4268 3712 4321 continentiam

2142 4346 2379 4404 funditus
2410 4351 2774 4421 desperantes,
2802 4367 2832 4405 a
2861 4354 3090 4424 suscepti
3128 4355 3335 4409 ordinis
3365 4356 3711 4409 administra-

2143 4438 2287 4495 tione
2324 4453 2381 4494 se
2422 4440 2739 4510 reprimunt,
2781 4442 2964 4510 sicque
3001 4459 3057 4499 se
3101 4444 3412 4514 delinquere
3441 4446 3584 4499 velut
3616 4447 3713 4499 im-

2138 4541 2281 4596 pune
2327 4526 2601 4583 coniidunt
2638 4543 2654 4581 :
2690 4546 2753 4585 ac
2796 4531 2839 4584 si
2891 4546 3077 4587 servus
3120 4534 3334 4589 domino
3379 4550 3475 4589 suo
3519 4536 3704 4589 dicat:

2139 4615 2266 4685 quia
2309 4617 2449 4686 quod
2496 4619 2738 4687 praecipis
2775 4619 2997 4688 implere
3045 4636 3150 4675 non
3184 4621 3350 4685 valeu,
3384 4624 3447 4677 ad
3477 4624 3709 4679 hostium

2144 4716 2355 4761 tuorum
2378 4714 2556 4763 castra
2583 4706 2895 4777 transfugio,
2925 4709 3135 4779 illisque
3162 4724 3247 4765 me
3276 4710 3341 4764 ad
3370 4712 3709 4779 pugnandum

2141 4803 2331 4850 contra
2356 4804 2406 4851 te
2431 4796 2729 4852 dedititium
2759 4800 2941 4864 trado;
2968 4808 3220 4869 tauquam
3246 4801 3417 4869 possit
3437 4800 3709 4858 dominum

2140 4899 2296 4939 suum
2340 4885 2569 4953 placare,
2616 4888 2755 4956 quod
2799 4888 2967 4957 fugit;
3011 4897 3065 4943 et
3111 4905 3215 4943 non
3268 4892 3434 4959 possit
3476 4891 3711 4957 irritare,

2140 4974 2283 5042 quod
2324 4974 2579 5029 adversus
2616 4992 2734 5029 eum
2776 4978 2828 5030 in
2865 4993 3012 5032 arma
3043 4982 3337 5051 consurgit.
3380 4979 3582 5046 Quibus
3611 4996 3711 5051 ego

2142 5072 2475 5129 constanter,
2511 5075 2565 5120 et
2593 5067 2705 5121 sine
2734 5070 2837 5123 ulla
2869 5086 3088 5140 prorsus
3118 5074 3469 5142 ambiguitate
3498 5072 3702 5127 denun-

2143 5156 2241 5218 tio,
2270 5157 2522 5224 quoniam
2553 5172 2705 5211 cassa
2733 5173 2790 5213 se
2824 5175 2886 5213 ac
2922 5160 3107 5217 frivola
3144 5162 3527 5231 pollicitatione
3564 5162 3708 5216 deci—

2140 5246 2314 5313 piunt,
2350 5245 2395 5300 si
2423 5260 2525 5300 non
2553 5258 2906 5317 exsequentes
2934 5250 3183 5317 officium,
3225 5252 3397 5307 omcio
3428 5267 3487 5307 se
3514 5263 3707 5307 exutos

2142 5351 2260 5391 esse
2284 5338 2577 5392 confidunt.
2593 5337 2739 5395 Licet
2760 5341 2900 5394 enim
2923 5357 2952 5395 a
2982 5342 3425 5413 frequentatione,
3451 5345 3533 5399 vel
3559 5359 3713 5399 exse-

2144 5428 2358 5480 cutione
2396 5434 2571 5481 cesset
2604 5428 2735 5481 ordo
2766 5428 3065 5495 cujuslibet,
3097 5433 3177 5487 vel
3201 5433 3460 5496 ofﬁcium;
3491 5434 3541 5486 in
3568 5434 3712 5487 ordi.

2146 5525 2275 5571 nato
2305 5524 2478 5571 tamen
2509 5516 2853 5574 nihilominus
2880 5517 3042 5592 ωδ
3068 5534 3343 5590 permanet
3385 5523 3590 5579 ordinis
3620 5538 3710 5579 sa-

2148 5612 2445 5659 cramento.
2484 5605 2551 5659 Et
2593 5607 2729 5663 sicut
2763 5610 2847 5663 vir
2894 5610 3177 5680 quispiam,
3223 5621 3278 5667 et
3326 5614 3369 5668 si
3419 5623 3592 5671 cesset
3644 5615 3713 5669 ab

2148 5710 2304 5763 opere
2332 5695 2613 5766 coniugali,
2665 5700 2807 5756 nullo
2847 5702 3003 5757 modo
3031 5710 3207 5756 tamen
3234 5704 3523 5759 absolvitur
3551 5720 3712 5774 copu-

2152 5786 2346 5845 latione
2380 5790 2649 5857 remugii;
2695 5793 2763 5847 ita
2799 5794 3021 5850 clericus
3064 5804 3117 5851 et
3159 5796 3203 5851 si
3251 5795 3332 5851 sui
3365 5796 3567 5852 ordinis
3609 5811 3713 5850 non

3812 3358 4132 3412 venerandis
4160 3357 4417 3411 altaribus
4456 3358 4773 3413 adversioue
4808 3358 5103 3427 repudium,
5134 3368 5190 3412 ut
5216 3359 5365 3421 liber,

3808 3454 4067 3513 tanquam
4111 3446 4420 3499 emissarius
4440 3460 4611 3515 equus
4635 3446 4687 3501 in
4718 3447 4938 3501 luxuria:
4960 3449 5195 3516 prosiliat
5216 3463 5367 3517 appcv

3815 3535 3988 3586 tilum.
4032 3533 4134 3586 Sed
4160 3534 4286 3587 dum
4320 3549 4349 3588 a
4393 3533 4500 3589 Deo
4541 3534 4840 3589 libertatem
4871 3535 5084 3603 accipit,
5117 3547 5274 3604 atque
5302 3538 5369 3593 ab

3812 3638 3895 3685 eo,
3929 3633 4177 3692 tanquam
4218 3623 4493 3678 absolutus
4520 3624 4783 3691 abscedit,
4818 3625 5202 3680 maledictionis
5257 3625 5367 3694 ejus

3811 3728 3875 3767 ac
3897 3728 4005 3765 sure
4030 3713 4344 3781 perditionis
4370 3713 4589 3784 laqueos
4612 3730 4715 3770 non
4737 3716 4932 3771 evadit.
4978 3714 5107 3771 Cum
5146 3714 5364 3771 Psalmi-

3812 3814 3892 3857 sta
3934 3802 4079 3856 dicat
4106 3820 4118 3853 :
4154 3821 4172 3853 σ
4203 3802 4467 3858 Maledicti
4506 3803 4596 3872 qui
4629 3802 4898 3857 declinant
4926 3818 4953 3856 a
4981 3803 5242 3858 mandatis
5265 3803 5369 3857 tuis

3811 3889 3983 3962 (Paul.
4033 3894 4241 3962 cxvtu).
4272 3910 4291 3944 ι
4335 3891 4399 3946 Et
4446 3906 4541 3961 per
4580 3892 4911 3947 Ezechielem
4957 3892 5209 3947 Dominus
5251 3894 5361 3946 ait:

3815 4001 3833 4032 ι
3868 3982 4049 4051 Neque
4092 3985 4345 4055 cogitatio
4394 3983 4589 4037 mentis
4612 3994 4801 4038 vestrm
4854 3982 4982 4047 flet,
5031 3983 5310 4037 dicentium
5348 4000 5361 4036 :

3812 4073 4027 4129 Erimus
4059 4076 4195 4129 sicut
4224 4086 4410 4145 gentes
4467 4084 4523 4131 et
4554 4076 4695 4130 sicut
4738 4076 5077 4145 cognationes
5107 4084 5276 4136 teme,
5309 4084 5367 4128 ut

3812 4163 4052 4218 (clanius
4095 4165 4233 4235 ligna
4282 4175 4337 4220 et
4382 4166 4599 4235 lapides.
4648 4165 4781 4222 Vivo
4808 4181 4925 4231 ego,
4963 4166 5091 4220 dicit
5123 4166 5366 4220 Dominus

3814 4252 3979 4316 Deus,
4008 4253 4258 4321 quoniam
4295 4254 4345 4307 itt
4378 4270 4537 4308 manu
4564 4253 4710 4319 furti,
4740 4265 4795 4309 et
4822 4254 5040 4309 brachio
5058 4263 5290 4316 extento,
5314 4263 5367 4308 et

3815 4342 3867 4395 in
3892 4340 4071 4396 furore
4098 4342 4263 4397 effuso
4296 4346 4527 4414 regnabo
4547 4360 4707 4413 super
4726 4360 4840 4411 vos,
4866 4353 4920 4400 et
4944 4344 5163 4400 educam
5190 4358 5285 4397 vos
5304 4344 5364 4398 de

3817 4431 4045 4501 populis,
4086 4441 4142 4487 et
4184 4436 4521 4504 congregabo
4555 4450 4649 4489 vos
4689 4435 4755 4489 de
4785 4436 4959 4499 terris,
4990 4436 5039 4487 in
5069 4434 5259 4504 quibus
5286 4433 5364 4486 di-

3815 4522 3981 4590 spcrsi
4004 4523 4153 4588 estis,
4171 4524 4513 4592 etsubjiciam
4532 4539 4627 4579 vos
4642 4534 4853 4594 sceptro
4874 4538 4991 4579 meo
5012 4523 5221 4594 (Eaedt.
5239 4521 5314 4593 ι).
5342 4541 5360 4575 ι

3813 4614 3943 4669 Car.
3990 4613 4073 4669 Vl.
4119 4645 4184 4655 —
4224 4614 4296 4668 De
4342 4615 4543 4670 duobus
4580 4617 4883 4687 presbyteris
4921 4616 5365 4671 inominalibus.

3886 4703 4095 4767 Nostra,
4136 4711 4196 4757 ut
4232 4702 4424 4770 fertur,
4468 4706 4693 4778 contigit
4728 4714 4905 4772 aetate,
4935 4706 5071 4775 quod
5095 4721 5272 4762 narro.
5311 4707 5365 4762 in

3812 4792 4103 4847 Galliarum
4134 4792 4373 4862 partibus
4398 4808 4562 4863 penes
4604 4793 5118 4849 administrationem
5189 4810 5252 4849 ac
5289 4795 5371 4848 di-

3814 4884 4014 4937 tionem
4065 4883 4342 4954 cujusdam
4388 4885 4620 4956 religiosi
4659 4885 4906 4951 abbatis,
4945 4886 5156 4941 nomine
5204 4885 5367 4940 Bene-

3814 4974 3974 5037 dicti,
4031 4974 4310 5045 presbyter
4364 4975 4666 5039 babitabat,
4721 4974 4811 5046 qui
4860 4975 5109 5030 nimirum
5168 4985 5366 5044 quanto

3812 5067 3963 5135 cnpia
4008 5067 4274 5121 facultatis
4323 5067 4539 5122 uberius
4574 5066 4847 5133 adluebat,
4899 5076 5042 5121 tanto
5081 5066 5247 5137 magis
5284 5081 5359 5119 reo

3813 5156 4027 5227 ligionis
4081 5165 4138 5211 et
4172 5158 4469 5212 honestatis
4505 5157 4849 5225 premebatur
4887 5156 5083 5225 inopia.
5126 5154 5367 5211 Obeunte

3817 5248 3977 5317 igitur
4045 5247 4273 5316 pellice,
4336 5248 4632 5311 viduatus,
4694 5245 4888 5314 adjecit
4941 5247 5131 5301 iterare
5191 5242 5369 5311 conju-

3816 5342 3977 5409 gium.
4030 5338 4167 5405 Quid
4212 5338 4406 5407 plura?
4456 5336 4798 5393 Conftederat
4836 5335 4976 5401 sibi;
5023 5334 5174 5404 quasi
5222 5334 5371 5388 tabuo

3816 5431 3985 5483 larunt
4037 5429 4152 5500 lege
4198 5428 4549 5498 prostibulum
4572 5468 4592 5493 ν,
4632 5427 4922 5482 amicorum
4949 5464 4967 5491 ,
5004 5433 5161 5489 atque
5208 5420 5371 5479 couti-

3820 5523 3965 5577 nium
3984 5520 4146 5594 ωδ
4163 5527 4454 5591 congregat
4476 5517 4698 5587 nuptiali
4721 5531 4868 5571 more
4886 5524 5221 5577 conventum,
5243 5529 5373 5583 epu-

3817 5610 4004 5666 laturis
4034 5612 4196 5666 etiam
4243 5611 4403 5664 tutius
4447 5606 4728 5663 afﬂuentia:
4752 5607 4998 5678 providet
5037 5613 5365 5675 apparatum.

3820 5702 3997 5755 Abbas
4024 5710 4221 5764 autem,
4249 5698 4374 5754 dum
4403 5698 4763 5761 dccumberet,
4781 5695 4997 5768 jamque
5019 5696 5223 5751 felicem
5246 5709 5367 5766 pro-

3821 5795 4102 5864 pinquaret
4132 5792 4198 5847 ad
4234 5790 4458 5857 exitum,
4487 5789 4591 5846 hec
4618 5789 4823 5853 audito,
4860 5786 4994 5843 duos
5017 5791 5081 5841 ad
5107 5801 5227 5841 cum
5257 5801 5369 5840 meo
