4276 6344
228 390 350 448 ιον

925 385 1165 444 OPUSC.
1205 383 1392 442 XVIII.
1431 410 1504 425 —
1536 378 1815 438 CONTRA
1851 375 2433 434 INTEMI’ERANTES
2469 377 2822 434 CLERICOS.

3406 371 3514 424 UO

213 505 433 560 nachos
457 500 623 566 misit,
650 499 808 572 eique
837 507 944 554 tam
973 498 1256 568 impudens
1285 500 1461 552 scelus
1496 494 1596 548 sub
1623 490 1810 547 distri—
1834 492 1886 552 Α
1914 504 2138 561 magnos
2165 490 2367 544 habere
2396 491 2768 545 characterem
2793 488 2981 542 bestiae
3017 488 3072 544 in
3122 486 3312 540 dextra
3345 497 3508 537 manu

221 603 335 648 cla:
362 606 611 647 censuras
647 589 1088 645 interminatione
1131 585 1421 657 prohibuit.
1461 583 1554 638 Ille
1577 595 1726 638 vero.
1755 586 1814 633 ιιι

224 693 352 739 erat
376 691 651 752 conceptas
677 679 931 748 nequitia:
963 677 1273 733 stimulatus
1300 674 1575 738 instinctu,
1603 672 1815 726 obtem-

222 789 428 845 perare
451 789 556 828 non
581 771 774 843 potuit,
804 771 896 825 sed
919 769 1223 825 temeritate
1249 767 1526 836 plectibili,
1553 763 1814 835 quidquid

223 865 485 934 nuptialis
529 864 663 919 ordo
717 860 954 916 dictabat
1013 859 1274 931 implevit.
1327 859 1550 913 Cunctis
1631 857 1814 924 itaque

225 955 696 1026 perstrepentibus
724 953 878 1013 loels,
924 966 988 1006 ac
1017 951 1252 1006 lascivia:
1279 950 1498 1012 deditis,
1530 948 1814 1016 presbyter

227 1052 490 1115 tanquam
531 1045 628 1099 bos
650 1047 717 1098 ad
741 1043 1012 1097 victimam
1045 1042 1238 1095 ductus
1259 1040 1560 1094 convivium
1591 1038 1809 1099 deserit,

228 1135 502 1189 thalamos
530 1149 635 1188 non
680 1131 1082 1193 delectationis,
1126 1132 1219 1185 sed
1271 1119 1590 1198 perditionis
1642 1127 1816 1195 ingre-

229 1225 420 1279 ditur:
452 1234 541 1291 et,
592 1241 624 1280 o
657 1224 914 1279 terribilis
946 1224 1087 1278 Deus
1117 1224 1168 1276 in
1208 1221 1447 1277 consiliis
1485 1237 1646 1290 super
1677 1219 1815 1273 filios

227 1314 545 1370 hominum!
585 1313 766 1381 (Psal.
794 1313 952 1385 uv.)
986 1312 1264 1384 repentina
1297 1321 1469 1365 morte
1502 1312 1809 1364 mulctatur.

228 1405 353 1461 Uno
399 1405 665 1475 siquidem
694 1406 989 1474 eodemque
1011 1419 1318 1468 momento,
1345 1413 1398 1457 et
1439 1417 1623 1456 semen
1675 1400 1811 1453 fudit

226 1501 287 1548 et
314 1494 550 1548 animam
575 1494 869 1548 exhalavit.
902 1494 993 1549 Sic
1023 1495 1354 1548 remunerari
1396 1492 1599 1556 debuit,
1631 1491 1719 1560 qui
1749 1493 1814 1544 de

226 1583 476 1638 sacrario
518 1582 726 1637 Domini
770 1584 836 1636 ad
882 1582 1152 1638 exoletum
1210 1582 1438 1651 lupanar
1490 1581 1813 1648 suintttnqttc

224 1673 575 1728 volutabrum
609 1675 841 1728 transire
885 1674 1149 1728 decrevit.
1199 1674 1472 1728 Fortassis
1519 1675 1660 1726 enim
1686 1673 1810 1737 iste,

225 1763 357 1833 quia
402 1764 543 1819 sacri
573 1763 763 1818 altaris
799 1779 904 1818 non
948 1764 1327 1832 frequentabat
1371 1776 1681 1826 accessum,
1726 1761 1807 1814 id-

222 1853 376 1908 circo
399 1869 461 1909 se
487 1855 704 1924 impune
735 1855 964 1909 credidit
1005 1865 1376 1924 peccaturum.
1411 1853 1514 1907 Sed
1557 1863 1814 1920 expertus
1846 1827 1889 1885 Β

224 1952 314 1998 est
369 1945 512 2013 quod
559 1945 850 2014 Apostolus
913 1946 1126 1999 dixerat
1162 1961 1174 1995 :
1210 1963 1227 1995 ι
1279 1944 1415 2011 Quia
1463 1942 1700 1996 terribile
1733 1949 1820 1996 est

225 2031 472 2088 incidere
500 2033 552 2086 in
585 2048 776 2088 manus
803 2033 894 2088 Dei
923 2034 1155 2088 viventis
1185 2032 1372 2104 (Hebr.
1405 2033 1484 2103 χ).
1531 2052 1548 2084 ι

298 2122 420 2177 Alio
459 2137 674 2193 quoque
703 2133 974 2192 tempore,
1018 2139 1138 2178 cum
1180 2139 1315 2193 papa
1347 2122 1691 2192 Stephanus,
1725 2122 1818 2190 qui

228 2213 331 2269 zeli
363 2213 594 2269 Pltinees
619 2214 970 2268 aemulabatur
997 2213 1247 2268 ardorem
1281 2212 1471 2282 (Num.
1519 2210 1669 2281 xxv),
1703 2225 1820 2264 om-

228 2317 330 2357 nes
350 2304 576 2358 clericos
601 2303 806 2366 Romae,
829 2303 919 2372 qui
943 2311 1067 2372 post
1085 2303 1428 2356 interdictum
1454 2316 1602 2370 papa:
1625 2301 1826 2355 Leonis

236 2391 643 2447 incontinentes
677 2393 1036 2456 exstiterant,
1083 2393 1149 2447 de
1193 2402 1456 2446 conventu
1503 2391 1821 2446 clericorum

230 2489 288 2536 et
315 2483 483 2536 choro
525 2481 766 2537 ecclesia:
794 2482 1140 2550 praecepisset
1166 2483 1347 2542 exire,
1384 2493 1441 2534 ut
1485 2495 1825 2550 quanquam,

232 2569 441 2624 relictis
470 2569 710 2632 feminis,
737 2585 834 2638 per
873 2571 1210 2638 ptenitentia:
1239 2585 1296 2624 se
1325 2570 1554 2623 lamenta
1591 2570 1824 2634 corrige-

235 2667 391 2724 rent;
421 2667 598 2712 tamen
623 2659 747 2727 quia
775 2668 967 2712 sancto
990 2659 1105 2712 viro
1127 2657 1500 2711 inobedientes
1525 2657 1826 2718 fuerant,et

236 2747 303 2802 de
326 2748 567 2801 sacrario
603 2748 669 2800 ad
703 2757 911 2816 tempus
942 2748 1174 2811 exirent,
1201 2757 1254 2801 et
1277 2745 1614 2801 celebranda:
1646 2747 1822 2800 missae.

236 2837 509 2892 licentiam
534 2839 599 2892 de
626 2846 821 2894 caetero
853 2854 957 2892 non
987 2849 1288 2907 sperarent,
1318 2840 1472 2908 juxta
1500 2839 1820 2893 canonicam

235 2927 300 2982 Β.
328 2927 553 2983 Caeciliae
580 2939 726 2984 trans
754 2926 990 2983 Tiberim
1019 2930 1376 2982 constitutam
1419 2929 1706 2998 presbyter
1729 2927 1825 2980 ha-

234 3019 462 3083 bitabat,
493 3018 635 3090 quod
670 3034 767 3072 nec
798 3017 1053 3072 feminam
1095 3019 1206 3073 ullo
1250 3019 1408 3073 modo
1439 3020 1824 3088 acquiescebat

235 3110 494 3179 abjieere,
524 3125 621 3164 nec
646 3126 882 3178 unquam
916 3119 1132 3179 poterat
1161 3112 1274 3164 hare
1300 3120 1522 3173 statuta,
1555 3111 1655 3164 nisi
1686 3126 1820 3164 vana

232 3218 456 3272 prorsus
498 3210 552 3256 ct
583 3200 770 3257 frivola
791 3200 1060 3270 judicare.
1090 3203 1331 3268 Quadam
1358 3205 1538 3271 itaque
1561 3203 1665 3264 die,
1694 3201 1820 3255 dum

233 3293 552 3355 incolumis,
581 3303 821 3361 vegetus,
871 3308 933 3345 ac
980 3292 1236 3346 robustus
1287 3293 1567 3356 existeret,
1601 3306 1820 3360 vesper-

233 3384 362 3436 tinis
410 3383 557 3435 horis
601 3383 668 3434 ad
696 3383 1083 3450 quiescendum
1116 3397 1173 3435 se
1214 3382 1265 3435 in
1307 3382 1444 3435 lecto
1491 3383 1815 3450 composuit.

232 3471 337 3526 Sed
373 3472 648 3540 repentina
678 3471 872 3524 divina-
915 3471 1135 3524 ultionis
1182 3471 1652 3524 animadversione
1695 3485 1818 3538 per-

229 3579 449 3626 cussus,
505 3580 663 3618 mane
694 3573 942 3632 repertus
985 3575 1068 3617 est
1109 3563 1341 3616 cadaver
1369 3564 1638 3619 exanime.
1673 3565 1819 3623 Illico

229 3656 469 3727 prmfatae
505 3656 780 3711 canonica:
822 3655 1100 3725 religiosus
1144 3663 1294 3708 certe
1340 3666 1639 3709 conventus
1684 3660 1819 3713 duos

230 3747 298 3799 ad
364 3762 449 3800 me
515 3745 742 3800 clericos
807 3745 1165 3807 direxerunt,
1230 3743 1356 3811 quid
1423 3745 1512 3796 tali
1581 3745 1820 3801 facerent

233 3847 448 3889 nzortuo
500 3835 862 3888 consulentes.
923 3833 1029 3888 Nos
1086 3834 1131 3887 si
1194 3849 1302 3886 rem
1359 3833 1460 3887 rite
1524 3843 1812 3904 tenemus,

227 3924 511 3978 consifium
555 3924 831 3989 dedimus,
881 3933 942 3975 ut
990 3937 1112 3976 eum
1140 3923 1386 3991 quidem,
1443 3924 1566 3992 quia
1596 3927 1817 3998 presby-

229 4025 310 4069 ter
361 4016 559 4080 fuerat,
605 4031 770 4084 penes
818 4013 1100 4070 ecclesiam
1137 4015 1813 4084 sepelirentzsednullum

227 4106 330 4160 sibi
367 4105 448 4160 vel
490 4106 830 4176 hymnorum,
863 4104 945 4159 vel
989 4105 1304 4174 psalmodize
1333 4105 1568 4162 oﬂicium
1620 4111 1814 4165 redde-

227 4207 378 4260 rent;
430 4206 696 4265 quatenus
734 4205 790 4250 et
829 4197 1048 4250 incestis
1102 4206 1279 4250 terror
1338 4208 1711 4264 accresceret,
1756 4209 1813 4256 et

223 4289 497 4342 castitatis
543 4287 710 4357 gloria
758 4275 1155 4358 germinantius
1184 4288 1498 4358 pullularet.
1552 4291 1613 4346 Et
1664 4305 1813 4348 certe

223 4377 443 4446 dignum
474 4379 703 4441 videtur,
729 4386 781 4429 ut
809 4387 1070 4443 mortuus,
1093 4377 1241 4446 juxta
1266 4382 1609 4449 prophetam,
1634 4384 1812 4453 sepul-

1918 590 2013 636 aut
2059 583 2112 635 in
2167 581 2435 635 frontibus
2463 581 2577 634 suis
2612 581 2796 650 (Apoc.
2847 580 2992 650 xm).
3041 597 3056 630 ι
3096 576 3200 632 Sed
3232 575 3360 645 quid
3387 590 3509 626 cum

1915 667 2232 727 charactere
2258 671 2443 724 bestiae
2473 671 2630 739 signo
2656 671 2764 734 illi,
2813 671 2879 724 de
2911 684 3018 737 quo
3049 667 3248 721 dicitur
3279 682 3292 717 :
3325 685 3342 715 ι
3374 662 3512 728 Quia

1916 761 1995 825 hi,
2027 761 2116 828 qui
2147 768 2307 814 erant
2333 774 2494 828 super
2527 769 2766 813 montem
2803 759 2932 812 Sion
2979 773 3103 811 cum
3133 757 3306 824 Agno,
3349 752 3512 807 habe-

1914 846 2046 902 bant
2072 863 2265 902 nomen
2292 849 2409 916 ejus
2430 848 2687 916 scriptum
2722 848 2772 900 in
2800 845 3069 900 frontihus
3097 845 3244 898 suis?
3276 863 3292 894 ›
3321 841 3506 910 (Apoc.

1915 943 2052 1006 ιη.)
2082 959 2100 990 ι
2132 939 2266 1005 Quid
2295 940 2438 993 enim
2472 941 2578 994 luci
2606 940 2672 993 ad
2704 939 2988 993 tenebras?
3014 945 3103 992 aut
3130 951 3248 1006 qua:
3277 936 3512 988 societas

1914 1027 2117 1083 Christi
2151 1031 2216 1080 ad
2265 1028 2478 1082 Belial?
2507 1029 2610 1094 Qui
2659 1042 2963 1083 consensus
3016 1026 3218 1095 templo
3245 1024 3341 1078 Dei
3386 1037 3517 1078 cum-

1915 1118 2144 1172 idolis?»
2180 1115 2263 1185 (11
2290 1116 2419 1171 Cor.
2456 1119 2553 1188 vt.)

1985 1242 2113 1298 Car.
2152 1241 2257 1295 VII.
2282 1272 2352 1282 —
2382 1241 2579 1296 Contra
2605 1241 2811 1308 pellice:
2855 1239 3162 1292 clericorum
3206 1237 3436 1306 scriptor

2252 1361 2256 1366 .
2572 1312 2796 1364 inve/tim
2807 1327 2849 1362 r.

1987 1403 2189 1458 Interea
2217 1414 2267 1458 et
2294 1418 2388 1456 vos
2416 1402 2680 1471 alloquor,
2715 1417 2746 1454 ο
2776 1402 2985 1468 lepores
3012 1399 3357 1460 clericorum,
3384 1396 3510 1468 pul-

1915 1507 2165 1564 pamenta
2197 1495 2418 1556 diaboli,
2452 1493 2714 1561 projectio
2747 1493 3006 1561 paradisi,
3045 1492 3190 1543 virus
3221 1490 3512 1550 mentium,

1913 1584 2121 1653 gladius
2149 1585 2496 1646 animarum,
2530 1583 2746 1636 aconita
2795 1582 3116 1644 bibentium,
3153 1579 3332 1633 toxica
3385 1593 3512 1631 con-

1913 1680 2179 1742 vivarum,
2226 1678 2450 1731 materia
2485 1677 2766 1746 peccandi,
2808 1676 3025 1729 occasio
3066 1672 3350 1744 pereundi.
3399 1670 3510 1725 Vos

1917 1769 2137 1837 inquam
2162 1808 2179 1832 ,
2209 1767 2458 1836 alloquor
2491 1781 2741 1836 gynecwa
2789 1766 2960 1819 hostis
2995 1763 3241 1831 antiqui,
3287 1775 3516 1829 upupaa.

1919 1862 2109 1920 ululaz,
2139 1870 2382 1924 noctuce,
2413 1860 2550 1928 lnpze
2570 1900 2584 1920 ,
2617 1859 2988 1928 sanguisngze,
3039 1854 3207 1919 AtIer,
3241 1852 3374 1908 alter
3396 1854 3514 1906 sine

1919 1950 2223 2006 cessatione
2243 1949 2485 2002 dicentes
2505 1944 2684 2016 (Prov.
2710 1945 2864 2013 xxx).
2893 1943 3081 2000 Venite
3107 1944 3308 2011 itaque,
3334 1939 3516 1993 audite

1920 2056 2042 2107 me,
2072 2049 2252 2095 scorta
2275 2079 2288 2102 ,
2337 2037 2637 2108 prostibula
2659 2077 2673 2100 ,
2705 2035 2885 2100 savia,
2915 2033 3196 2088 volutabra
3223 2043 3516 2101 porcorum

1919 2133 2232 2203 pinguium;
2264 2130 2462 2186 cubilia
2486 2129 2772 2197 spirituum
2798 2126 3219 2186 immundornm,
3238 2123 3511 2193 nymphae,

1921 2221 2136 2285 sirenze,
2175 2221 2375 2283 lamiae,
2405 2219 2599 2281 diante,
2646 2228 2700 2271 et
2731 2217 2774 2270 si
2799 2216 2928 2284 quid
2974 2215 3151 2267 adhuc
3180 2214 3440 2282 portenti,
3472 2211 3517 2266 si

1922 2313 2050 2382 quid
2101 2313 2328 2381 prodigii
2381 2311 2685 2380 reperitur,
2731 2307 2935 2362 nomini
2984 2316 3170 2360 vestro
3207 2312 3519 2373 competere

1917 2404 2212 2474 judicetur.
2265 2401 2371 2456 Vos
2427 2401 2571 2455 enint
2623 2399 2756 2454 estis
2805 2397 3109 2450 daemonum
3160 2394 3394 2448 victima:
3450 2393 3520 2447 ad

1923 2504 2138 2548 aeternae
2170 2493 2361 2546 mortis
2386 2489 2684 2546 suceidium
2716 2487 3024 2542 destinatae.
3071 2485 3150 2539 Ex
3183 2485 3337 2539 vobis
3363 2484 3507 2538 enim

1924 2581 2189 2645 diabolus,
2217 2591 2472 2650 tanquam
2497 2579 2745 2634 delicatis
2773 2576 3012 2646 dapibus
3027 2574 3295 2644 pascitur,
3322 2584 3520 2627 vestrae

1923 2674 2162 2728 libidinis
2230 2672 2585 2727 exuberantia
2653 2670 2956 2739 saginatur.
3017 2687 3034 2717 ι
3079 2666 3297 2719 Habitat
3349 2665 3520 2730 enim,

1919 2762 2071 2831 juxta
2104 2763 2468 2829 Scripturam,
2507 2759 2559 2812 in
2592 2767 2805 2812 secreto
2830 2755 3046 2817 calami,
3088 2764 3144 2807 ct
3174 2753 3224 2806 in
3260 2753 3390 2806 locis
3421 2753 3522 2806 hu-

1926 2855 2216 2908 mentibus.
2263 2851 2369 2906 V'os
2415 2850 2546 2904 estis
2589 2864 2718 2902 vasa
2753 2848 2878 2910 iras,
2929 2855 2981 2900 et
3033 2845 3234 2898 furoris
3284 2843 3520 2909 Domini,

1925 2945 2162 3016 reposita
2213 2945 2266 2998 in
2319 2944 2459 2998 diem
2508 2940 2730 2994 ultiOnis
2768 2937 2890 3008 (Job
2930 2938 3039 3004 XL).
3083 2954 3100 2987 ›
3160 2935 3264 2989 Vos
3296 2935 3519 3003 tigrides

1927 3035 2127 3104 impiae,
2171 3048 2398 3103 quarum
2433 3031 2703 3094 nesciunt,
2736 3037 2934 3096 przeter
2962 3027 3260 3080 humanum
3301 3024 3522 3094 sangui-

1933 3142 2076 3188 nem,
2108 3135 2330 3179 cruenta
2373 3137 2467 3178 ora
2517 3122 2693 3176 sitire.
2725 3120 2835 3173 Vos
2879 3116 3155 3186 harpyiae,
3187 3131 3306 3184 qua:
3351 3113 3524 3170 sacri-

1929 3219 2108 3271 ficium
2171 3214 2382 3269 Domini
2437 3210 2894 3268 circumvolantes
2947 3206 3230 3274 arripitis,
3281 3219 3520 3274 eosque,

1920 3307 2011 3374 qui
2060 3306 2169 3360 Deo
2199 3305 2364 3359 oblati
2415 3305 2649 3367 fuerant,
2699 3300 2997 3356 crudeliter
3037 3299 3336 3352 devoratis.
3383 3294 3522 3349 Nam

1920 3404 1974 3449 et
2005 3394 2202 3449 Iemnas
2247 3408 2341 3447 vos
2386 3406 2490 3446 non
2536 3394 2833 3462 incongrue
2879 3392 3133 3451 dixerim,
3167 3407 3285 3458 qttze
3313 3384 3520 3440 bellua-

1922 3504 2040 3542 rum
2091 3501 2260 3550 more,
2296 3484 2456 3553 jubas
2504 3483 2772 3546 attollitis,
2801 3495 2857 3536 et
2901 3483 3145 3548 incautos
3175 3479 3424 3533 homines
3453 3475 3522 3530 ad

1921 3594 2034 3633 sua:
2062 3576 2383 3646 perditiOnis
2418 3574 2695 3628 interitum
2743 3572 2986 3626 cruentis
3013 3570 3356 3641 amplexibus
3394 3569 3524 3622 har-

1919 3667 2150 3738 paxatis.
2187 3664 2297 3720 Vos
2339 3665 2554 3729 sirenm,
2603 3673 2766 3732 atque
2815 3661 3200 3732 charybdides,
3244 3675 3364 3728 qua:
3390 3659 3520 3712 dum

1919 3772 2138 3813 suavem
2173 3755 2510 3825 deceptionis
2538 3756 2700 3808 editis
2736 3763 2981 3818 cantum,
3015 3752 3331 3807 inevasihile
3355 3748 3512 3805 strui.

1917 3851 2009 3916 tis,
2038 3849 2150 3904 salo
2185 3858 2432 3911 voranle,
2464 3847 2825 3917 naufragium.
2875 3846 2976 3900 Vos
3020 3846 3219 3904 viperae
3262 3843 3510 3906 furiosa},

1916 3955 2035 4008 qua:
2062 3954 2169 4007 pra?
2202 3937 2534 4006 itnpatientis
2577 3937 2772 3990 ardore
2801 3935 3040 3989 libidinis
3064 3934 3366 3994 Christum,
3407 3929 3501 4001 qui

1917 4035 2080 4096 caput
2109 4035 2192 4080 est
2226 4025 2570 4090 clericorum,
2614 4025 2812 4078 vestris
2843 4024 3183 4078 amatoribus
3213 4023 3510 4076 detrunca-

1917 4119 2005 4173 tis.
2059 4118 2192 4172 Nam
2252 4119 2389 4173 sicut
2449 4117 2824 4172 Madianitides
2881 4117 3008 4171 olim
3061 4131 3158 4186 per
3222 4117 3523 4185 pltaleratte

1915 4211 2081 4263 vestis
2132 4217 2382 4262 ornatum
2421 4208 2486 4262 ad
2530 4223 2690 4261 suum
2727 4206 3100 4276 provocabunt
3149 4205 3518 4259 Israelitarnm

1915 4300 2078 4355 corda
2112 4299 2459 4353 concubitum
2489 4296 2681 4367 (Num.
2706 4297 2857 4365 xxv),
2893 4296 2964 4350 ita
2997 4310 3090 4349 vos
3122 4295 3363 4348 accurati
3391 4293 3512 4348 cul-

1918 4398 2046 4454 tus,
2090 4389 2204 4443 sive
2236 4387 2401 4442 fucati
2448 4387 2629 4441 vultus
2663 4386 2936 4441 illecebris
2981 4384 3228 4440 infelices
3271 4385 3520 4440 homines

225 4475 418 4563 tut-aur
439 4468 711 4563 possideat
739 4468 874 4522 asini
912 4470 1023 4563 qui
1042 4471 1166 4524 dum
1190 4470 1398 4526 viveret
1423 4473 1658 4528 humana
1685 4492 1811 4532 con-
1843 4503 1893 4563 Β
1921 4483 1989 4537 de
2016 4480 2352 4536 sacrosancti
2393 4479 2581 4533 altaris
2629 4479 2954 4540 ministerio,
2992 4493 3100 4546 quo
3133 4476 3519 4548 integebantur,

225 4557 446 4627 tempsit
478 4557 594 4627 lege
621 4559 940 4628 constringi.
971 4557 1125 4613 Sicut
1163 4559 1230 4613 de
1254 4558 1465 4614 Joaltim
1512 4562 1621 4618 ﬁlio
1653 4563 1815 4622 Josia:

223 4662 349 4718 rege
385 4645 522 4701 Jnda
563 4664 658 4717 per
700 4647 989 4704 Jeremiam
1026 4648 1265 4704 dicitur:
1304 4668 1322 4701 ι
1350 4649 1637 4722 Sepultura
1678 4656 1814 4710 asini

223 4739 517 4808 sepelietur
545 4738 906 4808 putrefactus,
956 4750 1010 4795 et
1039 4739 1313 4809 projectus
1343 4755 1496 4796 extra
1523 4753 1706 4812 portas
1726 4743 1814 4801 ιε-

222 4830 455 4884 rusalem
481 4829 614 4901 (Jer.
645 4833 801 4902 χχιι).
829 4851 845 4882 ι
873 4832 1163 4888 Enimvero
1185 4833 1269 4888 cui
1299 4834 1549 4891 militaris
1579 4846 1668 4892 est
1685 4839 1817 4893 eba-

226 4929 407 4976 racter
447 4921 775 4990 impressus,
819 4939 1144 4994 quocunque
1190 4925 1560 4996 transfugiat,
1608 4929 1815 4984 militia:

226 5026 336 5064 suae
364 5052 377 5076 ,
412 5012 496 5066 cui
521 5013 739 5081 juratus
775 5011 978 5077 fuerat,
1009 5031 1191 5070 secum
1226 5030 1439 5086 semper
1478 5017 1813 5088 signaculum

223 5111 425 5168 portat,
445 5111 495 5155 ct
518 5103 946 5172 quandocunqtte
976 5103 1142 5159 inusti
1166 5105 1266 5160 sibi
1295 5107 1563 5177 stigmatis
1586 5108 1813 5166 vibicem

220 5191 510 5259 conspicit,
544 5192 872 5246 desertorem
900 5209 958 5248 se
983 5195 1208 5259 militiae,
1236 5209 1498 5267 reumque
1525 5196 1812 5270 transfugii

222 5281 582 5351 rec0gnoscit.
629 5282 718 5337 Sic
760 5284 925 5337 etiam
956 5283 1204 5350 clericus,
1240 5302 1359 5340 cum
1385 5287 1666 5356 signaculo
1692 5289 1814 5359 Spi-

221 5372 359 5427 ritus
390 5373 588 5427 saneti.
611 5375 754 5443 quod
787 5375 837 5429 in
868 5375 954 5431 die
986 5392 1096 5432 sua:
1126 5381 1552 5436 consecrationis
1577 5383 1806 5454 accepit,

219 5464 484 5533 probatur
545 5469 612 5518 ad
675 5464 956 5536 inpanaria
1013 5483 1207 5538 spurca
1278 5471 1651 5541 descendere“
1713 5485 1813 5534 nec

220 5552 349 5607 illud
406 5553 472 5609 de
524 5568 583 5608 se
627 5555 732 5609 ulla
788 5558 986 5626 poterit
1029 5559 1316 5614 occasione
1362 5560 1580 5628 delere,
1629 5549 1806 5633 (ια’λῆ-

221 5658 386 5713 quam
416 5650 468 5698 et
491 5641 601 5699 illic
628 5643 756 5699 illud
780 5647 1011 5716 accipiat
1037 5650 1272 5716 signum,
1308 5649 1372 5704 de
1395 5665 1501 5721 quo
1534 5652 1811 5724 inApoca-

222 5732 359 5806 lypsi
388 5732 625 5790 Joannes
652 5734 816 5809 406
844 5739 919 5792 ait
952 5757 964 5792 :
1017 5757 1033 5789 ι
1068 5738 1248 5796 Faciet
1279 5755 1466 5797 omnes
1505 5743 1725 5812 pusillos
1755 5755 1810 5802 ct

1924 4574 2177 4636 avellitis,
2214 4583 2272 4627 ut
2321 4574 2373 4626 in
2416 4571 2627 4626 lubrico
2658 4571 2827 4624 vestri
2860 4569 3065 4624 amoris
3113 4561 3518 4639 glutinog‘sull'o-

1921 4656 2077 4718 eetis.
2111 4663 2177 4716 Et
2202 4663 2342 4717 sicut
2369 4660 2750 4715 Madianitides
2781 4659 2882 4714 illa:
2923 4675 2952 4712 a
3002 4673 3060 4712 se
3103 4642 3359 4728 pellecti;
3383 4648 3518 4711 sua-

1923 4752 2124 4809 debant
2168 4751 2310 4808 idola
2361 4752 2568 4817 colere,
2617 4752 2698 4806 sic
2743 4760 2798 4806 et
2828 4766 2924 4805 vos
2965 4751 3101 4804 istos
3146 4760 3267 4818 post
3303 4747 3518 4817 signum

1921 4844 2104 4900 crucis
2149 4844 2476 4913 impressum
2525 4841 2927 4912 quodammodo
2971 4840 3160 4895 bestia
3195 4835 3527 4907 compellitis

1927 4934 2222 5004 imaginem
2275 4934 2528 4989 adorare.
2561 4933 2662 5001 Qui
2709 4931 2958 5002 profecto
3004 4930 3282 4984 vobiscum
3331 4925 3516 4992 simul,

1927 5024 2033 5079 nisi
2063 5023 2203 5078 forte
2232 5023 2585 5093 resipiscunt,
2615 5022 2746 5077 illud
2769 5019 3123 5092 Apocalypsis
3145 5017 3380 5088 elogium
3409 5031 3519 5071 non

1921 5113 2200 5168 evadunt:
2237 5133 2254 5166 ι
2287 5114 2345 5169 Si
2393 5115 2539 5184 quis,
2573 5114 2773 5184 inquit,
2825 5112 3135 5167 adoraverit
3169 5111 3401 5166 bestiam
3460 5116 3518 5163 et

1921 5202 2216 5276 imaginem
2261 5206 2398 5275 ejus,
2444 5214 2499 5258 et
2530 5205 2804 5274 acceperit
2843 5203 3219 5259 characterem
3252 5203 3304 5255 in
3335 5200 3515 5254 fronte

1921 5310 2043 5362 sua,
2076 5297 2254 5350 autin
2304 5311 2465 5350 manu
2504 5310 2620 5357 sua,
2670 5304 2725 5349 et
2771 5295 2861 5348 hic
2907 5292 3109 5348 biberit
3152 5292 3217 5346 de
3260 5292 3387 5345 vino
3418 5290 3516 5343 ira

1922 5384 2044 5450 Dei,
2076 5385 2220 5455 quod
2250 5386 2478 5442 mixtura
2512 5395 2597 5439 est
2626 5384 3143 5440 meroiucaliceirze
3166 5383 3358 5452 ipsius,
3390 5395 3516 5434 cru-

1917 5477 2154 5532 eiabitur
2177 5478 2228 5531 in
2258 5478 2380 5544 igne
2400 5486 2455 5532 et
2500 5477 2760 5546 sulphure
2791 5477 2842 5531 in
2869 5483 3161 5544 conspectu
3191 5473 3507 5544 angelorum

1912 5553 2259 5633 sanctorum,
2290 5577 2346 5640 et
2371 5578 2499 5622 ante
2522 5577 2871 5636 conspectum
2899 5565 3064 5637 Agni,
3098 5577 3153 5619 et
3188 5563 3368 5620 fumus
3400 5573 3514 5616 toro

1917 5667 2223 5713 mentorum
2269 5644 2458 5714 eorum
2497 5659 2754 5716 ascendet
2805 5659 2856 5712 in
2913 5657 3108 5712 StCCUIa
3163 5657 3510 5719 szeculorum,

1919 5764 2017 5803 nec
2060 5747 2328 5804 habebunt
2370 5748 2610 5819 requiem
2653 5747 2738 5805 die
2784 5762 2852 5805 ac
2899 5755 3059 5804 nocte
3089 5746 3273 5818 (Apoc.
3327 5744 3460 5814 ιιι).
3491 5761 3513 5797 ν
