5514 6566
2110 491 2207 545 611

2516 486 2573 542 8.
2612 485 2815 542 PETRI
2850 454 3127 541 DAMIi’tNl
3165 484 3311 540 OPP.
3368 480 3599 541 TOHUS
3634 479 3760 536 SEU
3800 478 3976 534 PARS
4015 479 4098 534 ΠΙ.
4140 510 4206 520 —-
4244 476 4603 535 OPUSCULA
4644 473 4869 529 VAlllA.

5224 475 5321 526 MS

2108 601 2277 655 Porro
2320 608 2494 653 autem
2519 600 2656 653 sicut
2688 601 2853 652 Adam
2904 602 3041 653 inter
3089 595 3288 652 omnta'
3313 596 3472 669 407
3517 611 3664 665 para.
3696 601 3739 654 Α
3769 594 3900 653 niat,
3934 608 4090 662 quam
4129 588 4416 644 immundis
4448 586 4761 641 mulieribus
4794 599 4889 653 per
4927 583 5138 651 Moysen
5187 574 5319 637 Deus

2112 692 2213 744 disi
2269 706 2439 758 poma,
2510 690 2635 742 illud
2705 690 2962 742 duntaxat
3020 690 3161 755 quod
3230 691 3671 758 Deus_ve:uerat

2114 780 2417 846 concupivit
2445 798 2456 829 :
2497 780 2573 829 sic
2605 794 2632 829 a
2661 778 2806 830 vobis
2835 794 2897 835 ex
2931 778 3178 830 universa
3210 754 3423 829 humani
3460 775 3670 843 generis

2114 869 2454 922 multitudine
2487 868 2558 919 illi
2588 868 2953 919 tantummodo
2980 876 3103 918 sunt
3135 868 3309 925 cleett.
3341 866 3429 931 qui
3462 866 3671 933 penitus

2116 958 2183 1010 ab
2209 956 2349 1008 omni
2381 956 2653 1007 muliebris
2684 954 2900 1007 allectus
2918 967 3038 1007 sunt
3070 954 3519 1008 confinderatione
3550 967 3673 1020 pro-

2115 1047 2292 1100 hibiti.
2324 1046 2424 1099 Per
2450 1062 2541 1097 vos
2580 1055 2767 1097 contra
2798 1055 2999 1099 turrem
3033 1046 3194 1098 David
3237 1045 3479 1096 miniasci
3508 1040 3673 1095 facies

2118 1136 2356 1196 dimicat,
2418 1135 2541 1185 dum
2604 1136 2851 1201 antiquus
2910 1135 3075 1187 hostis
3135 1148 3229 1200 per
3268 1148 3363 1184 vos
3424 1133 3674 1183 invadere

2115 1224 2379 1275 castitatis
2421 1225 2798 1277 ροςίετείιιδιιοιε
2840 1238 3092 1276 cacumen
3121 1222 3357 1274 anhelat.
3390 1220 3494 1273 Vos
3523 1222 3675 1291 plane

2116 1323 2221 1360 non
2270 1309 2555 1366 immerito.
2603 1308 2789 1371 fatear,
2836 1311 3082 1376 dipsades
3139 1310 3221 1361 vel
3254 1318 3509 1371 cerastes.
3557 1322 3673 1375 quin

2120 1396 2333 1449 rtiiseris
2370 1408 2422 1449 et
2468 1399 2692 1449 incautis
2746 1397 3051 1450 hominibus
3080 1398 3156 1450 sic
3186 1399 3499 1465 sanguinem
3534 1397 3673 1464 sugi-

2118 1487 2221 1546 tis,
2280 1495 2335 1538 ut
2394 1486 2586 1538 letbale
2640 1487 2784 1539 virus
2835 1502 3017 1539 eorum
3074 1488 3370 1539 visceribus
3418 1487 3669 1539 inlluatis.

2120 1573 2268 1628 Unde
2314 1576 2377 1626 ad
2426 1574 2633 1627 illarum
2679 1580 2958 1629 numerum
2998 1578 3349 1644 pertinentes,
3381 1578 3444 1629 de
3480 1578 3676 1642 quibus

2118 1662 2328 1731 Moyses
2358 1662 2719 1715 lz'raelitarum
2753 1665 3083 1732 principibus
3112 1666 3221 1717 ait:
3263 1684 3279 1713 ι
3312 1666 3415 1716 Cur
3448 1664 3677 1717 feminas

2118 1751 2470 1803 reservastis?
2522 1752 2703 1805 Nonne
2734 1753 2846 1805 ista:
2879 1764 2998 1806 sunt
3046 1769 3163 1821 qua:
3194 1754 3516 1821 decepcrunt
3542 1754 3677 1807 ldos

2125 1837 2290 1893 Israel
2320 1842 2384 1893 ad
2412 1843 2804 1910 suggestionem
2851 1844 3103 1907 Balaam,
3152 1855 3203 1895 et
3240 1847 3576 1912 pra-varicari
3610 1847 3679 1899 fe-

3772 684 4071 751 iniquitatis
4098 682 4238 733 ultm-
4273 682 4543 731 intentat:
4579 693 4595 724 ‹
4633 673 4744 735 llis.
4777 672 4969 739 inquit,
4995 671 5319 723 maledictio-

3772 774 3927 825 nibus
3971 770 4273 834 subjacebis
4319 783 4329 817 :
4378 768 4473 818 Det
4518 774 4566 817 te
4630 763 4765 814 Deus
4817 762 4865 812 in
4896 758 5317 811 maledictioneiu

3770 860 4178 927 exemplumque
4206 868 4519 910 cunctorum
4552 855 4601 906 in
4641 852 4832 921 populo
4860 866 4984 912 suo;
5016 860 5320 916 putrescere

3772 952 3931 1005 faciat
3960 950 4133 1003 femur
4161 962 4329 1007 tuum,
4355 957 4406 998 et
4437 957 4646 998 tumens
4668 951 4851 994 uterus
4882 952 5002 993 tuus
5026 941 5320 1005 disrumpa-

3774 1052 3876 1093 tur.
3912 1040 4278 1107 lngrediautnr
4318 1052 4467 1103 aqua:
4497 1034 4790 1086 maledicta:
4816 1030 4981 1100 508
5009 1032 5057 1080 in
5083 1038 5321 1079 ventrem

3775 1137 3940 1191 tuum,
3983 1138 4036 1178 et
4074 1135 4223 1177 utero
4254 1131 4585 1175 tumesceule
4626 1129 4895 1189 putrescat
4939 1117 5107 1169 lentur
5136 1114 5321 1183 (Nunt.

3774 1220 3853 1283 v).
3891 1235 3907 1263 ι
3946 1214 4244 1281 Perpendat
4284 1214 4468 1275 etiam,
4504 1211 4627 1277 quia
4660 1211 4770 1261 ha-c
4801 1206 5083 1260 delectatio
5111 1204 5284 1257 carnis
5308 1241 5320 1264 ,

3775 1320 3878 1373 qua
3931 1321 4069 1357 nunc
4103 1304 4321 1360 fruitur.
4379 1301 4520 1353 illam
4561 1302 4660 1353 sibi
4708 1299 4847 1367 parit
4890 1296 5322 1358 amaritudinem,

3775 1394 3839 1445 de
3867 1408 3970 1460 qua
4012 1394 4061 1444 in
4108 1392 4423 1459 Apocalypsi
4458 1390 4692 1443 Joannes
4737 1389 4847 1441 ait:
4885 1406 4900 1436 ι
4943 1387 5073 1451 Quia
5117 1384 5196 1444 hi,
5237 1382 5326 1451 qui

3778 1483 3921 1534 missi
3948 1492 4071 1533 sunt
4103 1482 4150 1533 in
4182 1490 4427 1548 stagnum
4461 1480 4597 1547 ignis
4627 1476 4885 1536 ardentis,
4918 1472 5335 1527 conimanducao

3778 1582 3965 1623 verunt
3991 1572 4200 1637 linguas
4230 1586 4355 1623 snas
4382 1585 4489 1637 pra:
4518 1568 4721 1629 dolore,
4753 1576 4806 1619 et
4830 1564 5331 1631 blasphemaverunt

3778 1662 3942 1716 Deum
3980 1663 4101 1715 creli
4131 1672 4183 1714 et
4226 1671 4380 1715 terrm
4410 1661 4462 1713 in
4500 1658 4771 1711 doloribus
4800 1665 4854 1709 et
4880 1653 5185 1707 vulneribus
5221 1651 5329 1704 suis

3781 1753 3963 1822 (Apoc.
3996 1754 4122 1819 xvi).
4160 1771 4176 1799 ι
4227 1752 4329 1803 Sed
4355 1764 4452 1818 ego
4483 1750 4607 1800 dum
4652 1745 5005 1815 productioris
5050 1741 5169 1810 styli
5198 1739 5329 1793 laci-

3791 1842 4121 1912 niatufugio,
4152 1843 4295 1894 velut
4333 1856 4394 1892 ex
4421 1854 4613 1909 magno
4638 1832 5207 1901 animositatisgnrgite
5244 1830 5331 1884 vix

2118 1939 2307 1981 cerunt
2340 1945 2433 1982 vos
2464 1933 2512 1983 in
2547 1932 2763 1983 Domino
2782 1946 2939 2000 super
2968 1945 3184 2001 peccato
3212 1934 3453 2001 Pliogor?
3486 1936 3675 1999 (Nam.
3711 1950 3753 2007 Β
3784 1944 3995 1987 tenuem
4044 1933 4327 1987 scintillam
4380 1932 4431 1984 in
4473 1932 4835 1999 iumentorum
4881 1926 5047 1978 austri
5093 1929 5331 1975 armenta

2123 2016 2293 2085 xm.)
2336 2038 2353 2067 ι
2392 2020 2565 2085 Ecqua
2609 2018 2747 2070 enim
2800 2023 2991 2073 mentis
3040 2022 3259 2074 audacia
3287 2040 3405 2074 ’μου
3455 2027 3676 2090 perhor-

2126 2108 2337 2161 rescitis
2379 2120 2712 2163 cnnttectare
2763 2128 2951 2167 manus
2989 2125 3334 2167 sacrosancto
3363 2120 3673 2181 chrismate,

2120 2197 2203 2249 vel
2228 2197 2342 2250 oleo
2367 2198 2648 2260 delibutas,
2676 2201 2785 2253 sive
2807 2203 2968 2255 etiam
2992 2204 3333 2271 evangelicis,
3364 2208 3440 2257 vel
3468 2216 3677 2273 aposto-

2122 2285 2243 2340 licis
2302 2288 2506 2356 paginis
2560 2293 2843 2345 aSSIte:as?
2909 2292 3046 2347 Dicit
3110 2296 3175 2348 de
3239 2298 3469 2365 maligno
3526 2298 3679 2352 hoste

2124 2379 2419 2450 Scriptura,
2449 2385 2569 2451 quia
2610 2400 2727 2439 esca
2759 2387 2875 2454 ejus
2918 2388 3107 2441 electa.
3151 2389 3251 2441 Per
3285 2406 3373 2440 vos
3405 2408 3531 2459 ergo
3564 2394 3681 2445 dia-

2129 2468 2283 2523 bolus
2311 2471 2530 2523 electam
2572 2486 2748 2525 escam
2780 2478 3021 2539 devorat,
3051 2477 3173 2529 dum
3218 2481 3486 2532 sanctima
3520 2497 3682 2533 incin-

2124 2559 2219 2612 bra
2269 2560 2546 2623 Ecclesiae,
2597 2566 2952 2632 suggestionis
3011 2582 3071 2619 ac
3118 2568 3491 2621 delectationis
3538 2572 3682 2622 velut

2125 2648 2405 2716 utriusque
2460 2651 2594 2703 mole
2647 2652 2895 2704 dentibus
2953 2657 3172 2719 atterit;
3238 2665 3293 2710 et
3362 2660 3486 2709 dum
3537 2661 3684 2713 vobis

2121 2735 2303 2805 jungit
2343 2753 2462 2801 eos,
2515 2739 2568 2791 in
2617 2756 2711 2793 sua
2760 2742 2964 2795 viscera
3015 2746 3165 2809 quasi
3215 2747 3524 2813 trajiciendo
3556 2766 3684 2803 con-

2123 2828 2304 2878 vertit.

2194 2913 2249 2967 ln
2281 2914 2515 2982 plenaria
2561 2918 2716 2986 plane
2772 2922 2973 2991 synodo
3013 2934 3211 2978 sancta:
3258 2930 3527 2981 memoria:-
3578 2930 3684 2986 Leo

2122 3016 2260 3071 papa
2302 3008 2571 3059 coostituit
2602 3049 2613 3069 ,
2660 3019 2715 3061 ut
2748 3025 3075 3082 quzecunque
3114 3016 3442 3069 datnnaoiles
3477 3019 3686 3072 feninae

2125 3091 2267 3145 intra
2303 3094 2536 3148 Romana
2584 3102 2777 3151 intenia
2818 3105 3181 3169 reperirentur
3209 3107 3533 3175 presbyteris
3563 3122 3687 3174 pro-

2126 3184 2343 3246 stituta},
2383 3198 2580 3241 cxtunc
2605 3200 2657 3241 et
2705 3193 2953 3261 deinceps
2984 3182 3329 3251 Lateranensi
3367 3200 3565 3265 palatio
3598 3203 3689 3253 ad-

3788 2026 4015 2078 distillo.

3850 2115 4125 2167 Postremo
4147 2123 4319 2165 tamen
4345 2112 4521 2165 audite
4545 2124 4644 2169 me,
4666 2104 4971 2173 muscipulae
4990 2102 5330 2162 clericorum,

3781 2208 3845 2267 si,
3870 2206 4007 2274 quod
4038 2207 4183 2257 vobis
4205 2205 4442 2257 clausum
4467 2210 4569 2265 est,
4594 2214 4816 2268 regnum
4841 2196 4997 2249 vultis
5021 2204 5335 2260 recuperare

3781 2298 4057 2353 coiturum,
4087 2294 4359 2361 repudiate
4381 2292 4698 2358 quantocius
4720 2286 5023 2340 detestanda
5044 2281 5335 2344 consortia,

3782 2396 3833 2439 et
3860 2386 3957 2438 sub
3987 2386 4158 2452 digna:
4186 2379 4566 2434 satisfactionis
4600 2392 4663 2430 ac
4708 2373 5029 2444 paenitentiae
5059 2385 5149 2423 vos
5175 2368 5339 2437 repri-

3786 2477 3913 2528 inite
3943 2474 4239 2540 tllStlplllla.
4276 2471 4459 2522 Veniat
4502 2468 4643 2520 inter
4691 2479 4783 2517 vos
4830 2470 5009 2515 sancta
5054 2456 5334 2518 discordia,

3785 2580 3903 2633 quae
3949 2564 4169 2615 suscitet
4229 2571 4283 2611 et
4329 2558 4584 2613 accendat
4620 2557 4671 2608 in
4733 2553 4884 2606 vobis
4931 2550 5179 2604 salutaris
5233 2545 5339 2599 odii

3787 2656 4053 2715 futtiilent;
4105 2663 4157 2704 et
4202 2651 4442 2703 odiosam
4475 2647 4582 2699 Deo
4614 2643 4775 2697 violet
4800 2641 5139 2695 charitatem.
5170 2634 5340 2688 Nolite

3785 2761 3911 2799 vasa
3938 2748 4044 2797 Deo
4074 2753 4280 2795 sacrata
4314 2742 4364 2792 in
4398 2753 4521 2791 vasa
4549 2733 4882 2789 contumelia:
4912 2740 5136 2782 vertere.
5170 2724 5339 2779 Nolite

3790 2839 3899 2889 lure
3949 2833 4189 2900 exemplo
4246 2831 4511 2883 Baltassar
4561 2826 4679 2879 usui
4728 2833 4918 2876 vestrm
4978 2814 5343 2872 delectationis

3788 2943 3855 2995 ap
3882 2941 3975 2978 are
4006 2925 4163 2991 (Dan.
4200 2921 4248 2988 κ)
4278 2961 4289 2981 ,
4317 2934 4384 2973 ne
4416 2925 4631 2985 repente
4665 2914 4810 2967 zelus
4847 2910 4938 2964 Dei
4968 2922 5123 2978 super
5164 2921 5257 2960 vos
5291 2903 5343 2957 in

3791 3018 4079 3070 iracundiie
4102 3029 4159 3065 se
4193 3012 4371 3065 furore
4396 3008 4686 3063 succendat
4708 3046 4721 3068 .
4754 3015 4807 3057 et
4838 3005 5076 3056 vibratus
5107 2998 5346 3067 indigna-

3794 3108 3956 3159 tionis
3988 3120 4096 3157 suae
4125 3103 4328 3172 gladius
4375 3110 4660 3165 utrumque
4694 3092 4983 3149 confodiat.
5025 3089 5154 3143 Novi
5201 3095 5345 3141 certe

3794 3205 4163 3272 presbyterum
4190 3240 4201 3259 ,
4228 3197 4317 3265 qui
4348 3194 4521 3263 pellici
4552 3206 4660 3245 sua:
4696 3186 4941 3243 morienti
5007 3198 5069 3238 ac
5118 3181 5347 3252 paruita-

2125 3274 2494 3343 iudicarentur
2525 3280 2748 3334 ancill:e.
2797 3282 2947 3348 Quod
2983 3286 3228 3338 videlicet
3259 3290 3493 3340 salutare
3523 3301 3686 3341 statu.
3719 3274 3760 3335 (ἶ
3795 3294 3972 3345 dinem
4003 3288 4258 3358 ﬂagitanti
4286 3286 4528 3337 districte
4568 3278 4864 3348 prohibuit,
4914 3286 5134 3341 seseque
5161 3288 5253 3339 pro
5284 3284 5347 3323 ea

2129 3373 2241 3419 tum
2272 3370 2537 3434 aequitatis
2577 3370 2904 3442 justitimqtte
2944 3377 3345 3443 plenissimum,
3401 3396 3497 3433 nos
3526 3382 3689 3434 erinn

2129 3468 2225 3523 per
2276 3469 2459 3509 omnes
2516 3457 2783 3512 Ecclesias
2831 3465 3227 3533 propagandum
3279 3482 3395 3519 esse
3455 3468 3692 3521 decerni-

2132 3560 2251 3597 mus
2310 3563 2321 3596 :
2372 3545 2931 3620 quatenus.percepto
2984 3556 3130 3622 prius
3182 3559 3489 3625 apostolica:
3548 3559 3693 3613 sedis

2128 3636 2323 3697 edicto,
2357 3640 2721 3709 unusquisque
2778 3645 3054 3712 episcopus
3100 3648 3350 3702 Eeclesim
3381 3666 3489 3703 sua:
3524 3652 3693 3704 vindi-

2129 3738 2217 3781 cet
2246 3728 2488 3793 fatnulas,
2520 3748 2651 3799 quas
2676 3736 2725 3787 in
2763 3752 2855 3788 sua
2884 3739 3134 3805 parochia
3168 3742 3567 3809 deprehenderit
3600 3759 3689 3795 sa-

2132 3818 2331 3887 crilega
2366 3825 2691 3892 presbyteris
2713 3827 3029 3883 adiniszione
3054 3832 3369 3885 substratus.
3403 3834 3693 3903 Equitatis

2135 3910 2492 3979 scilicetjure,
2521 3925 2571 3967 ut
2603 3934 2719 3985 qua:
2745 3921 2909 3974 Sacris
2953 3921 3207 3978 altaribus
3238 3928 3476 3993 rapuisse
3508 3942 3691 3980 servo-

2138 4011 2254 4051 rum
2291 4000 2379 4053 Dei
2410 4005 2800 4059 convincuntur
2836 4010 3148 4079 obsequium
3171 4054 3182 4072 ,
3215 4015 3341 4081 ipsa:
3375 4017 3475 4068 hoc
3503 4016 3692 4069 saltent

2136 4088 2387 4155 episcopo
2424 4106 2516 4158 per
2561 4095 2803 4149 diminuti
2844 4100 3035 4166 capitis
3080 4102 3160 4153 sui
3205 4104 3487 4171 suppleam
3526 4104 3695 4159 famu-

2139 4175 2324 4230 latum.
2352 4178 2453 4232 Sed
2479 4182 2600 4249 quid
2632 4198 2729 4254 ego
2762 4185 2980 4252 loquens
3010 4190 3159 4243 vobis
3197 4191 3332 4243 ultra
3361 4195 3697 4262 progrediar?

2139 4268 2317 4335 potius
2363 4270 2471 4335 ipse
2506 4271 2641 4326 Deus
2670 4276 3009 4342 omnipotens
3049 4279 3174 4346 quid
3226 4283 3373 4334 vobis
3404 4298 3499 4349 per
3542 4282 3696 4337 .let'c-

2144 4356 2303 4409 mium
2356 4358 2625 4427 loquatur,
2680 4367 2934 4419 attendite
2974 4384 2986 4419 :
3035 4386 3052 4417 ι
3099 4371 3322 4435 Audite,
3360 4373 3551 4438 inquit,
3586 4390 3699 4426 mu-

2147 4445 2326 4511 lieres,
2377 4452 2599 4504 vellunt
2649 4454 2885 4520 Domini,
2924 4466 2976 4510 et
3014 4472 3287 4513 assumant
3330 4478 3487 4515 aures
3513 4474 3700 4517 veslrze

2144 4550 2444 4592 sermonem
2490 4543 2600 4595 oris
2648 4545 2794 4597 mei:
2838 4551 3024 4602 docete
3072 4548 3207 4603 ﬁlias
3238 4562 3447 4606 vestras
3494 4552 3697 4608 lamen-

3793 3380 4120 3450 prstiterunt:
4166 3376 4339 3430 debita
4408 3374 4703 3425 soluturum
4753 3365 4991 3420 absolute
5048 3358 5348 3430 spepondit.

3794 3446 3885 3525 illa
3916 3477 4098 3535 utpote
4124 3463 4386 3517 sacerdoti
4417 3471 4467 3515 et
4518 3458 4709 3513 litteris
4732 3456 4938 3510 erudito
4966 3452 5163 3513 homini
5196 3446 5352 3502 facile

3793 3560 4043 3621 credidit,
4067 3557 4250 3622 sicque
4284 3570 4339 3605 se
4364 3553 4415 3603 in
4450 3560 4709 3603 tartarum
4731 3562 4849 3599 cum
4883 3556 5054 3596 massa
5085 3540 5371 3609 plumbea,.

3794 3666 3951 3721 quam
4005 3647 4295 3701 Zacharias
4344 3643 4601 3711 propheta
4648 3646 4873 3692 testatur
4912 3632 5196 3703 (Zach.v),
5248 3631 5350 3683 im-

3796 3740 3998 3793 mersit.
4042 3735 4303 3790 Subdolos
4334 3750 4460 3801 ergo
4484 3733 4825 3798 deceptores,
4851 3735 5101 3793 tanquam
5136 3735 5352 3789 serpen-

3798 3830 3961 3882 tiuum
3988 3828 4134 3879 virus
4162 3824 4406 3891 abjicite,
4434 3830 4489 3873 et
4519 3834 4615 3872 vos
4641 3817 4783 3870 velut
4823 3831 4852 3868 e
4878 3812 5113 3866 cruentis
5142 3810 5349 3863 leonum

3795 3918 4039 3971 dentibus
4078 3913 4191 3966 erui
4237 3911 4483 3963 festiaate

3866 4006 3971 4060 Nec
4001 4020 4097 4058 vos
4128 4011 4347 4061 terreat,
4373 3997 4512 4066 quod
4552 3995 4719 4058 forte,
4741 4009 4843 4049 non
4875 3993 5047 4047 dicam
5071 3988 5189 4044 ﬁdei
5215 4027 5231 4053 ,
5262 3986 5359 4042 sed

3795 4098 4031 4169 perﬁdia:
4068 4110 4161 4146 vos
4213 4093 4440 4146 annulus
4489 4088 4825 4143 snbarrhavit
4862 4104 4875 4139 :
4908 4083 5048 4153 quod
5124 4091 5238 4135 rata
5304 4084 5357 4133 et

3797 4192 4124 4242 monimenta
4170 4183 4365 4235 dotalia
4399 4181 4640 4233 notarius
4677 4178 4827 4246 quasi
4876 4172 5197 4229 matrimonii
5236 4170 5357 4238 jure

3799 4276 4148 4345 conscripsit;
4197 4273 4337 4340 quod
4404 4271 4765 4339 jurameutum
4813 4267 4877 4319 ad
4943 4262 5365 4323 continuandam

3799 4364 4195 4439 quodaminodo
4231 4360 4457 4428 conjugii
4508 4357 4749 4427 copulam
4792 4355 5039 4421 utrinque
5080 4352 5355 4421 processit.

3800 4436 3990 4515 'l'otum
4026 4458 4127 4511 hoc
4152 4496 4166 4519 ,
4201 4455 4341 4523 quod
4382 4451 4629 4504 videlicet
4672 4448 4806 4517 apud
4840 4445 4974 4497 alios
5013 4451 5095 4496 est
5132 4436 5361 4507 coniugii

3768 4537 4221 4608 'ftrmauientum,
4263 4546 4401 4597 inter
4442 4558 4536 4596 vos
4577 4557 4771 4593 vanum
4814 4540 5082 4605 pidicatur
5115 4542 5169 4585 et
5200 4530 5360 4585 frivo-

2142 4631 2276 4687 tum.
2302 4637 2355 4681 et
2382 4646 2710 4702 unaquaeque
2744 4637 3040 4702 proximam
3068 4655 3217 4692 suam
3249 4642 3546 4708 planctum,
3572 4645 3696 4712 quia
3730 4619 3774 4675 ί)
3806 4645 3930 4695 lum.
3966 4641 4098 4693 Nam
4131 4652 4251 4691 cunt
4280 4635 4556 4701 Scriptura
4582 4634 4724 4685 dicat
4763 4648 4775 4682 :
4816 4650 4831 4678 ι
4866 4629 4909 4681 Α
4942 4628 5049 4681 Deo
5071 4625 5227 4678 datur
5251 4621 5363 4674 viro

2144 4720 2385 4773 ascendit
2434 4737 2576 4775 mors
2617 4740 2710 4792 per
2756 4728 3019 4782 fenestras
3072 4741 3293 4793 vestras,
3349 4733 3585 4801 ingressa
3618 4747 3701 4789 est

2150 4808 2337 4867 domos
2367 4826 2593 4880 vestras,
2626 4819 2925 4888 dispergere
2948 4823 3193 4887 parvulos
3213 4826 3275 4879 de
3302 4825 3451 4890 foris,
3475 4826 3701 4892 juvenes

2153 4902 2217 4956 de
2239 4903 2442 4972 plateis.
2478 4907 2541 4959 Et
2566 4909 2720 4961 cadet
2742 4913 3079 4965 morticinum
3109 4915 3358 4975 hominis.
3384 4919 3535 4983 quasi
3560 4928 3693 4972 ster-

2148 5006 2278 5049 cus.
2318 5010 2475 5063 super
2505 4997 2693 5050 facietn
2743 5003 2997 5067 regionis.
3039 5014 3091 5056 et
3134 5006 3283 5072 quasi
3333 5005 3533 5059 fmnum
3585 5019 3704 5073 post

2150 5088 2360 5168 tergum
2389 5089 2660 5150 meientis,
2692 5098 2742 5142 et
2787 5106 2888 5144 non
2918 5104 3000 5145 est
3028 5094 3115 5161 qui
3146 5095 3361 5163 Colligat
3396 5094 3530 5163 (Jer.
3562 5098 3655 5167 tv).
3683 5118 3701 5148 ι

2149 5169 2259 5223 lmo
2306 5172 2488 5226 audiat
2533 5192 2858 5247 unaquaeque
2899 5183 3025 5249 quid
3054 5182 3153 5235 sibi
3185 5200 3278 5250 per
3301 5187 3547 5238 euunlem
3585 5202 3705 5254 pro-

2149 5261 2365 5328 phetam
2410 5264 2544 5316 idem
2592 5266 2844 5322 Dominus
2893 5272 3234 5339 singulariter
3274 5275 3458 5325 dicat:
3498 5293 3516 5323 ‹
3572 5276 3706 5340 Quia

2150 5352 2313 5403 oblita
2346 5366 2403 5405 es
2441 5354 2559 5416 mei,
2591 5364 2643 5406 et
2667 5357 2862 5409 conlisa
2888 5374 2945 5412 es
2978 5362 3028 5411 in
3062 5364 3361 5425 mendacio,
3401 5372 3451 5416 et
3483 5379 3581 5431 ego
3610 5380 3702 5416 nu-

2154 5441 2273 5493 davi
2305 5441 2503 5496 leuiora
2558 5454 2645 5497 tua
2691 5457 2873 5499 contra
2917 5448 3103 5503 faciem
3154 5462 3318 5514 tuam,
3375 5464 3427 5505 et
3459 5454 3710 5522 apparuit

2156 5530 2441 5600 ignominia
2468 5546 2578 5600 tua,
2604 5539 2863 5593 adulteria
2890 5551 2996 5603 tua,
3028 5551 3081 5595 et
3101 5543 3336 5597 hinnitus
3368 5554 3510 5607 tuus,
3536 5545 3714 5598 scelus

2160 5619 2532 5679 fornicationis
2572 5639 2669 5681 tuae
2699 5644 2858 5697 super
2888 5633 3083 5693 colles,
3121 5634 3169 5685 in
3199 5649 3324 5704 agro
3362 5636 3463 5689 vidi
3508 5636 3715 5689 abomi-

2160 5718 2402 5773 nationes
2438 5731 2553 5776 tuas
2591 5723 2722 5793 (λεν.
2751 5727 2885 5797 xm).
2913 5746 2929 5778 ι
2956 5728 3165 5782 Timeat
3188 5730 3399 5797 itaque,
3433 5747 3485 5784 et
3516 5729 3716 5784 medul-

2164 5804 2291 5861 litus
2312 5811 2711 5878 contretniscat,
2744 5831 2807 5869 ue
2839 5832 2997 5883 super
3028 5831 3150 5874 eam
3182 5816 3270 5874 illa
3298 5817 3596 5876 maledictio
3624 5832 3712 5873 ve-

3808 4749 3943 4787 uxor
3965 4728 4143 4797 (l’rov.
4168 4727 4309 4796 xu):
4337 4721 4689 4777 retDouiinus
4712 4716 5063 4785 inEvangelio
5088 4731 5101 4767 :
5134 4730 5152 4763 ι
5181 4711 5367 4767 Omnis

3809 4825 3991 4880 arbor.
4041 4834 4197 4886 quam
4251 4830 4355 4867 non
4393 4811 4652 4881 plantavit
4697 4808 4855 4861 Pater
4895 4819 5043 4860 meus
5091 4800 5363 4861 caelestis,

3810 4910 4173 4968 eradicaliitnr
4207 4905 4417 4973 (Matth.
4463 4902 4582 4970 xv):
4626 4921 4643 4953 ι
4678 4899 4820 4953 ιιιιΙΙο
4848 4895 5154 4951 stabilitatis
5179 4892 5364 4945 nititur

3812 5002 4156 5055 fundamento
4202 4995 4341 5063 quod
4388 4990 4770 5061 omnipotentis
4811 4988 4900 5041 Dei
4946 4986 5233 5038 reluctatur
5266 4980 5364 5032 iut-

3810 5091 3978 5161 perio.
4014 5089 4066 5142 ln
4091 5102 4183 5139 vos
4212 5085 4407 5151 quippe
4445 5082 4722 5141 redundat,
4753 5079 4891 5147 quod
4925 5075 5085 5127 Isaias
5110 5069 5365 5140 propheta

3809 5182 4088 5236 denuntiat
4126 5193 4139 5231 :
4186 5178 4289 5230 Pro
4326 5192 4417 5235 eo,
4449 5174 4619 5241 inquit
4645 5213 4657 5229 .
4687 5173 4821 5241 quod
4862 5170 5067 5223 elevata:
5100 5174 5217 5217 sunt
5245 5162 5367 5230 ﬁlia

3812 5273 3959 5336 Sion,
3984 5283 4028 5323 et
4079 5267 4468 5322 antbulaverunt
4513 5273 4714 5316 extento
4743 5260 4873 5313 collo
4898 5301 4911 5323 ,
4946 5268 4991 5310 et
5020 5255 5221 5307 nutibus
5250 5266 5370 5303 ocu-

3812 5362 3978 5413 lorum
4016 5360 4177 5418 ibunt,
4213 5366 4257 5408 et
4287 5353 4621 5423 plaudebant,
4649 5349 4979 5405 ambulabant
5009 5344 5217 5412 pedibus
5241 5339 5379 5399 suis,

3812 5460 3855 5501 et
3885 5448 4163 5515 composito
4215 5443 4377 5512 gradu
4429 5440 4766 5500 incedebant,
4811 5434 5092 5488 deralrubit
5123 5429 5367 5482 Dominus

3811 5540 4046 5591 verticem
4092 5536 4324 5604 ﬁliarum
4380 5530 4506 5604 Sion
4534 5572 4547 5595 ,
4580 5540 4625 5582 et
4657 5528 4908 5581 Dominus
4958 5526 5147 5577 crinem
5192 5534 5366 5573 eorum

3812 5630 4045 5681 nudabit.
4084 5601 4148 5679 lu
4196 5625 4280 5676 die
4328 5622 4419 5676 illa
4456 5601 4664 5689 .nuferet
4718 5618 4968 5671 Dominus
5016 5620 5370 5665 ornamentum

3812 5724 4300 5783 calceamentorum,
4327 5727 4371 5771 et
4396 5717 4625 5775 lnnulas.
4650 5724 4696 5767 et
4727 5724 4929 5781 torque:
4948 5750 4960 5771 .
4984 5720 5029 5763 et
5059 5706 5298 5761 monilia.
5324 5712 5367 5756 et

3816 5813 4072 5882 armillas,
4101 5822 4147 5868 et
4172 5812 4377 5875 mitras,
4401 5818 4446 5861 et
4470 5805 4869 5871 discriminatis,
4890 5811 4937 5858 et
4962 5798 5305 5859 periscelides.
5327 5804 5369 5849 et
