5514 6640
570 406 671 465 ιιε

1244 408 1482 470 OPUSC.
1525 411 1709 469 XVI".
1755 438 1815 454 οε
1852 412 2146 471 (ΣΟΝΤΒΑ.
2172 414 2756 480 INTEMPERANTES
2806 427 3161 487 CLERICOS.

3738 441 3845 501 ιιι

576 522 899 587 murenutas,
921 533 970 578 et
992 524 1315 592 olfacto'riola
1335 566 1347 588 ,
1380 534 1427 578 et
1450 524 1660 579 inaures
1685 566 1699 590 ,
1729 541 1774 579 et
1813 525 2037 579 animlos
2063 565 2076 591 ,
2105 538 2154 579 ει
2187 534 2229 591 Α
2260 534 2495 590 edictum
2555 540 2751 595 δῖνοι-ει

1685 566 1699 590 ,
1729 541 1774 621 et
1813 525 2037 621 tinnulos
2063 565 2076 591 .
2105 538 2154 579 ει
2187 534 2229 591 Α
2260 534 2495 590 edictum
2555 540 2827 597 diversum
2897 546 2948 598 in
3012 550 3227 604 sacculo
3286 553 3494 621 pondus
3551 556 3848 615 habemus?

578 629 802 682 gemmas
826 615 877 666 in
908 614 1075 681 fronte
1102 613 1401 679 pendentes,
1430 624 1477 668 et
1500 616 1803 677 mutatoria,
1829 626 1874 668 et
1898 613 2080 683 pallia,
2108 626 2155 668 et

577 704 905 766 linteamina,
929 716 972 756 et
996 720 1139 763 acus,
1157 714 1201 755 et
1230 705 1458 772 specula,
1475 715 1519 756 et
1537 706 1803 767 simlanes,
1829 715 1876 757 et
1908 706 2059 757 uittas
2078 746 2090 765 ,
2108 714 2157 757 et

577 796 821 847 theristra
846 806 868 845 .'
892 803 939 846 et
969 794 1064 846 erit
1090 811 1181 862 pro
1203 797 1350 846 suavi
1378 795 1534 846 odore
1554 795 1704 862 fetor,
1726 806 1771 846 et
1802 812 1895 863 pro
1922 812 2052 847 zona
2075 798 2159 863 fu-

578 885 799 946 niculus,
826 894 872 936 et
897 902 989 951 pro
1020 886 1271 953 crispanti
1294 886 1433 938 crine
1459 886 1722 937 calt'itium
1742 928 1753 947 ,
1787 896 1833 938 et
1865 902 1957 952 pro
1989 886 2156 950 {ascia

574 974 827 1040 νέαισι-(ιίὲ
861 974 1124 1035 cilicium;
1152 973 1487 1038 pulcherrimi
1516 990 1718 1041 quoque
1748 975 1841 1025 viri
1870 975 1943 1024 tui
1981 973 2154 1041 gladio

576 1062 782 1123 cadent,
818 1071 864 1113 et
896 1062 1053 1129 fortes
1084 1062 1161 1113 tui
1195 1062 1245 1113 in
1268 1062 1449 1129 prwlio
1476 1062 1607 1127 (lsa.
1642 1065 1744 1130 ιιι).
1784 1062 1935 1116 Unde
1967 1078 2032 1115 ne
2063 1078 2157 1115 vos

573 1150 739 1220 409
782 1166 901 1203 cum
948 1152 1110 1210 viris,
1157 1167 1289 1220 quos
1336 1152 1727 1219 pulcherrimos
1779 1152 2155 1215 arbitramini,

575 1240 741 1292 divini
786 1239 983 1292 furoris
1029 1241 1202 1310 gladio
1247 1242 1529 1297 corruatis,
1570 1251 1781 1293 extenta
1822 1241 1957 1294 colla
1995 1243 2157 1308 depo-

574 1331 703 1390 nite.
735 1332 1012 1385 oculorum
1068 1341 1225 1383 nutus
1258 1340 1309 1383 et
1342 1332 1558 1399 plausus
1589 1332 1822 1397 atjicite,
1851 1331 2006 1396 eique
2040 1346 2155 1395 vos,

574 1421 665 1488 qui
698 1421 835 1473 ultor
878 1430 961 1473 est
995 1421 1302 1483 criminum,
1354 1421 1627 1473 humiliter
1658 1421 1953 1488 subjugate.
1990 1419 2157 1472 Porro

574 1511 618 1564 si
645 1512 708 1563 ad
737 1510 902 1563 Deum
930 1510 1087 1563 vultis
1118 1512 1449 1563 incunctanti
1486 1512 1584 1564 lide
1610 1526 1909 1573 recurrere,
1944 1511 2155 1579 plenam

572 1602 727 1654 vobis
756 1612 971 1670 paratus
999 1612 1082 1655 est
1114 1603 1322 1654 veniam
1361 1602 1637 1669 indulgere
1667 1620 1677 1653 :
1713 1618 1832 1654 cum
1866 1600 2153 1655 fornicanti

574 1692 799 1745 cuilibet
828 1694 1019 1746 anima:
1051 1710 1147 1762 per
1179 1696 1493 1761 prophetam
1526 1695 1709 1747 dicat:
1756 1713 1772 1744 ε
1812 1692 1865 1747 Si
1902 1696 2158 1746 recedens

574 1783 766 1837 mulier
790 1785 939 1836 duxit
966 1786 1142 1835 virum
1173 1784 1421 1847 alterum,
1454 1785 1692 1853 nunquid
1723 1784 1806 1834 vir
1832 1786 1948 1851 ejus
1980 1801 2158 1839 rever-

573 1880 719 1926 tetur
750 1874 814 1924 ad
847 1888 966 1926 eam
1000 1873 1175 1925 ultra?
1206 1874 1451 1942 Nunquid
1485 1890 1589 1927 non
1622 1874 1839 1942 polluta,
1888 1886 1940 1927 et
1976 1886 2153 1928 conta-
2188 1892 2227 1948 Β

571 1964 774 2017 minata
808 1965 1154 2033 deputabitur
1185 1966 1377 2020 mulier
1404 1967 1489 2018 illa
1520 1985 1531 2018 :
1567 1966 1641 2019 Tu
1674 1978 1855 2020 autem
1886 1969 2153 2021 contami-

571 2065 701 2109 nata
753 2072 811 2109 es
856 2072 975 2109 cum
1013 2056 1343 2111 amatoribus
1379 2058 1599 2110 multis:
1650 2067 1827 2110 tamen
1884 2070 2154 2113 revertere

571 2146 640 2198 ad
686 2162 790 2207 me,
822 2147 950 2200 dicit
980 2146 1237 2200 Dominus
1275 2146 1405 2215 (Jer.
1457 2148 1559 2215 ιιι).
1598 2166 1613 2197 ι
1663 2146 1808 2201 Felix
1858 2149 1960 2201 tale
2008 2164 2154 2201 com-

573 2235 870 2295 mercium.
930 2236 1055 2304 quia
1109 2251 1226 2289 cum
1278 2237 1575 2303 impudicos
1624 2236 1851 2289 clericos
1897 2252 1925 2288 a
1975 2246 2153 2291 vestra

573 2325 917 2394 copulatione
952 2327 1225 2391 tlivcllitis,
1266 2327 1645 2395 plaudentibus
1679 2328 1883 2393 angelis
1918 2328 2157 2382 ccelestis

573 2416 758 2481 sponsi
793 2415 1052 2468 thalamos
1086 2417 1339 2469 introitis.
1370 2433 1387 2465 ‹
1410 2415 1675 2469 Gaudium
1698 2427 1779 2468 est
1809 2435 1825 2465 ι
1854 2417 1995 2469 enim
2030 2435 2046 2466 ι
2078 2417 2156 2470 eis

497 2539 513 2556 .
573 2518 740 2572 super
781 2516 1062 2573 peccatore
1092 2507 1465 2575 pmnitentiam
1499 2516 1691 2575 agente
1716 2505 1865 2576 (Luc.
1896 2509 2006 2576 xv).
2040 2527 2055 2557 ι
2092 2508 2159 2560 Et

574 2608 672 2663 per
709 2596 1023 2663 prophetam
1052 2614 1063 2647 :
1102 2615 1117 2646 ι
1152 2596 1498 2650 Revertimini
1528 2597 1595 2649 ad
1629 2611 1731 2658 me,
1769 2607 1822 2649 et
1844 2612 1945 2666 ego
1980 2613 2159 2651 rever-

577 2692 662 2738 tar
693 2685 760 2739 ad
793 2701 904 2749 vos,
931 2686 1059 2740 dicit
1092 2687 1347 2740 Dominus
1379 2685 1633 2755 (Malach.
1671 2685 1778 2755 ιιι).
1813 2703 1853 2737 ι·

576 2772 711 2829 CAP.
778 2773 904 2827 ιτιιι.
950 2803 1018 2815 —-—
1061 2776 1212 2847 Quod
1254 2778 1296 2827 is
1344 2776 1633 2847 culpandus
1679 2778 1768 2841 sit,
1814 2778 1904 2846 qui
1948 2777 2159 2847 uegligit

1031 2845 1306 2899 emendare
1335 2846 1472 2913 quod
1512 2854 1699 2913 potest.

647 2934 756 2989 Sed
797 2944 855 2989 ut
902 2938 967 2991 ad
1012 2952 1159 3001 eum,
1205 2938 1287 2991 cui
1334 2950 1545 3007 emptus
1591 2947 1694 3001 est,
1729 2937 1850 3008 s:yh
1892 2940 2161 2994 currentis

577 3023 886 3079 reﬂectatnr
911 3027 1186 3090 articulus,
1215 3042 1335 3080 cum
1368 3028 1657 3097 apostolica
1684 3029 1753 3081 sit
1780 3030 1867 3081 illa
1892 3031 2173 3082 sententia

576 3131 681 3183 qua
716 3116 952 3168 dicitur:
992 3133 1009 3165 ι
1044 3116 1176 3181 Quia
1210 3133 1311 3168 non
1340 3118 1496 3169 modo
1527 3117 1647 3170 talia
1684 3117 2029 3180 facientibus,
2065 3122 2158 3173 sed

576 3214 627 3257 et
681 3206 1146 3259 consentientibus
1190 3222 1285 3274 par
1326 3220 1483 3274 pceua
1529 3208 1759 3260 debetur
1810 3208 1983 3276 (Rom.
2022 3213 2095 3279 t);
2136 3229 2151 3261 ι

576 3294 732 3348 valde
761 3296 855 3348 tibi
880 3295 1173 3353 cavendum
1197 3308 1294 3358 est,
1318 3297 1640 3350 venerabilis
1663 3307 1831 3365 pater,
1859 3299 1946 3363 qui
1976 3315 2160 3366 quam-

579 3384 658 3437 vis
684 3384 1030 3453 temetipsum
1060 3386 1299 3453 praebeas
1328 3387 1603 3439 vernantis
1630 3387 1899 3454 pudicitia‘
1922 3386 2159 3441 candore

577 3473 950 3542 conspicuum,
983 3474 1248 3541 permittis
1282 3485 1479 3540 tamen,
1521 3484 1579 3528 ut
1624 3476 1677 3528 in
1714 3476 1857 3529 clero
1888 3487 1995 3542 :uo,
2038 3486 2159 3530 tan-

578 3578 737 3631 quam
782 3574 1003 3617 crucnta
1037 3563 1121 3616 illa
1161 3563 1401 3627 Jezabel,
1432 3566 1675 3619 obtineat
1707 3566 1915 3619 luxuria
1960 3567 2161 3637 princi-

579 3663 800 3719 patum;
836 3655 899 3705 de
928 3669 1029 3721 qua
1064 3654 1316 3707 nimirum
1367 3656 1559 3725 angelo
1588 3644 1857 3726 Thyatira:
1906 3658 2159 3713 Ecclesiae

576 3739 778 3794 dicitur
805 3760 816 3792 :
849 3760 865 3790 ι
894 3742 1074 3795 Habeo
1095 3742 1377 3795 adversum
1409 3752 1458 3795 te
1481 3760 1648 3811 pauca
1678 3763 1691 3796 :
1724 3745 1864 3811 quod
1893 3746 2163 3814 permittis

579 3836 862 3890 mulierem
893 3832 1129 3899 chabel,
1158 3850 1276 3902 quin
1317 3850 1373 3889 se
1404 3835 1533 3888 dicit
1566 3837 1904 3903 prophetam,
1945 3840 2157 3901 docere,

576 3935 628 3980 et
655 3925 872 3980 seducis
895 3939 1077 3978 servos
1100 3939 1246 3978 meos
1271 3924 1519 3977 fornicari
1547 3926 1729 3995 (Apoc.
1758 3926 1835 3997 ιι).
1873 3947 1888 3977 ι
1918 3927 2160 3981 Antheu-

578 4015 680 4069 tica
717 4022 868 4069 certe
910 4024 994 4067 est
1044 4013 1128 4066 illa
1183 4018 1471 4079 sententia,
1515 4031 1620 4085 qua
1667 4018 1862 4070 dicitur
1898 4035 1909 4071 :
1958 4038 1974 4069 ι
2010 4020 2159 4073 Facti

578 4107 790 4175 culpam
818 4104 997 4169 habet,
1026 4106 1115 4173 qui
1143 4106 1282 4170 quod
1333 4116 1507 4175 potest
1537 4108 1757 4177 negligit
1782 4112 2091 4168 emendare.
2134 4132 2150 4161 ι

579 4196 715 4261 Quid
760 4197 905 4248 enim
947 4196 1141 4262 profuit
1184 4194 1319 4257 Heli,
1346 4198 1468 4265 quia
1508 4198 1559 4249 in
1606 4198 1870 4252 luxuriam
1912 4201 2024 4268 ipse
2054 4216 2157 4255 non

577 4285 803 4347 corruit,
850 4284 942 4337 sed
989 4285 1319 4339 fornicantes
1363 4287 1499 4340 lilios
1531 4300 1751 4355 paterna
1794 4290 2008 4357 quidem
2048 4292 2158 4359 pie-

580 4384 711 4438 tate,
758 4390 865 4429 non
910 4385 1086 4429 autem
1136 4378 1453 4431 sacerdotali
1493 4381 1815 4433 auctoritate
1861 4383 2159 4451 corripuit?

578 4464 628 4531 (Ι
661 4464 787 4536 Reg.
824 4465 911 4527 tt.)
942 4466 1100 4535 Lege,
1131 4480 1305 4535 pater,
1334 4470 1636 4537 epistolam,
1664 4487 1822 4539 quam
1854 4474 1918 4525 de
1951 4475 2156 4540 episco-

2266 646 2283 677 ‹
2323 628 2436 681 Non
2487 632 2733 697 habebis,
2783 639 2953 705 inquit
2998 640 3230 711 Moyses,
3279 646 3329 699 in
3370 650 3585 701 sacculo
3629 652 3844 706 diversa

2260 721 2522 786 pondera,
2556 724 2726 789 majus
2754 735 2806 777 et
2840 730 3017 781 minus
3045 749 3055 783 :
3090 748 3185 787 nec
3215 737 3318 788 erit
3352 738 3401 789 in
3434 738 3594 791 domo
3625 748 3709 793 tua
3739 759 3846 795 mo.

2261 809 2379 861 dius
2428 810 2600 879 major
2629 824 2683 867 et
2718 817 2894 870 minor
2938 818 3116 881 (Deut.
3152 827 3296 894 xxv).
3335 846 3351 877 ι
3405 828 3487 881 Au
3547 838 3600 882 et
3658 834 3847 886 adver-

2261 914 2351 951 sus
2393 901 2737 972 Evangelium
2785 907 2950 979 410
2992 912 3254 977 facimus,
3300 918 3523 972 culiCem
3581 910 3848 990 liquantes

2259 1002 2313 1044 et
2344 995 2603 1046 camelum
2628 997 2955 1065 glutientrs?
2978 1002 3190 1071 (Matth.
3216 1014 3395 1077 xxvii.)
3423 1008 3623 1078 Nempe.
3644 1025 3847 1079 quanto

2260 1082 2431 1149 major
2457 1097 2537 1137 cst
2580 1089 2860 1158 presbyter
2892 1096 3154 1147 monacho
3189 1096 3239 1149 in
3273 1099 3547 1167 dignitatis
3589 1105 3847 1158 ecclesia-

2259 1174 2410 1225 stica:
2457 1176 2757 1245 privilegio,
2794 1190 2945 1234 tanto
2975 1184 3215 1237 deterior
3242 1201 3323 1241 est
3358 1190 3406 1242 iu
3440 1203 3681 1259 peccato.
3714 1196 3844 1249 Nam

2260 1278 2380 1316 cum
2416 1270 2693 1320 monachis
2720 1272 2783 1321 de
2818 1274 3013 1341 populo
3049 1275 3120 1328 ttil
3152 1280 3440 1342 pertineat.
3473 1286 3848 1344 sacerdotibus

2250 1351 2460 1418 jmsutu
2496 1367 2576 1408 cst
2604 1361 2782 1425 populi
2821 1374 3038 1426 peccata
3086 1375 3328 1433 portare.
3363 1369 3511 1423 Sicut
3546 1372 3753 1441 Moyses
3780 1374 3848 1428 ad

2260 1446 2438 1499 Aaron
2475 1450 2602 1502 dicit
2638 1469 2649 1503 :
2690 1472 2706 1500 ι
2738 1454 2845 1504 (iur
2878 1471 2983 1506 non
3020 1458 3335 1513 comedistis
3370 1462 3599 1514 hostiam
3646 1466 3695 1516 in
3728 1464 3852 1518 loco
3884 1492 3892 1497 -

2262 1547 2471 1595 Sancto,
2500 1540 2589 1606 qui
2622 1553 2932 1598 sanctorum
2962 1557 3065 1607 est,
3096 1558 3149 1600 et
3178 1550 3299 1602 data
3333 1563 3414 1604 est
3442 1552 3612 1615 vobis,
3644 1564 3700 1606 ut
3727 1571 3849 1624 por-

2265 1627 2385 1677 tetis
2426 1630 2761 1697 iniquitatem
2809 1634 3189 1700 multitudinis,
3236 1648 3288 1692 et
3336 1642 3533 1709 rogetis
3564 1658 3661 1711 pro
3694 1658 3755 1696 ea
3790 1644 3844 1697 in

2262 1733 2551 1785 conspccm
2588 1720 2831 1774 Domini?
2862 1743 2877 1773 ι
2918 1722 3098 1785 (Lavit.
3122 1726 3199 1794 Χ.)
3232 1727 3371 1781 Sane
3409 1734 3680 1797 quomodo
3704 1749 3847 1787 nunc

2264 1811 2437 1861 aliena
2468 1822 2690 1877 possunt
2724 1824 2943 1881 peccata
2979 1825 3212 1883 portare,
3245 1820 3499 1886 quoniam
3528 1821 3670 1874 oculi
3704 1836 3849 1876 scm-

2262 1914 2353 1969 per
2397 1903 2682 1957 intendunt
2724 1907 2790 1959 ad
2838 1916 3021 1961 uteros
3074 1918 3343 1965 tumentes
3412 1922 3466 1966 et
3511 1928 3707 1982 pueros
3756 1930 3851 1969 va-

2258 1993 2378 2059 gcn
2390 2003 2466 2046 tes
2479 1993 2501 2045 ?

2331 2082 2434 2135 Sed
2482 2085 2607 2153 quia
2662 2087 2902 2140 nonnulli
2949 2103 3134 2143 eorum
3182 2100 3335 2151 sunt,
3393 2093 3484 2159 qui
3532 2095 3656 2148 dum
3705 2096 3847 2151 mala

2259 2177 2628 2240 Committunt,
2656 2180 2817 2233 etiam
2851 2182 3077 2251 viperiui
3107 2184 3373 2251 drgmatis
3406 2186 3518 2239 lucc
3548 2188 3850 2243 assertione

2261 2264 2576 2328 defendunt,
2616 2284 2721 2320 non
2767 2269 3037 2337 ignorent,
3085 2273 3341 2340 quoniam
3385 2275 3705 2329 damnabilis
3738 2278 3850 2331 hae-

2264 2372 2445 2409 reseos
2478 2358 2684 2425 laqueis
2730 2359 3094 2415 innectuntur.
3139 2362 3238 2429 Qui
3272 2365 3525 2418 nimirqu
3558 2368 3681 2421 dum
3722 2384 3851 2421 cor-

2262 2456 2442 2517 ruunt,
2472 2449 2757 2518 impudici;
2786 2438 2907 2504 dum
2933 2452 3223 2507 defendere
3250 2454 3510 2516 nituntur,
3544 2458 3735 2511 merito
3762 2456 3853 2525 ju-

2261 2537 2511 2591 dicantur
2534 2540 2797 2593 lucretici.
2834 2539 2982 2596 Unde
3010 2552 3065 2597 et
3096 2542 3278 2596 clerici
3314 2547 3528 2599 uxorati
3571 2544 3851 2604 Nicolaita:

2262 2642 2541 2692 vocantur,
2594 2634 2849 2699 quoniam
2902 2649 2931 2685 a
2978 2634 3213 2701 quodam
3273 2633 3515 2695 Nicolao,
3566 2637 3654 2703 qui
3710 2637 3853 2691 hanc

2261 2722 2646 2791 dogmatizavit
2696 2722 2963 2785 haeresim,
3008 2722 3311 2789 huiusmodi
3364 2724 3683 2778 vocabulum
3729 2740 3852 2777 sor-

2264 2813 2485 2865 tiuntur.
2517 2812 2621 2865 Sed
2653 2829 2795 2867 nunc
2820 2813 3052 2876 accedit,
3079 2802 3135 2865 ut
3161 2814 3263 2867 hoc
3294 2814 3502 2881 insigne
3528 2815 3847 2869 vocabulum

2263 2919 2480 2967 novum,
2512 2906 2554 2959 si
2588 2904 2903 2975 prmvaleut,
2944 2905 3177 2973 accipiat
3208 2906 3600 2959 incrementum
3630 2925 3642 2959 :
3671 2916 3727 2959 ut
3756 2907 3849 2975 qui

2264 2997 2527 3049 hactenus
2576 2997 2702 3050 dicti
2749 3006 2875 3049 sunt
2912 2994 3211 3059 Nicolaiue,
3255 2998 3450 3051 amodo
3497 3008 3758 3052 vocentur
3798 3006 3853 3052 et

2262 3085 2574 3139 Cadaloitce.
2611 3086 2845 3154 Sperant
2876 3088 3044 3150 enim,
3078 3087 3203 3154 quia
3237 3088 3279 3141 si
3320 3086 3608 3151 Cadalons,
3656 3090 3746 3157 qui
3782 3091 3848 3144 ad

2268 3178 2367 3249 hoc
2408 3178 2781 3246 gehennaliter
2816 3187 3029 3241 aestuat,
3066 3178 3355 3232 universali
3408 3179 3661 3233 Ecclesia:
3692 3180 3850 3233 Anti-

2264 3268 2453 3323 christi
2504 3270 2618 3323 vice
2643 3259 2961 3338 ’prtesedcri'
2989 3310 3004 3334 ,
3055 3271 3121 3323 ad
3166 3286 3353 3325 eorum
3399 3282 3582 3326 votum
3628 3272 3853 3326 luxuriae

2266 3360 2412 3412 frena
2462 3358 2683 3413 laxabit.
2716 3361 2893 3429 Super
2921 3375 3028 3429 quo
3064 3361 3315 3413 nimirum
3354 3361 3516 3415 etiam
3554 3362 3679 3415 mihi
3712 3363 3854 3416 idem

2269 3450 2384 3516 ejus
2422 3447 2666 3502 fautores
2698 3450 2979 3512 inSultant,
3013 3464 3245 3518 eumque
3276 3464 3379 3503 non
3410 3465 3531 3503 esse
3580 3444 3850 3505 mortuum

2257 3540 2412 3607 juxta
2444 3539 2724 3608 cujusdam
2756 3555 2785 3592 a
2830 3554 2915 3592 me
2943 3537 3067 3592 facti
3103 3538 3355 3593 versiculi
3388 3539 3725 3609 prophetiam
3757 3555 3852 3594 ex-

2266 3634 2608 3699 probrantes.
2639 3630 2963 3683 obtrectaut.
2996 3627 3247 3682 Dixeram
3272 3617 3415 3682 enim
3448 3629 3589 3681 inter
3614 3640 3805 3683 ctctera
3835 3647 3847 3682 :

2264 3720 2379 3773 Non
2408 3735 2505 3789 ego
2533 3728 2580 3771 te
2608 3719 2754 3780 fallo,
2787 3728 2965 3787 etepto
2988 3720 3236 3771 morieris
3268 3719 3319 3771 in
3348 3734 3507 3772 anno.
3543 3718 3647 3772 Sed
3678 3728 3735 3771 ut
3766 3735 3852 3773 me

2264 3812 2619 3880 comprobent
2656 3826 2761 3862 non
2805 3808 2971 3863 fuisse
3005 3811 3310 3873 mentitum,
3351 3810 3576 3863 audiant
3618 3811 3852 3864 adrnira-

2265 3903 2424 3957 bilem
2456 3903 2650 3957 divinae
2682 3902 3050 3972 dispositionis
3080 3912 3352 3955 eventum.
3385 3902 3652 3957 Cadalous
3684 3902 3852 3970 siqui-

2263 3996 2382 4048 deiu
2410 3997 2522 4063 ipso
2555 3993 2865 4049 festivitatis
2896 3996 2980 4049 die
3020 4006 3331 4049 sanctorqu
3363 3994 3727 4064 apostolorum
3758 3993 3847 4048 Si-

2263 4087 2439 4140 monis
2467 4095 2517 4140 et
2540 4084 2709 4145 Juda'.
2741 4086 2893 4155 quasi
2929 4086 2979 4139 in
3018 4101 3232 4155 papam,
3269 4086 3377 4138 Deo
3407 4086 3729 4153 reprohante
3785 4097 3849 4140 ac

2265 4177 2571 4243 repellente,
2605 4176 2707 4230 fuit
2737 4178 2960 4239 electus,
2991 4178 3287 4245 eodemque
3318 4186 3563 4230 vertente
3590 4190 3749 4231 anno.
3784 4176 3841 4229 in

2262 4268 2641 4337 praedictorum
2676 4268 3038 4336 apostolorum
3073 4267 3393 4336 vigiliis,-ab
3421 4267 3673 4319 ontnibus
3703 4264 3846 4319 Teu-

2266 4360 2457 4413 tonicis
2498 4372 2549 4413 et
2578 4360 2774 4413 Italicis
2818 4359 3107 4428 episcopis,
3152 4376 3214 4413 ac
3261 4359 3708 4427 metropolitanis,
3754 4358 3846 4426 qui

2262 4466 2380 4502 cum
2416 4465 2538 4519 rege
2570 4461 2693 4504 tunc
2723 4452 2968 4513 aderant,
3015 4453 3301 4503 damnatus
3332 4459 3412 4503 est
3462 4457 3517 4503 et
3547 4450 3844 4516 depositus.

579 4570 766 4622 parum
824 4556 1212 4607 ίηςοηιίηοηιίη
1264 4557 1363 4623 βίω
1417 4561 1692 4613 mamma,
1738 4558 1958 4614 Nicolao
2004 4577 2155 4631 papa,
2193 4542 2650 4634 DQuamobrem,
2692 4543 2844 4609 juxta
2898 4541 3232 4594 Ezechielem
3262 4539 3612 4609 prophetam,
3662 4540 3845 4592 limum

578 4645 905 4704 direximus,
958 4655 1011 4697 et
1063 4646 1318 4714 quidquid
1373 4647 1479 4701 illic
1532 4648 1832 4717 huiusmodi
1891 4655 2156 4719 repereris

576 4739 865 4806 scriptum,
915 4739 979 4790 ad
1022 4746 1074 4791 te
1120 4739 1471 4793 nihilominus
1522 4740 1757 4809 intellige
1804 4742 2155 4797 destinatum.

579 4825 967 4882 Verumtamen
1025 4843 1141 4897 age,
1196 4844 1407 4896 quaeso,
1459 4828 1503 4883 si
1565 4830 1774 4883 videres
1827 4833 2153 4885 monachum

582 4918 972 4981 fornicantem,
1027 4935 1202 4974 nonne
1251 4922 1495 4988 protinus
1533 4921 1812 4974 stomacho
1861 4934 2158 4978 nauseanle

580 5026 846 5076 screares,
886 5013 1079 5067 cmlum
1124 5023 1430 5084 terramque
1474 5014 1821 5070 vociferando
1868 5016 2158 5071 confunde-

582 5117 688 5166 res,
727 5103 1064 5157 exurendum
1114 5114 1371 5171 pneterea
1417 5120 1446 5155 a
1491 5103 1720 5159 ﬂammis
1765 5106 2045 5160 ultricibus
2082 5107 2159 5160 iu-

580 5194 885 5251 clamarcs?
920 5195 985 5249 Et
1030 5203 1207 5248 tamen
1241 5195 1441 5264 liquido
1469 5196 1737 5261 novimus,
1772 5198 1896 5265 quia
1940 5213 2044 5251 non
2077 5198 2160 5251 di-

582 5296 791 5338 versam
840 5283 1170 5352 pmuitentim
1210 5299 1516 5337 mensuram
1562 5286 1825 5339 monacho
1854 5296 2016 5354 atque
2049 5287 2158 5340 dia—

582 5387 714 5429 cono
742 5373 1005 5429 canouica
1038 5372 1265 5443 praeﬁgit
1310 5374 1623 5428 auctoritas.

648 5464 781 5518 Cum
808 5476 941 5529 ergo
967 5478 1069 5515 una
1100 5462 1304 5529 peccati
1337 5462 1407 5515 sit
1434 5463 1485 5515 in
1510 5472 1736 5531 utroque
1767 5479 2040 5527 mensura,
2062 5480 2159 5519 cur

585 5550 848 5609 habeatur
881 5550 934 5604 in
984 5557 1267 5618 peccatore
1301 5551 1603 5615 diversitas,
1638 5563 1695 5605 ut
1732 5552 1977 5607 videlicet
2017 5554 2158 5607 hunc

585 5642 963 5712 aequanimiter
993 5640 1303 5701 toleremus,
1337 5640 1444 5693 imo
1491 5643 1652 5695 etiam
1697 5643 1913 5696 sibimet
1956 5644 2156 5697 amica-

584 5731 760 5786 hiltter
807 5732 1217 5801 applaudamus,
1260 5730 1405 5784 illum
1434 5746 1561 5784 vero
1604 5734 1820 5800 dignum
1870 5735 2157 5801 suspendio

586 5821 920 5896 iudicemus?
950 5822 1032 5875 An
1064 5834 1341 5886 personam
1375 5821 1687 5889 accipimus,
1723 5833 1774 5878 et
1806 5834 1991 5878 contra
2027 5825 2154 5892 legis

2262 4641 2424 4693 boum
2473 4654 2569 4707 pro
2601 4635 2932 4691 stercoribus
2978 4636 3228 4688 humanis
3260 4634 3398 4686 Dens
3444 4635 3541 4685 sibi
3584 4634 3847 4701 quodam-

2263 4730 2423 4782 modo
2451 4728 2702 4791 contulit,
2735 4728 2859 4781 dum
2899 4726 3079 4780 carnis
3115 4726 3392 4779 interitum
3424 4726 3644 4779 honoris
3688 4725 3845 4779 ruina

2262 4820 2488 4872 mutavit
2534 4816 2749 4887 (Ezeclz.
2802 4816 2899 4885 tv).
2948 4815 3099 4869 Tunc
3144 4818 3339 4885 quippe
3385 4824 3628 4868 mortuus
3669 4824 3749 4867 est
3790 4814 3844 4867 in

2261 4910 2488 4972 honore,
2526 4925 2647 4962 cum
2693 4910 2863 4962 hOuOS
2891 4908 3133 4978 synodali
3162 4908 3368 4977 judicio
3402 4908 3634 4975 perdidit
3664 4908 3842 4973 digni-

2263 5012 2443 5057 tatem.
2488 5000 2640 5055 Nunc
2670 5010 2848 5055 autem
2886 5016 2991 5053 non
3022 5000 3198 5053 dicam
3227 5000 3591 5060 biathauatus,
3624 4999 3715 5052 sed
3750 5012 3848 5064 po-

2263 5096 2368 5148 tius
2397 5094 2791 5148 millemortuus
2820 5101 2933 5145 toto
2958 5101 3227 5145 terrarum
3262 5092 3393 5144 orbe
3420 5090 3715 5154 deridetur,
3745 5104 3845 5144 ex-

2260 5183 2512 5251 ploditur,
2543 5183 2904 5246 maledicitur,
2940 5181 3401 5235 anathematizatn

2329 5273 2567 5327 Audiant
2635 5273 2796 5340 igitur
2872 5273 2973 5326 hoc
3044 5270 3334 5325 iusultores
3396 5273 3541 5334 mei,
3593 5279 3649 5325 et
3713 5270 3840 5325 dum

2260 5363 2454 5416 divina!
2512 5362 2927 5431 dispensationis
2984 5363 3364 5431 perspexerint
3414 5362 3692 5423 ordinem,
3756 5377 3841 5416 me

2254 5454 2527 5509 mendacii
2558 5469 2664 5507 non
2690 5462 2962 5507 accusent.
2996 5454 3072 5507 Tu
3104 5462 3304 5512 autem,
3338 5455 3418 5506 vir
3462 5454 3689 5515 Domini,
3725 5454 3841 5524 gla-

2262 5543 2407 5596 dium
2436 5543 2663 5599 Phinees
2686 5544 2800 5597 zelo
2826 5544 3063 5598 fervidus
3086 5545 3288 5613 arripe,
3314 5555 3372 5597 ut
3399 5544 3695 5598 lsra'elitam
3718 5562 3838 5600 cum

2261 5633 2461 5688 Cozbin
2499 5633 2843 5688 Madiauitide
2874 5644 3156 5688 coeuntem
3199 5643 3360 5688 acuto
3392 5635 3575 5688 valeas
3606 5637 3838 5703 pugione

2262 5727 2599 5783 trausfodere
2625 5726 2813 5801 (Nam.
2848 5730 2995 5798 xxv).
3028 5728 3159 5782 Cum
3188 5726 3438 5781 Samuele
3465 5742 3677 5796 quoque
3708 5736 3756 5779 te
3785 5727 3837 5781 in

2261 5823 2481 5877 ultionis
2510 5822 2757 5891 spiritum
2785 5830 3098 5877 constanter
3126 5822 3368 5891 accinge,
3394 5832 3447 5878 et
3470 5821 3537 5877 ad
3564 5820 3836 5880 confusio-

4762 6196 5118 6414 ‘
