5514 6664
0 6356 1009 6664 ⁵

2059 414 2163 469 Illi

2467 410 2525 467 S.
2565 408 2769 468 PETRI
2805 407 3089 467 DAlllANl
3128 407 3281 466 OPP.
3316 404 3552 465 TOMUS
3598 402 3728 460 εει]
3758 402 3938 463 PARS
3969 405 4056 463 ill.
4097 439 4169 451 —
4206 406 4569 466 OPUSCULA
4611 407 4842 465 VAlllA.

5188 405 5283 462 ιιθ

2060 541 2185 581 nem
2235 524 2394 586 Saul.
2440 524 2584 593 Agag
2630 524 3040 595 pinguissimum
3096 522 3151 577 in
3193 520 3359 575 frusta
3406 518 3626 574 concide
3655 518 3701 578 Α
3732 521 4046 579 ιιίειιευιςιιο
4073 522 4266 578 vulnus
4294 523 4495 594 inflige.
4526 532 4586 579 ut
4614 524 4894 579 manubias
4947 539 5011 579 ac
5034 524 5197 593 spolia
5225 527 5283 577 de

2062 616 2115 680 (1
2142 616 2411 683 Βεαριγ).
2446 614 2587 668 Elias
2613 615 2773 667 etiam
2806 615 2901 667 tibi
2934 614 3253 683 productum
3287 612 3350 664 de
3376 608 3630 677 pharetra

2062 705 2272 761 Domini
2321 703 2554 772 gladium
2604 704 2883 772 porrigat,
2932 711 2987 755 et
3042 703 3108 757 de
3155 698 3522 755 sacerdotibus
3570 711 3633 753 ac

2040 792 2338 866 .pmphetis
2365 793 2512 859 Baal,
2544 794 2717 849 ductis
2746 794 2814 846 ad
2859 802 3149 848 torrentem
3187 792 3367 855 Cison,
3402 804 3469 844 ne
3514 790 3635 858 qui-

2058 888 2181 938 dem
2217 900 2357 939 unus
2384 885 2577 939 evadat
2617 884 2735 952 (111
2764 883 2888 955 Reg.
2921 886 3096 955 svnt).
3134 884 3265 937 Nam
3305 893 3360 937 et
3404 882 3633 953 Moyses,

2060 973 2185 1041 quia
2229 988 2327 1041 pro
2363 988 2547 1028 amore
2586 973 2840 1027 Israelita:
2874 973 3173 1042 cujusdam,
3204 988 3519 1041 percussum
3550 987 3637 1025 sa-

2063 1061 2189 1118 bulo
2240 1065 2523 1119 abscondit
2564 1063 2723 1135 411
2768 1064 3075 1134 Egypzium
3112 1061 3305 1131 (Exod.
3352 1064 3436 1133 ιι),
3478 1063 3639 1119 totius

3734 631 3896 670 manu
3924 616 4133 670 cruenti
4162 617 4427 685 pradonis
4458 628 4711 671 strenuus
4735 616 4915 671 valeas
4940 615 5163 669 bellator
5188 618 5286 669 cri-

3733 719 3887 775 pcre,
3914 713 3966 758 et
3991 705 4056 758 ad
4088 705 4261 773 ipsum
4286 705 4550 759 castitatis
4572 715 4845 759 auctorem
4871 714 5101 776 peracta:
5124 704 5258 758 victo

3736 794 3827 847 ria:
3848 807 4023 848 nterea
4033 794 4106 847 ris
4124 794 4346 864 insignia
4368 804 4661 862 reportare.

4037 882 4200 953 412
4236 882 4689 938 DISSERTATIO
4728 881 4927 937 TEltTl
4940 883 4971 932 Α
4984 921 5003 937 .

4015 987 4113 1026 εοιι
4123 990 4225 1027 τιιΑ
4265 988 4516 1028 ειειιιεος
4552 987 5011 1029 ικτειιιιειιλιηεε.

3935 1064 4015 1116 Ad
4046 1064 4349 1119 Adelaidem
4376 1064 4784 1133 Subulpinorum
4824 1065 5098 1119 duc-issam.

2062 1152 2229 1208 Israel
2264 1152 2512 1208 oblinere
2543 1156 2739 1207 meruit
2781 1152 3158 1221 principatum.
3188 1152 3364 1220 Atque
3394 1162 3451 1205 ut
3492 1151 3634 1203 illam
3734 1154 4132 1210 Ancuuearnu.
4161 1185 4223 1195 -—
4250 1156 4362 1222 Qua
4406 1157 4471 1209 de
4503 1172 4661 1208 cas-sa
4700 1155 4986 1220 scripserat
5016 1156 5079 1207 ad
5106 1151 5264 1205 Tauri

2066 1244 2247 1315 magis
2292 1245 2571 1299 victoriam
2624 1258 3015 1305 memoremus,
3070 1258 3189 1312 qua:
3252 1244 3319 1295 ad
3371 1240 3639 1295 castitatis

2036 1334 2302 1404 pertinet
2324 1336 2737 1396 sacramentum,
2772 1331 2938 1386 David
2972 1335 3095 1402 quia
3126 1333 3351 1387 ducenta
3378 1330 3634 1401 prmputia

2068 1422 2472 1477 Phillstinorum
2512 1422 2749 1476 fervidis
2781 1421 3007 1475 bellator
3036 1423 3283 1485 abscidit,
3316 1424 3555 1491 protinus
3584 1419 3638 1473 in

2068 1513 2375 1585 coniugium
2405 1513 2598 1567 Michol
2628 1513 2794 1567 filiam
2831 1512 2960 1567 Saul
3000 1516 3140 1581 regis
3185 1514 3391 1580 accepit
3423 1509 3472 1580 (1
3514 1508 3637 1578 Reg.

2066 1602 2251 1670 xviii).
2286 1600 2418 1655 Nam
2461 1600 2587 1670 quia
2629 1597 2759 1654 Saul
2800 1611 3014 1653 centum
3058 1600 3427 1653 tantummodo
3465 1598 3636 1666 petiit,

2071 1693 2165 1747 sed
2218 1694 2449 1746 ducenta
2503 1706 2702 1760 genero
2751 1690 3023 1745 deferente
3068 1691 3339 1759 suscepit;
3396 1689 3483 1743 ille
3530 1688 3641 1757 regi

2067 1780 2232 1837 Israel
2272 1781 2530 1851 praeputia
2575 1782 2839 1850 geminafa
2884 1789 3207 1848 comportat,
3254 1780 3344 1848 qui
3388 1779 3497 1833 Deo
3540 1793 3641 1831 non

3805 1241 4024 1280 neuscm
4072 1226 4415 1294 episcopum,
4468 1226 4653 1279 scribit
4702 1240 4842 1277 nunc
4885 1225 4950 1275 ad
4996 1224 5293 1276 Adelaidem

3807 1296 4104 1364 principem
4144 1294 4396 1348 feuiiuam
4426 1336 4441 1358 ,
4483 1310 4601 1364 qua).
4648 1294 5056 1362 Subalpiuurum
5115 1304 5296 1364 gentes

3809 1375 3862 1417 ct
3909 1363 4192 1417 Sahaudize
4238 1362 4533 1431 regionem,
4570 1365 4763 1415 marito
4807 1374 5034 1423 mortuo,
5080 1362 5274 1414 atmini

3809 1436 4010 1486 strahat
4042 1452 4053 1485 :
4090 1434 4365 1496 nimirum,
4411 1444 4467 1485 ut
4513 1434 4832 1485 clericorum
4872 1434 4920 1483 in
4963 1447 5054 1484 sua
5101 1431 5296 1482 ditiuue

3808 1503 4114 1568 degentium
4147 1504 4418 1557 libidinem
4444 1514 4709 1561 coerceat.
4743 1502 5060 1570 pollicesque
5087 1515 5177 1552 eos
5208 1500 5295 1551 Ita-

3811 1571 3937 1625 bere
3987 1588 4325 1639 nequaquam
4376 1574 4638 1639 patiatur;
4682 1572 4945 1638 justitiam
5003 1585 5208 1636 quoque
5248 1577 5298 1620 ct

3848 1642 4065 1694 ielatem
4099 1642 4149 1694 in
4180 1644 4459 1703 ecclesias,
4499 1644 4795 1710 pl‘d‘sCrlillt
4828 1642 4876 1692 in
4925 1641 5296 1710 monasterium

3849 1658 4065 1694 tetatem
4099 1658 4149 1694 ιιι
4180 1658 4459 1703 ecetesias,
4499 1658 4795 1710 pl‘d‘sCrltIlt
4828 1658 4876 1692 ιιι
4925 1658 5296 1691 mouasreriuui

3810 1658 4250 1773 Eructuariense,
4288 1712 4441 1779 cujus
4480 1713 4665 1765 laudes
4704 1709 4820 1765 fuse
4861 1717 5094 1771 enarrat,
5136 1708 5299 1777 pluri-

3814 1796 3957 1833 mum
3991 1782 4038 1833 ei
4070 1784 4433 1835 commendat.

2070 1870 2243 1926 solum
2291 1870 2557 1937 corporis,
2590 1869 2681 1923 sed
2718 1877 2771 1923 et
2809 1868 2988 1922 cordis
3026 1868 3339 1937 pudicitiam
3381 1866 3637 1921 immolat.
3674 1852 3721 1914 Β
3815 1869 4075 1923 Annum
4116 1870 4580 1925 excellentissima:
4625 1870 4767 1936 duci,
4808 1868 5021 1923 Psrncs
5060 1875 5312 1936 peccator

2072 1962 2312 2016 Adonias
2340 1960 2479 2013 filius
2500 1960 2714 2028 Aggith,
2748 1958 2871 2026 quia
2902 1958 3147 2011 illicitum
3178 1958 3351 2025 petiit,
3379 1956 3644 2010 Bersabee

2004 2102 2007 2105 .
2076 2050 2503 2112 interveniente,
2557 2046 2885 2116 coojugiutn,
2937 2046 3225 2101 Salomone
3272 2046 3646 2116 promulgante

2070 2137 2357 2208 judicium,
2376 2136 2493 2191 fuso
2514 2151 2705 2205 cruore
2728 2136 2975 2205 purgavit
2998 2137 3260 2190 incestum
3283 2134 3399 2205 (111
3415 2133 3537 2203 Reg.
3564 2133 3645 2203 ιι).

2149 2226 2420 2281 Memento
2459 2227 2663 2296 itaque,
2700 2228 2843 2294 quod
2874 2225 2971 2279 tibi
3007 2226 3144 2280 idem
3187 2224 3439 2279 Salomon
3471 2225 3601 2277 dicit
3632 2242 3643 2276 :

2083 2338 2104 2371 ι
2132 2317 2237 2373 Fili
2281 2318 2375 2382 mi,
2422 2317 2467 2371 si
2517 2316 2867 2386 spoponderis
2907 2331 3005 2384 pro
3046 2315 3221 2370 amico
3253 2325 3373 2379 tuo,
3417 2314 3650 2369 defixisti

2079 2408 2220 2477 apud
2246 2416 2560 2461 extraneum
2587 2407 2821 2459 animam
2852 2414 3017 2458 tuam.
3047 2404 3371 2475 lllaqueatus
3393 2419 3453 2459 es
3474 2405 3654 2459 verbis

2078 2496 2191 2550 oris
2238 2496 2312 2549 tui
2357 2506 2413 2549 et
2454 2503 2641 2564 captus
2678 2496 2912 2563 propriis
2958 2495 3297 2549 sermonibus
3346 2496 3473 2548 tuis.
3548 2494 3655 2549 Fac

2081 2602 2214 2657 ergo
2242 2588 2382 2657 quod
2410 2586 2533 2642 dico
2575 2586 2695 2651 tibi,
2736 2586 2813 2640 fili
2855 2586 2945 2649 iri,
2983 2598 3033 2641 et
3082 2587 3418 2657 temetipsum
3465 2586 3651 2648 libera.

2081 2680 2207 2749 quia
2240 2678 2476 2733 incidisti
2506 2682 2557 2731 in
2584 2693 2776 2733 manus
2801 2678 3029 2747 proximi
3064 2679 3138 2732 tui
3167 2695 3179 2731 :
3209 2680 3471 2739 discurre,
3508 2677 3656 2732 festi-

2081 2785 2175 2833 na,
2198 2772 2400 2823 suscita
2427 2770 2662 2821 animum
2689 2776 2859 2829 tuum,
2890 2784 2957 2821 ne
2984 2768 3194 2822 dederis
3218 2783 3464 2822 somnum
3486 2768 3656 2822 oculis

2082 2859 2209 2921 tuis,
2239 2873 2338 2913 nec
2367 2858 2661 2913 dormitent
2690 2843 2957 2927 palpebrae
2988 2867 3091 2911 tua:
3120 2856 3298 2926 (Prov.
3327 2859 3425 2928 vi).
3458 2879 3475 2911 ι
3506 2858 3657 2915 Tunc

2081 2948 2227 3004 enim
2274 2948 2413 3019 apud
2466 2947 2699 3001 amicum
2753 2958 2900 3002 tuum
2950 2948 3182 3017 propriis
3237 2948 3555 3018 illaqueatus
3599 2964 3660 3004 es

2081 3038 2285 3097 verbis.
2306 3053 2437 3092 .cum
2484 3047 2534 3091 te
2565 3037 2658 3091 Dei
2701 3040 2953 3111 populum
2988 3053 3175 3108 regere
3201 3040 3517 3109 promisisti.
3553 3038 3661 3093 Nec

2088 3130 2216 3185 illud
2243 3129 2602 3192 obliviscaris,
2631 3128 2773 3197 quod
2804 3143 2901 3197 per
2918 3127 3206 3183 .leremiam
3236 3130 3470 3183 dicitur:
3504 3149 3522 3181 ι
3551 3129 3661 3183 Μει-

2089 3218 2319 3274 ledietus
2360 3220 2539 3281 homo,
2567 3219 2656 3287 qui
2700 3219 2949 3289 prohibet
2992 3218 3226 3288 gladium
3274 3236 3430 3275 suum
3466 3237 3495 3275 a
3530 3236 3660 3275 san-

2090 3312 2256 3383 5uine
2287 3311 2420 3377 (Jer.
2452 3313 2660 3380 sum).
2694 3330 2711 3361 ι
2744 3310 2837 3365 llle
2866 3313 3063 3381 quippe
3094 3313 3327 3382 gladium
3372 3312 3665 3394 compescit

2092 3418 2123 3456 a
2154 3404 2433 3473 sanguine,
2464 3402 2554 3471 qui
2582 3411 2795 3472 peccata
2830 3401 3252 3472 delinquentium
3300 3404 3522 3474 negligit
3549 3403 3666 3457 vin-

2091 3494 2297 3549 dicare.
2343 3493 2451 3548 Sed
2496 3509 2563 3549 ne
2605 3493 2743 3548 forte
2788 3493 2978 3548 timeas
3018 3509 3117 3562 pro
3159 3496 3352 3549 castris
3394 3494 3665 3565 pudicitiae

2092 3597 2262 3651 stare,
2289 3596 2345 3641 et
2372 3596 2562 3641 contra
2592 3586 2885 3641 frementes
2916 3586 3143 3641 luxuriae
3169 3602 3371 3642 cuneos
3400 3590 3665 3646 castitatis

2094 3692 2245 3732 arma
2282 3678 2575 3746 corripere,
2611 3678 2732 3730 audi
2770 3677 2898 3747 quid
2938 3677 3031 3731 tibi
3071 3692 3167 3747 per
3196 3678 3529 3733 Ezccltielem
3562 3696 3667 3735 vox

2095 3768 2275 3823 divina
2319 3768 2597 3837 promittat
2626 3784 2638 3819 :
2678 3784 2697 3815 ι
2724 3765 2882 3831 Ecce,
2915 3766 3111 3835 inquit,
3154 3768 3273 3821 dedi
3302 3768 3491 3822 faciem
3523 3778 3667 3824 tuam

2096 3857 2448 3911 valentiorem
2473 3857 2713 3912 faciebas
2736 3872 2945 3921 eorum,
2974 3867 3028 3912 et
3058 3857 3287 3912 frontem
3318 3868 3463 3913 tuam
3494 3862 3672 3915 durio-

2098 3961 2214 3999 rem
2259 3944 2527 4000 frontibus
2565 3960 2774 4009 eorum,
2808 3953 2864 3998 ut
2896 3946 3257 4012 adamantem,
3300 3958 3355 4002 et
3385 3958 3442 4003 ιιι
3468 3949 3670 4004 silicem

2101 4035 2219 4091 dedi
2260 4035 2451 4089 faciem
2482 4046 2625 4089 tuam
2654 4054 2666 4088 :
2700 4038 2983 4092 ne‘timcas
3040 4053 3213 4108 neque
3244 4048 3453 4093 metuas
3482 4056 3509 4092 a
3540 4039 3673 4095 facie

2102 4143 2289 4183 eorum
2340 4127 2551 4196 (Each.
2585 4126 2743 4189 ιιιὶυι
2791 4128 2894 4182 Per
2936 4126 3277 4183 Salomonem
3325 4142 3536 4199 quoque
3581 4131 3674 4185 tibi

2103 4221 2301 4274 dicitur
2326 4238 2339 4272 :
2372 4239 2391 4270 ‹
2420 4218 2496 4274 Ne
2519 4233 2717 4288 paveas
2741 4220 3024 4288 repentino
3051 4228 3259 4275 terrore
3286 4221 3555 4277 irruentes
3583 4224 3676 4277 tibi

2103 4309 2375 4379 potentias
2418 4307 2726 4380 impiorum.
2781 4306 3042 4361 Dominus
3086 4308 3231 4361 enim
3270 4309 3375 4363 erit
3414 4308 3466 4362 in
3512 4310 3679 4365 latere

2109 4409 2223 4463 tuo,
2239 4408 2293 4452 et
2311 4398 2575 4452 custodiet
2593 4398 2780 4466 pedem
2799 4407 2967 4457 tuum.
2984 4413 3052 4451 ne
3068 4399 3301 4467 capiaris
3321 4398 3502 4469 (Prov.
3526 4401 3631 4470 ιιι).
3656 4420 3673 4453 ι

2107 4487 2175 4541 Ει
2218 4488 2414 4541 iterum
2442 4504 2454 4538 :
2478 4504 2496 4536 ι
2524 4486 2714 4540 Omnis
2739 4501 2917 4540 sermo
2953 4486 3045 4541 Dei
3091 4488 3288 4557 ignitus
3336 4488 3555 4559 clypeos
3599 4500 3681 4545 est

2107 4573 2449 4646 sperantibus
2479 4573 2531 4627 in
2553 4588 2612 4627 se
2648 4572 2828 4642 (Prov.
2858 4575 3007 4631 xxxi.
3040 4594 3059 4626 ι
3086 4575 3235 4640 Quod
3261 4576 3304 4631 si
3339 4577 3681 4647 impossibili-

2111 4676 2274 4723 tatem
2308 4665 2552 4721 fortassis
2577 4666 2823 4734 opponis,
2858 4674 2909 4719 et
2938 4666 3077 4720 sicut
3110 4667 3237 4721 mihi
3268 4668 3320 4721 in
3348 4684 3409 4721 os
3444 4669 3679 4735 dixeras,

2112 4756 2179 4809 ad
2218 4755 2320 4809 hoc
2344 4762 2397 4809 te
2428 4753 2669 4810 sufﬁcere
2702 4770 2861 4826 posse
2891 4754 3108 4819 diffidis,
3141 4757 3267 4810 audi
3308 4758 3435 4825 quid
3466 4760 3558 4812 tibi
3585 4775 3684 4829 per

2113 4848 2361 4904 eumdem
2416 4848 2757 4905 Salomonem
2808 4851 3084 4920 Sapientia
3134 4866 3262 4905 vera
3314 4855 3678 4920 respondeat:

2119 4955 2138 4987 ι
2171 4936 2311 4991 Erue
2335 4951 2427 4991 eos
2471 4940 2559 5007 qui
2590 4939 2861 4995 ducuntur
2889 4941 2956 4995 ad
2987 4948 3236 5003 mortem,
3263 4949 3318 4995 et
3346 4941 3437 5009 qui
3471 4942 3685 4995 trahun-

2119 5035 2204 5080 tur
2232 5026 2298 5081 ad
2328 5026 2603 5082 interitum
2626 5029 2856 5085 liberare
2881 5046 2947 5086 ne
2967 5046 3168 5086 cesses.
3207 5029 3265 5085 Si
3296 5031 3518 5095 dixeris,
3544 5032 3685 5086 vires

2118 5129 2222 5168 uou
2251 5123 2571 5186 suppetunt;
2611 5119 2700 5187 qui
2732 5120 3003 5189 inspector
3028 5129 3110 5175 est
3152 5120 3350 5185 cordis,
3381 5120 3495 5189 ipse
3537 5119 3686 5174 intel-

2116 5202 2254 5274 ligit,
2301 5213 2357 5259 et
2401 5208 2799 5262 obsonatorem
2832 5211 3026 5265 animae
3068 5221 3172 5265 tum
3201 5210 3333 5264 nihil
3370 5210 3531 5275 fallit,
3566 5210 3687 5265 red-

2117 5293 2312 5364 detque
2338 5296 2541 5350 homini
2561 5298 2715 5367 juxta
2738 5313 2897 5367 opera
2923 5315 3018 5354 sua
3044 5298 3225 5369 (Prov.
3260 5300 3428 5372 utv).
3468 5320 3484 5352 ι

2189 5383 2280 5439 Sic
2312 5400 2442 5455 ergo
2484 5398 2554 5451 te,
2602 5390 2907 5442 venerande
2943 5398 3115 5458 pater,
3160 5391 3212 5443 in
3248 5389 3351 5444 hoc
3397 5389 3687 5455 castitatis,

2120 5473 2461 5544 libidinisque
2491 5492 2783 5548 congressu
2826 5489 3138 5533 constanter
3176 5482 3416 5551 accingc.
3481 5478 3573 5536 Sic
3603 5480 3686 5532 vi-

2126 5561 2279 5619 lruto
2305 5567 2525 5636 spiritus
2555 5569 2730 5638 gladio
2754 5571 3027 5637 grassanti
3070 5570 3121 5624 in
3150 5569 3385 5627 Ecclesia
3416 5581 3505 5627 tua
3539 5572 3689 5626 luxu-

2195 5739 2313 5815 (lO).
2349 5744 2566 5802 Terent.
2598 5746 2649 5803 in
2679 5747 2953 5807 Eunucho.

3745 1964 4042 2017 monachus
4073 1964 4334 2019 orationis
4367 1964 4697 2018 instantiam.

3818 2070 4088 2140 Quidquid
4114 2072 4180 2127 de.
4201 2074 4467 2127 castitatis
4492 2073 4705 2143 injuria,
4736 2087 4895 2141 quam
4918 2072 5100 2126 eadem
5127 2069 5302 2139 regina

3748 2159 4009 2213 virtutum
4057 2176 4084 2212 a
4131 2160 4343 2215 clericis
4392 2162 4615 2231 patitur,
4663 2160 4948 2214 venerabili
4996 2156 5304 2213 Tanriuensi

3749 2250 4003 2318 episcopo
4030 2252 4243 2320 scripsi,
4277 2253 4371 2305 tibi
4412 2252 4753 2307 scribendum
4794 2260 4917 2304 ante
4951 2250 5305 2309 decreveram,

3753 2340 3856 2393 nisi
3907 2342 4219 2395 eorumdem
4251 2342 4570 2396 clericorum
4616 2341 5069 2411 insuggillantium
5112 2339 5309 2394 calum-

3758 2430 3902 2484 niam
3953 2431 4350 2487 formidassem.
4405 2433 4819 2503 Expostularcnt
4861 2433 5023 2495 enim,
5068 2447 5129 2485 ac
5170 2430 5310 2483 dice-

3758 2532 3879 2576 rent
3906 2541 3917 2575 :
3951 2522 4110 2585 Ecce,
4140 2540 4302 2592 quam
4339 2526 4521 2593 impie,
4545 2540 4703 2593 quam
4731 2526 5018 2577 inhumane
5046 2532 5189 2591 parat
5218 2534 5313 2574 nos

3755 2616 3857 2670 iste
3895 2618 4243 2680 ceufundere,
4279 2621 4367 2687 qui
4412 2635 4517 2673 non
4564 2633 4683 2674 eum
4724 2618 5007 2687 episcopis,
5048 2629 5149 2667 non
5193 2628 5308 2665 cum

3755 2708 4140 2763 ecclesiasticis
4170 2711 4302 2763 viris
4340 2726 4501 2778 super
4529 2721 4715 2764 nostro
4761 2709 4970 2779 negotio
5020 2720 5172 2761 caute
5206 2704 5312 2758 vult

3759 2813 3822 2861 ac
3856 2798 4095 2852 modeste
4121 2800 4420 2864 disserere;
4455 2799 4545 2853 sed
4573 2801 4712 2867 quod
4746 2800 4794 2852 in
4827 2798 5060 2851 sacrario
5089 2805 5316 2849 tractau-

3758 2887 3882 2940 dum
3908 2900 4041 2948 erat,
4073 2905 4177 2941 non
4206 2898 4422 2942 veretur
4450 2886 4662 2942 feminis
4692 2888 4977 2956 pulzlicare.
5006 2885 5113 2937 lloc
5142 2885 5313 2951 itaque

3760 2987 4026 3041 metuens,
4060 2994 4343 3048 personam
4386 2981 4587 3033 mutavi
4618 2998 4631 3032 :
4672 2990 4724 3034 et
4752 2982 4892 3049 quo.l
4937 2979 5028 3031 tibi
5064 2988 5317 3044 concepe-

3764 3081 3898 3129 ram,
3930 3068 4000 3121 illi
4029 3069 4206 3137 potius
4234 3069 4521 3123 dcstiuavi.
4553 3069 4644 3123 llle
4675 3078 4850 3123 tamen
4890 3069 5044 3121 unius
5072 3065 5319 3120 Ecclesia

3687 3191 3732 3254 Ε
3764 3158 4073 3211 cathedram
4099 3168 4244 3213 leuet
4270 3178 4283 3212 :
4310 3159 4361 3213 in
4384 3160 4587 3215 ditione
4611 3175 4736 3213 vero
4758 3171 4864 3221 tua,
4889 3174 5006 3227 qua:
5025 3158 5074 3210 iu
5099 3158 5317 3210 duorum

3763 3263 4082 3317 regnorum,
4120 3250 4285 3305 Italia:
4321 3251 4529 3305 scilicet
4563 3260 4618 3305 et
4653 3249 5002 3320 Burgundize,
5032 3246 5322 3317 porrigitur

3764 3353 3871 3393 non
3902 3340 4067 3395 breve
4090 3338 4407 3405 confinium,
4434 3341 4615 3409 plures
4636 3341 5011 3410 episeopantur
5037 3336 5319 3391 antistites.

3763 3428 3993 3497 ldeoque
4020 3445 4123 3484 non
4151 3431 4425 3501 indignum
4452 3432 4755 3495 videbatur,
4782 3438 4842 3483 ut
4869 3427 4960 3482 tibi
4987 3426 5321 3497 potissimum

3764 3516 3831 3570 de
3861 3518 4180 3573 clericorum
4210 3520 4594 3574 incontinentia
4625 3520 4941 3584 scriberem,
4966 3517 5049 3571 cui
5080 3515 5332 3570 videlicet
5380 3540 5387 3547 α

3766 3610 3834 3663 ad
3859 3610 4235 3679 corrigendum
4260 3612 4503 3665 idoneam
4524 3612 4700 3665 sentio
4726 3626 4829 3663 non
4854 3610 5037 3675 deesse
5058 3607 5322 3660 virtutem.

3766 3703 4074 3759 Praesertim
4103 3706 4244 3774 quod
4273 3706 4338 3759 ad
4370 3706 4582 3759 laudem
4623 3703 4715 3757 Dei
4746 3703 4993 3761 dixerim,
5025 3714 5144 3754 cum
5179 3696 5327 3771 virile

3770 3796 3937 3849 robur
3965 3797 4195 3850 femineo
4230 3806 4415 3864 regnet
4457 3797 4508 3849 in
4538 3804 4753 3867 pectore
4778 3808 4792 3846 :
4831 3802 4884 3847 et
4911 3792 5067 3846 ditior
5094 3790 5168 3843 sis
5194 3790 5326 3842 bona

3772 3886 4051 3941 voluntate
4100 3903 4260 3953 quam
4290 3897 4503 3940 terrena
4535 3893 4817 3954 potestate.
4846 3882 4994 3939 Unde
5014 3881 5157 3951 quia,
5179 3880 5328 3950 juxta

3771 3984 3944 4045 poeta!
3970 3976 4186 4044 gentilis
4216 3975 4486 4045 eloquium
4516 3974 4651 4046 (lO),

3899 4114 4030 4176 Opus
4055 4121 4130 4163 est
4158 4113 4274 4163 huic
4298 4118 4478 4175 tutore,
4503 4124 4649 4175 quem
4673 4110 4980 4161 defensorem
5004 4118 5147 4169 paro;

3776 4217 3968 4271 hortor
4014 4226 4066 4271 et
4117 4226 4268 4286 pcto,
4334 4226 4391 4270 ut
4437 4226 4490 4270 tu
4548 4217 4745 4270 domno
4781 4213 5023 4282 jungaris
5056 4210 5329 4279 episcopo;

3780 4315 4045 4375 quatenus
4068 4316 4268 4359 mutua:
4295 4306 4513 4359 virtutis
4541 4304 4654 4357 fulti
4683 4301 4997 4359 munimine.
5028 4296 5253 4351 furentis
5282 4296 5331 4348 in

3780 4396 4054 4450 Christum
4082 4395 4313 4449 luxuria:
4342 4394 4565 4449 valeatis
4589 4394 4759 4447 aciem
4789 4388 5057 4445 debellare

3710 4540 3758 4599 υ
3783 4506 3912 4563 δυ’·
3956 4507 3994 4560 ¹·
4022 4536 4092 4545 -
4120 4505 4389 4599 θῗῖΐέῗῗέἔζ
4407 4499 5081 4599 θίέξίίξέέςξηιέίεῐίῇοναω
5119 4490 5337 4548 Mm”

4160 4590 4389 4629 neutrum
4420 4576 4685 4627 libidinem
4719 4584 4948 4625 coercere

3856 4665 3962 4720 Sed
3986 4666 4110 4719 dum
4138 4680 4231 4718 vos
4261 4662 4634 4719 confcelerare
4655 4662 4720 4715 ad
4747 4657 4986 4730 prndium
5011 4657 5197 4712 contra
5224 4646 5341 4701 dia-

3784 4756 3966 4811 bolum
4000 4754 4209 4817 studeo,
4244 4753 4369 4808 illud
4396 4754 4526 4807 mihi
4559 4751 4753 4805 bellum
4786 4748 4837 4800 iu
4863 4741 5169 4798 memoriam
5192 4749 5344 4788 revo-

3786 4845 4105 4913 catur,quod
4122 4844 4360 4909 Dehbora
4377 4844 4666 4913 prophetes
4679 4852 4811 4892 uxor
4825 4830 5107 4903 Lapidotlt,
5120 4841 5240 4881 cum
5256 4824 5346 4877 Ba-

3788 4953 3881 4993 rac
3942 4937 4051 4991 filio
4089 4936 4347 4991 Ahinoem
4390 4934 4641 4989 habuisse
4668 4938 4855 4985 contra
4894 4925 5130 4980 Sisaram
5162 4918 5349 4972 ducem

3788 5030 4061 5084 exercitus
4082 5028 4366 5098 reperitur.
4385 5025 4460 5079 De
4482 5025 4568 5078 illa
4590 5023 4787 5093 quippe
4817 5016 5045 5088 legitur:
5077 5031 5097 5064 ι
5116 5008 5249 5075 Quia
5268 5007 5349 5076 ju-

3792 5122 4004 5176 dicabat
4031 5119 4308 5191 pupulum,
4333 5115 4802 5182 asceudebantque
4831 5111 4898 5164 ad
4930 5121 5048 5163 eam
5074 5103 5163 5198 filii
5188 5098 5355 5198 lsrael

3792 5211 3953 5283 413
4006 5212 4058 5265 in
4102 5225 4263 5264 omne
4306 5208 4568 5277 judicium
4624 5204 4831 5273 (ludio.
4863 5199 4968 5270 tv).
5006 5215 5023 5248 ι
5201 5191 5354 5288 hujus

3794 5304 4097 5374 exciitplum
4136 5311 4187 5355 tu
4219 5316 4431 5370 quoque
4476 5300 4594 5353 sine
4622 5295 4762 5350 virili
4813 5292 4954 5362 regis
4980 5284 5178 5341 auxilio
5207 5284 5354 5380 regni

3792 5396 4005 5465 pondus
4035 5394 4272 5449 sustines
4298 5411 4309 5446 :
4341 5400 4396 5447 et
4426 5392 4491 5446 ad
4518 5399 4569 5443 te
4596 5386 4874 5443 confluunt
4900 5379 4993 5449 qui
5042 5376 5221 5431 litibus
5248 5376 5360 5425 suis

3795 5488 4077 5557 imponere
4121 5488 4312 5560 legalis
4356 5483 4634 5541 sententiae
4662 5476 4924 5536 calculum
4954 5468 5354 5560 conelll'iscw'f

3796 5553 3899 5635 Sel
3930 5591 4137 5653 satage,
4170 5553 4393 5636 utsicut
4422 5577 4531 5643 illa,
4564 5582 4619 5633 et
4660 5584 4716 5630 tu
4761 5581 4975 5643 quoque
5021 5561 5228 5619 habites
5264 5553 5361 5611 sub
