5514 6642
593 420 698 477 Il?

595 634 862 695 prelatur.
899 623 1144 684 excelsa;
1176 620 1384 683 Betbel,
1431 623 1617 672 domus
1664 619 1780 672 Dei.
1822 619 2013 672 Habita
2043 633 2172 687 ergo

592 724 647 770 et
677 725 730 767 lu
759 716 857 768 sub
888 714 1085 783 palma,
1131 724 1454 778 semperque
1499 723 1661 777 super
1683 718 1739 780 te
1771 708 1949 760 crucis
1977 706 2180 759 Christi

594 803 959 873 contemplare
990 801 1307 854 victoriam:
1344 801 1469 853 sede
1504 801 1669 851 etiam
1726 798 1871 850 inter
1903 796 2074 849 ltaina
2126 808 2181 851 et

590 893 802 957 Bctbel,
837 901 1025 944 utnon
1061 890 1193 951 solo,
1234 891 1331 942 hoc
1361 896 1443 940 est
1469 887 1721 949 terrenis,
1755 886 2053 938 inhmreas:
2087 885 2181 938 sed

594 1001 716 1041 cum
746 982 1002 1052 apostolis
1032 983 1082 1034 in
1113 979 1411 1039 C(Btl'JClllO,
1447 988 1499 1031 et
1529 993 1649 1031 cum
1680 979 1833 1028 Anna
1890 985 2076 1029 sancta
2102 974 2182 1027 vi"-

593 1081 698 1131 dna
740 1075 1080 1131 converseris
1110 1088 1321 1141 semper
1372 1073 1424 1124 in
1492 1071 1709 1138 templo.
1767 1072 1841 1124 De
1891 1086 1995 1140 qua
2051 1070 2181 1124 dicit

591 1166 923 1237 evangelista
956 1181 969 1227 ;
1006 1183 1024 1214 ι
1063 1163 1200 1229 Quia
1240 1179 1346 1215 non
1378 1163 1688 1215 discedebat
1711 1163 1775 1214 de
1801 1161 2016 1228 templo,
2042 1159 2187 1233 jeju-

593 1265 704 1317 niis
751 1273 802 1316 et
832 1262 1166 1316 orationibus
1202 1259 1445 1313 serviens
1467 1267 1622 1311 nocte
1652 1272 1716 1310 ac
1747 1258 1835 1310 die
1865 1255 2016 1327 (Luc.
2049 1256 2130 1323 η).
2158 1273 2176 1305 ι

593 1355 662 1409 Et
692 1369 813 1423 qu-a
851 1352 1092 1405 Debbora
1126 1351 1510 1418 interpretatur"
1540 1349 1654 1416 apis
1675 1387 1689 1409 ,
1727 1358 1782 1400 tu
1814 1361 2027 1415 quoque
2054 1345 2186 1398 mel-

592 1443 757 1504 liliea,
783 1452 836 1496 et
863 1442 1059 1494 divina:
1086 1440 1263 1492 laudis
1313 1437 1650 1490 dulcedinem
1684 1437 1736 1489 in
1767 1437 1873 1489 tuis
1899 1435 2056 1488 labiis
2095 1435 2183 1503 jn-

594 1535 738 1603 giter
778 1545 954 1586 versa.
989 1548 1006 1578 ι
1045 1529 1214 1593 Quam
1269 1525 1465 1587 dulcia,
1520 1525 1712 1592 inquit,
1765 1524 2011 1578 faucibus
2049 1523 2183 1576 meis

593 1623 807 1690 eloquia
855 1630 978 1683 tua,
1029 1633 1192 1688 super
1229 1615 1349 1670 'mcl
1397 1622 1450 1668 et
1495 1615 1674 1669 iavum
1701 1617 1782 1669 ori
1833 1630 1957 1669 meo
2007 1610 2180 1684 (l’wl.

590 1713 806 1781 cxvnt).
855 1732 874 1765 ι

666 1808 846 1868 Certe,
881 1814 939 1858 ut
970 1805 1134 1859 nmlta
1165 1812 1501 1873 praeteream,
1539 1810 1794 1868 tanquam
1827 1813 1894 1854 ex
1948 1797 2179 1867 quodam

1282 418 1527 477 OPUSC.
1575 418 1758 474 XVI".
1799 417 2153 476 ——CONTRA
2193 416 2776 476 [NTEMPERANTES
2816 410 3176 471 CLElthOS.

591 533 794 606 palma,
827 531 969 586 inter
1002 529 1169 584 Rama
1198 539 1250 583 et
1287 529 1492 583 Bethel.
1527 529 1696 582 Rama
1723 529 1987 596 siquidem
2014 528 2175 581 inter-
2204 537 2246 591 Α
2281 529 2392 582 suis
2421 529 2747 604 agminibus,
2776 539 2829 581 et

3762 419 3865 476 “8

3008 530 3161 584 emis
3186 530 3393 584 'alcatis
3422 529 3673 582 curribus
3698 527 3876 586 fundi-

2288 630 2370 672 tus
2401 619 2779 684 dehellarunt;
2815 619 2885 672 ita
2914 629 2969 674 et
2994 635 3108 683 vos,
3138 631 3188 673 tu
3225 621 3436 673 scilicet
3483 628 3538 673 et
3570 620 3874 676 'l‘aurinen-

2285 711 2361 763 sis
2383 711 2689 778 episcopus,
2713 719 2902 764 contra
2932 709 3198 771 Sisaram,
3227 710 3450 764 luxuria:
3478 715 3687 770 ducem.
3724 724 3876 764 arma

2285 799 2542 866 corripite
2583 817 2594 850 :
2623 814 2858 868 emnqne
2897 801 2949 853 in
2975 799 3112 853 lilios
3143 799 3330 862 Israel.
3356 801 3458 854 hoc
3488 809 3574 854 est
3623 800 3674 853 in
3717 800 3883 854 cleri-

2284 904 2377 944 cos
2408 889 2684 951 Ecclesiae,
2737 891 3129 954 dominan‘em,
3165 907 3424 946 mucrone
3473 891 3746 961 pudicitia:
3789 891 3850 962 ju

2284 981 2494 1049 gnlate;
2532 991 2802 1048 quatenus
2831 989 2885 1034 et
2913 971 3219 1051 episcopus,
3261 983 3369 1035 into
3399 997 3591 1036 omnes
3618 982 3872 1052 episcopi.

2283 1070 2460 1137 quiin
2493 1070 2981 1125 administrationis
3038 1081 3140 1124 tua:
3187 1071 3388 1126 finibus
3440 1081 3879 1136 commorantur,

2285 1159 2607 1214 sacerdotali
2661 1159 2893 1214 clericos
2953 1161 3238 1229 disciplina
3287 1171 3618 1226 coerceant,
3653 1172 3706 1216 et
3733 1171 3790 1217 tu
3823 1163 3882 1217 in

2285 1249 2513 1304 feminas
2557 1251 2792 1319 vigorem
2845 1259 3075 1304 terrente
3121 1254 3407 1320 potestatis
3433 1253 3713 1307 extendas.
3744 1250 3880 1306 Tres

2284 1339 2483 1406 quippe
2531 1341 2903 1393 tantummodo
2963 1340 3192 1392 feminas
3241 1341 3385 1393 Deus
3427 1340 3607 1395 novit:
3643 1355 3762 1409 qnte
3792 1341 3879 1395 his

2283 1431 2468 1499 plures
2499 1443 2646 1492 sunt,
2687 1431 2739 1484 in
2788 1432 2904 1500 ejus
2937 1432 3111 1484 adhuc
3141 1433 3387 1485 notitiam
3432 1448 3538 1485 non
3593 1441 3881 1487 venerunt.

2285 1523 2447 1577 Novit
2473 1525 2614 1577 enim
2646 1524 2886 1592 virgines
2912 1539 3036 1577 eum
3068 1524 3259 1588 Maria,
3293 1525 3482 1579 viduas
3523 1539 3648 1579 cum
3703 1524 3883 1588 Anna,

2284 1614 2546 1682 conjuges
2577 1628 2698 1666 cum
2729 1613 2998 1667 Susanna.

2283 1701 2413 1756 Car.
2456 1702 2517 1755 ll.
2557 1733 2626 1741 —
2665 1703 2820 1767 Quod
2848 1703 3158 1757 concubium
3183 1722 3214 1756 a
3244 1705 3446 1773 templis
3481 1707 3584 1759 sint
3616 1706 3881 1761 arcendam

2358 1790 2575 1843 Illorum
2603 1805 2730 1844 vero
2762 1791 3082 1844 clericorum
3117 1791 3364 1856 feminas,
3403 1794 3493 1861 qui
3535 1794 3882 1848 matrimonia

593 1899 768 1953 mems
799 1897 919 1951 [εινο
947 1898 1060 1951 νεεδ
1112 1872 1198 1950 es"
1239 1896 1368 1948 mihi
1409 1896 1522 1947 ιιωο
1569 1892 1713 1946 siina
1743 1890 2022 1952 (temnere,
2057 1905 2178 1942 cum
2215 1872 2256 1929 Β
2286 1893 2560 1951 nequeunt
2609 1883 2765 1953 legali
2794 1881 2917 1950 jure
2939 1885 3286 1947 contrahere,
3322 1901 3425 1937 non
3477 1879 3755 1956 conjuge-5,
3789 1887 3884 1940 sed

585 1991 699 2043 hoc
729 2003 868 2042 verte
897 1986 1214 2041 humilitatis
1239 1986 1462 2040 verbum
1480 1984 1546 2037 de
1577 1993 1667 2036 tuo
1691 1983 1915 2050 contigit
1940 1997 2033 2035 ore
2059 1997 2184 2049 prc-

601 2080 722 2134 dire
755 2097 767 2131 :
810 2077 946 2143 Quid
976 2079 1189 2142 mirum,
1232 2059 1412 2146 pater,
1437 2076 1483 2128 si
1512 2075 1653 2128 Deus
1673 2075 2016 2141 omnipotens
2049 2070 2182 2124 mihi

593 2169 874 2224 vilissima:
929 2168 1136 2221 ancilla-
1195 2183 1306 2220 sua:
1361 2165 1892 2234 quantulamcunque
1934 2161 2184 2217 conferre

595 2263 848 2332 dignatus
883 2269 963 2315 est
995 2260 1136 2313 inter
1160 2258 1405 2312 homines
1429 2265 1773 2326 potestatem,
1807 2255 1897 2323 qui
1931 2264 2180 2308 contem-

596 2354 768 2422 ptibili
799 2352 1021 2407 cuilibet
1073 2351 1251 2403 herbae
1309 2346 1930 2414 mirabilemaliquando
1982 2346 2183 2413 prtebct

597 2443 778 2498 inesse
801 2440 1095 2495 virtutem?
1144 2438 1439 2493 Ostendisti
1471 2454 1600 2506 ergo
1634 2446 1684 2490 te
1711 2452 1888 2503 apem,
1920 2436 2045 2487 dum
2078 2435 2182 2487 favi

590 2532 828 2588 distillas
883 2547 948 2585 ex
1000 2546 1094 2584 ore
1125 2529 1502 2592 dulcedinem,
1559 2529 1698 2581 sicut
1751 2527 2011 2594 scriptum
2057 2536 2180 2579 est:

604 2647 623 2680 ι
670 2625 803 2692 Quia
828 2628 891 2678 de
917 2639 1009 2677 ore
1032 2623 1312 2691 prudentis
1343 2621 1583 2691 procedit
1608 2619 1730 2680 mel,
1755 2619 1979 2670 dulcedo
2012 2617 2185 2671 mellis

599 2715 703 2770 sub
753 2715 932 2783 lingua
999 2713 1135 2781 ejns,
1193 2711 1347 2763 favus
1395 2709 1662 2763 distillans
1707 2709 1846 2761 labia
1881 2707 1996 2773 ejus
2026 2705 2179 2775 (Cen.

593 2802 710 2872 ιιι).
758 2821 777 2854 ι
824 2802 1010 2856 Sisara
1070 2817 1216 2868 vero,
1275 2802 1504 2854 exclusio
1548 2802 1728 2869 gaudii
1777 2801 2182 2867 interpretatur,

599 2892 746 2960 quod
798 2894 1040 2960 profecto
1085 2892 1406 2944 vocabulum
1440 2890 1655 2942 inimico
1693 2891 1912 2942 lnmtani
1963 2888 2182 2958 generis

591 2981 880 3051 aptissime
924 2982 1190 3050 congruit,
1244 2981 1334 3048 qui
1385 2980 1616 3048 primum
1651 2979 1923 3031 hominem
1967 2994 1995 3029 a
2027 2993 2188 3046 para-

602 3071 702 3126 disi
737 3071 954 3139 gaudio,
985 3087 1090 3139 quo
1141 3069 1439 3132 fruebatur,
1479 3069 1728 3122 exclusit.
1763 3068 1867 3123 Sed
1903 3069 2028 3136 quia
2077 3082 2182 3120 non

599 3172 684 3216 est
704 3158 858 3227 hujus
890 3160 1145 3228 temporis
1175 3159 1451 3212 immorari
1506 3161 1560 3210 in
1586 3158 1881 3210 enodandis
1909 3157 2183 3223 allegoria:

2287 1973 2619 2027 concubinas
2651 1974 2851 2043 potius,
2903 1974 3020 2028 sive
3073 1975 3375 2043 prostibula
3428 1991 3664 2046 congrue
3695 1992 3884 2045 possu-

2288 2080 2408 2118 mus
2435 2065 2750 2132 appellare;
2801 2064 3033 2132 ideoque
3070 2067 3196 2134 quia
3220 2081 3270 2118 ,a
3315 2066 3426 2119 Deo
3467 2082 3572 2119 non
3603 2076 3885 2121 merentur

2286 2155 2530 2222 agnosci,
2563 2155 2629 2207 de
2674 2153 2874 2223 templo
2927 2155 3018 2208 Dei
3068 2156 3262 2209 merito
3314 2167 3609 2210 censentur
3641 2157 3878 2210 excludi.

2286 2244 2449 2308 Nam,
2481 2245 2526 2300 si
2559 2259 2716 2299 soror
2770 2244 2950 2298 Aaron
3001 2244 3191 2308 Maria,
3255 2261 3376 2315 qua:
3409 2245 3578 2316 Moysi
3626 2246 3728 2300 levi
3761 2261 3884 2300 ser-

2287 2351 2445 2389 mone
2505 2337 2762 2402 detraxit,
2819 2352 2942 2389 mox
2980 2336 3131 2404 lepra
3168 2339 3533 2406 perfunditur,
3571 2349 3887 2408 septemque

2284 2427 2476 2479 diebus
2527 2442 2554 2479 a
2593 2425 2938 2479 tabernaculo
2985 2435 3296 2480 removetur
3339 2425 3529 2496 (Num.
3587 2436 3718 2497 xu),
3776 2443 3886 2496 quo

2277 2514 2401 2582 jure
2435 2517 2548 2568 istae
2574 2516 2779 2585 ingredi
2813 2516 3534 2584 ρςτηιὶιιριιιυι·Ερριοδὶιιτιι,
3560 2532 3679 2586 qua:
3709 2518 3886 2572 eidem

2288 2607 2543 2660 Ecclesia:
2570 2607 2759 2660 sordes
2807 2606 3045 2660 libidinis
3075 2607 3336 2671 inferunt,
3382 2624 3508 2662 vasa
3553 2608 3771 2662 Domini
3831 2611 3884 2662 in

2287 2697 2540 2765 proprios
2570 2712 2698 2750 usus
2727 2698 3007 2751 asciscunt
3034 2717 3047 2750 :
3079 2707 3153 2760 et,
3184 2708 3240 2752 ut
3274 2702 3515 2768 apertius
3543 2700 3759 2768 loquar,
3783 2701 3889 2754 mi-
3933 2728 3936 2731 -

2283 2788 2487 2841 nistros
2521 2787 2716 2843 saltaris
2778 2790 3011 2858 propria:
3055 2789 3285 2844 luxuria:
3349 2791 3669 2846 ministrare
3729 2807 3886 2848 com-

2286 2877 2526 2946 pellunt?

2359 2970 2472 3036 Age
2500 2983 2654 3037 ergo,
2705 2977 2824 3022 esto
2857 2968 3045 3039 virago
3075 2967 3288 3024 Domini
3323 2988 3334 3024 :
3365 2979 3419 3025 et
3447 2970 3604 3041 quasi
3636 2971 3885 3026 Delibera

2289 3073 2414 3112 cum
2441 3059 2634 3120 Barac.
2670 3060 2772 3113 hoc
2818 3069 2923 3123 est,
2951 3061 3257 3128 conjunctis
3285 3061 3446 3115 simul
3475 3063 3767 3132 episcopis,
3801 3064 3888 3118 Si-

2291 3164 2470 3202 saram
2496 3150 2562 3202 ad
2600 3150 3028 3204 internecionem
3057 3166 3230 3220 usque
3261 3168 3610 3222 persequere.
3654 3153 3719 3207 Et
3749 3155 3889 3207 sicut

604 3252 878 3320 mysteriis
899 3292 914 3315 ,
949 3251 1082 3304 dixit
1115 3250 1361 3304 Debbora
1401 3249 1469 3301 ad
1502 3249 1669 3300 Barac
1709 3262 1721 3298 :
1753 3266 1770 3297 ι
1805 3247 2066 3315 Prrecepit
2090 3249 2184 3300 tibi
2213 3215 2257 3273 Ο
2287 3243 2443 3297 Jahel
2471 3259 2610 3296 uxor
2642 3243 2840 3309 llaber,
2881 3245 3217 3298 tabernaculi
3249 3247 3330 3299 sui
3367 3246 3579 3300 clavum
3615 3262 3780 3315 super
3805 3247 3888 3301 Si-

607 3341 867 3396 Dominus
921 3339 1064 3394 Deus
1097 3339 1281 3399 Israel,
1318 3339 1469 3400 vade,
1501 3348 1553 3390 et
1595 3339 1765 3391 deduc
1797 3339 2100 3391 exercitum
2134 3338 2186 3389 in

601 3442 839 3482 montem
871 3425 1106 3488 Tltabor,
1139 3427 1398 3496 tollesque
1452 3435 1627 3480 tecum
1659 3428 1845 3480 decem
1897 3427 2062 3479 millia
2096 3442 2191 3495 pu-

603 3530 886 3590 gnatorum
923 3519 987 3574 de
1017 3519 1141 3572 filiis
1190 3517 1552 3587 Nepbthalim,
1585 3527 1640 3572 et
1664 3519 1731 3571 de
1762 3518 1887 3572 ﬁliis
1917 3517 2188 3583 Za‘mlon;

598 3624 702 3678 ego
723 3619 898 3662 autem
931 3608 1194 3662 adducam
1238 3609 1303 3660 ad
1342 3618 1391 3660 te
1422 3608 1474 3660 in
1525 3607 1700 3660 locum
1741 3610 1998 3660 torrentis
2025 3606 2188 3660 Cison

603 3700 844 3752 Sisaram
890 3700 1185 3767 principem
1222 3697 1496 3752 exercitus
1542 3696 1720 3759 Jabin,
1749 3706 1805 3750 et
1834 3711 2026 3749 currus
2051 3695 2189 3764 ejus,

603 3798 766 3858 atque
798 3803 1010 3844 Omnem
1043 3789 1461 3850 multitudinem,
1490 3800 1545 3841 et
1571 3789 1780 3840 tradam
1821 3802 1914 3841 eos
1947 3788 1997 3839 in
2029 3801 2191 3839 manu

605 3889 716 3931 tua.
754 3877 1003 3946 Dixitque
1046 3879 1111 3931 ad
1163 3894 1282 3931 eam
1329 3878 1499 3930 Barac
1540 3877 1642 3930 :Si
1695 3878 1909 3931 veneris
1954 3892 2187 3942 mecum,

604 3971 796 4023 vadunt
825 3986 838 4022 :
870 3970 915 4023 si
953 3969 1187 4024 uolueris
1234 3971 1436 4030 venire,
1467 3985 1572 4022 non
1617 3983 1854 4038 pergam.
1897 3969 2026 4034 Quae
2057 3970 2191 4022 dixit

604 4063 671 4116 ad
699 4077 820 4114 eum
851 4076 869 4115 ε
901 4062 992 4115 Ibo
1014 4061 1228 4129 quidem
1256 4071 1451 4126 tecum,
1497 4062 1589 4114 sed
1615 4061 1667 4113 in
1704 4063 1805 4114 hac
1834 4061 1949 4114 vice
1983 4061 2077 4114 tibi
2110 4061 2192 4114 vi-

604 4153 777 4206 ctoria
809 4169 911 4205 non
943 4152 1314 4221 reputabitur:
1346 4153 1469 4221 quia
1503 4153 1556 4205 in
1595 4167 1757 4205 manu
1807 4153 2052 4206 mulieris
2084 4160 2192 4205 tia—

604 4244 764 4296 detnr
805 4241 988 4296 Sisara
1021 4242 1222 4312 (ludia.
1255 4247 1352 4312 tv).
1394 4263 1412 4293 ι
1456 4243 1585 4308 Qum
1635 4244 1892 4296 nimirum
1942 4246 2084 4296 nuda
2112 4244 2193 4297 hi-

604 4333 786 4388 storiae
831 4334 989 4387 verba
1026 4335 1303 4388 succincte
1335 4335 1776 4397 transcurrimus,
1813 4349 1880 4387 ne
1922 4336 1965 4388 si
1993 4335 2193 4402 ﬁguras

604 4423 924 4489 exponendo
955 4421 1155 4478 diutius
1211 4424 1586 4487 immorentur,
1629 4425 1842 4477 ta'dium
1892 4424 2193 4494 legentibus

2293 3351 2433 3389 sara:
2455 3335 2738 3389 crrcbrum
2776 3336 2976 3402 posuit,
3021 3335 3328 3404 malleoque
3355 3338 3646 3405 percussit,
3671 3350 3724 3391 et
3752 3351 3889 3391 tem-

2291 3441 2394 3495 pus
2425 3435 2715 3492 utrumque
2744 3424 3039 3488 transfixit,
3074 3425 3145 3478 ita
3190 3434 3251 3479 tu
3303 3427 3458 3495 signo
3481 3427 3660 3481 crucis
3689 3429 3889 3484 diaboli

2293 3515 2559 3569 verticem
2592 3514 2895 3578 transfodc,
2948 3524 3340 3583 auctoremque
3382 3517 3630 3582 luxuriae,
3661 3518 3754 3585 qui
3787 3517 3889 3572 cle-

2293 3606 2438 3660 ricos
2479 3619 2507 3657 a
2564 3604 2880 3658 coelestibus
2937 3603 3149 3671 gaudiis
3213 3605 3469 3665 excludit,
3526 3606 3684 3660 elide.
3745 3607 3886 3662 Talis

2292 3697 2437 3752 enim
2467 3696 2698 3750 victoria
2731 3697 2900 3750 Deum
2940 3697 3094 3749 valde
3145 3694 3408 3760 laetificat,
3457 3700 3550 3767 qni
3599 3698 3888 3768 aliquando

2292 3803 2388 3857 per
2411 3787 2643 3844 feminas
2663 3789 2947 3858 gloriosior
2981 3788 3139 3842 laude
3171 3790 3492 3858 triumphat.
3517 3787 3704 3843 Judith
3734 3792 3866 3859 quip

2293 3893 2361 3948 pe
2389 3878 2740 3933 continentia:
2767 3863 2997 3931 vidualis
3029 3878 3374 3946 exemplum,
3405 3879 3531 3931 dum
3590 3879 3888 3934 deauratos

2293 3980 2554 4037 ostroque
2586 3969 2824 4023 nitentes
2861 3967 3173 4025 llolofernis
3220 3969 3488 4023 thalamos
3521 3972 3748 4038 sprevit,
3784 3971 3888 4026 for-

2296 4061 2524 4116 tioribus
2582 4061 2750 4114 armis
2793 4060 2844 4114 in
2898 4071 3079 4114 mente
3136 4063 3468 4130 praecincta,
3518 4062 3681 4114 etiam
3729 4075 3888 4132 caput

2293 4152 2507 4205 ebrium
2542 4152 2827 4216 audenter,
2858 4151 3123 4221 impresso
3166 4152 3416 4222 pugione.
3452 4155 3726 4207 truncavit
3769 4153 3890 4225 (Ju-

2296 4243 2431 4296 dith.
2462 4241 2608 4314 xm).
2643 4240 2772 4307 Quae
2797 4241 2987 4306 etiam,
3031 4251 3090 4294 ut
3118 4242 3257 4296 hanc
3287 4242 3574 4296 meruisset
3604 4258 3633 4296 a
3663 4242 3892 4298 Domino

2294 4335 2577 4404 percipere
2657 4333 3067 4397 fortitudinem,
3127 4332 3458 4387 difﬁdentem
3515 4349 3578 4387 ac
3645 4334 3890 4387 timidum

2295 4436 2452 4480 antea
2503 4426 2848 4494 corripuerat
2899 4425 3260 4480 sacerdotem.
3293 4422 3479 4478 Oziam
3534 4422 3767 4486 scilicet,
3802 4424 3891 4492 qui

605 4512 928 4581 ingeramus.
965 4513 1079 4568 Hoc
1118 4523 1324 4568 tantum
1358 4531 1422 4569 ex
1452 4516 1533 4569 his
1557 4517 1758 4569 dixisse
1786 4515 2034 4578 Sllmt‘ial,
2067 4517 2190 4586 quia
2225 4551 2272 4608 ο
2300 4517 2411 4571 Deo
2437 4518 2677 4586 quinque
2704 4517 2916 4570 dierum
2959 4515 3271 4584 przellxerat
3317 4515 3632 4577 terminum,
3668 4530 3730 4568 ea
3782 4531 3892 4584 qua

603 4600 776 4654 Barac
825 4605 1116 4658 coruscatio
1152 4607 1555 4674 interpretatur.
1597 4607 1911 4662 Coruscatio
1943 4623 2070 4662 vero
2100 4611 2195 4662 lia-

607 4688 700 4742 bet
737 4691 951 4758 quidem
997 4693 1191 4755 lucem,
1243 4696 1334 4749 sed
1382 4711 1486 4761 non
1515 4696 1716 4750 diutius
1749 4707 2190 4765 permanentem;

606 4794 732 4832 mox
758 4782 899 4834 enim
950 4791 1009 4836 ut
1035 4784 1242 4852 incipit,
1271 4786 1491 4840 desinit.
1537 4787 1610 4840 lta
1643 4798 1770 4841 sunt
1821 4789 2063 4841 nonnulli
2112 4805 2196 4843 re-

607 4878 788 4924 ctores
840 4871 1223 4936 Ecclesiaruni.
1273 4877 1364 4945 qui
1420 4879 1818 4947 quodammodo
1861 4891 1988 4934 tunc
2036 4896 2193 4935 coru-

607 4977 761 5016 scare
791 4965 875 5018 inc
902 4967 1074 5034 piunt,
1101 4984 1221 5023 cum
1260 4972 1324 5023 ad
1361 4973 1680 5042 corrigenda
1730 4975 1867 5028 mala
1923 4975 2193 5044 subjecto-

607 5068 753 5117 rum,
777 5057 928 5122 qnasi
961 5058 1076 5111 zelo
1098 5074 1156 5112 se
1183 5060 1402 5115 ultionis
1428 5064 1731 5117 accendunt
1772 5079 1786 5117 :
1820 5065 1914 5118 sed
1947 5067 2194 5134 protinus

609 5145 1042 5215 chtinguuntur,
1072 5153 1195 5218 quia
1244 5153 1483 5220 qualibet
1520 5156 1842 5210 adversitate
1875 5155 2053 5221 fracti,
2112 5158 2194 5210 vel

611 5243 828 5301 torpore
853 5236 1068 5307 desidip
1091 5239 1331 5304 resoluti,
1362 5242 1469 5295 cito
1501 5243 1780 5296 deliciunt.
1817 5243 1969 5299 Unde
2000 5256 2055 5300 et
2104 5247 2192 5301 ille

609 5321 786 5377 Barac
809 5319 1009 5378 desidis
1057 5341 1122 5383 ac
1153 5331 1371 5384 resoluti
1419 5334 1651 5401 pastoris
1700 5333 1922 5404 figuram
1976 5351 2190 5406 gerens,

610 5417 790 5470 aiebat
819 5419 883 5471 ad
910 5420 1206 5475 Debboram
1240 5441 1252 5476 :
1292 5442 1309 5474 ι
1349 5424 1404 5478 Si
1431 5427 1644 5480 veneris
1673 5443 1908 5492 meeum,
1940 5429 2133 5482 vadato
2173 5446 2185 5482 :

609 5509 654 5564 si
682 5509 919 5564 uolueris
951 5515 1152 5578 venire,
1176 5531 1281 5569 non
1312 5533 1556 5587 pergam.
1595 5539 1610 5570 ι

679 5599 1019 5669 Quapropter
1042 5604 1182 5657 sicut
1209 5607 1289 5658 vir
1316 5607 1400 5662 ille
1429 5625 1551 5661 cum
1581 5609 1802 5675 femina,
1830 5611 2000 5663 Barac
2029 5608 2192 5681 414

607 5690 858 5745 videlicet
881 5707 1004 5745 cum
1036 5695 1299 5760 Debbora,
1326 5700 1529 5753 mutuis
1560 5716 1614 5754 se
1640 5700 1925 5755 inicientes
1955 5704 2188 5768 auxiliis,

609 5791 796 5836 contra
827 5781 1070 5839 Sisaram
1110 5787 1351 5855 praalium
1381 5801 1759 5862 susceperunt,
1808 5808 2040 5864 eumque
2071 5809 2190 5848 cum

2300 4609 2496 4676 dignus
2530 4617 2647 4661 erat
2679 4607 3006 4661 austeritate
3065 4606 3367 4675 redarguit,
3423 4606 3612 4658 dicens
3656 4623 3667 4657 :
3719 4624 3734 4655 ι
3773 4603 3891 4658 Non

2299 4709 2384 4755 est
2430 4699 2532 4753 iste
2584 4714 2789 4763 sermo,
2838 4699 2929 4767 qui
2977 4698 3412 4752 misericordiam
3471 4707 3752 4767 provocet,
3797 4697 3894 4752 sed

2299 4791 2479 4860 potius
2506 4790 2596 4859 qui
2645 4791 2783 4843 iram
2825 4791 3049 4853 excitet,
3078 4798 3131 4842 et
3169 4790 3411 4842 luroreni
3465 4789 3748 4842 accendat.
3791 4786 3894 4844 Po-

2297 4884 2483 4939 suistis
2513 4899 2609 4936 vos
2653 4893 2866 4953 tempus
2897 4884 3235 4938 miseratiOni
3269 4883 3507 4947 Domini,
3549 4893 3605 4938 et
3655 4885 3707 4937 in
3741 4884 3890 4939 arbi-

2298 4977 2460 5029 trium
2495 4987 2738 5030 vestrum
2762 4976 2902 5030 diem
2934 4976 3298 5030 constituistis
3321 4975 3409 5028 ei?
3435 4996 3452 5025 ι
3491 4974 3722 5044 (Juilil/i.
3748 4975 3891 5047 vin.)

2301 5069 2495 5122 Esther
2517 5068 2642 5120 dum
2679 5074 2774 5136 pro
2805 5067 2980 5121 salute
3029 5067 3212 5136 populi
3257 5066 3341 5118 sui
3371 5066 3532 5119 morti
3567 5081 3626 5119 se
3656 5065 3894 5120 viriliter

2297 5160 2503 5230 objicit,
2530 5159 2704 5214 Aman
2734 5159 3104 5213 lsraelitarum
3159 5159 3479 5227 sanguinem
3514 5159 3673 5211 avide
3702 5159 3894 5213 sitien-

2299 5258 2405 5303 tem
2434 5248 2728 5317 snspendio
2759 5248 2984 5301 interire
3008 5247 3282 5316 compellit
3313 5247 3528 5316 (Est/ter
3578 5252 3716 5313 vm).
3770 5247 3889 5301 Mn-

2297 5339 2400 5393 lier
2424 5339 2663 5408 sapiens,
2694 5353 2813 5407 qua:
2838 5338 3063 5405 degebat
3096 5339 3147 5390 in
3185 5337 3376 5402 Abela,
3410 5347 3571 5407 caput
3602 5335 3755 5390 Seba:
3799 5334 3892 5391 bili

2295 5429 2513 5492 Bochri,
2541 5431 2606 5482 ad
2639 5429 2774 5483 Joab
2807 5431 3012 5483 mili-tiae
3054 5429 3356 5496 principem
3392 5428 3623 5497 projecit
3676 5419 3894 5483 abscis-

2297 5535 2417 5574 sum
2456 5537 2468 5572 :
2499 5530 2551 5572 et
2575 5518 2651 5573 sic
2700 5519 2994 5573 imminens
3029 5503 3562 5572 obsidionis'iavertit
3589 5533 3618 5569 a
3667 5517 3894 5571 civitate

2299 5611 2599 5682 periculum
2636 5609 2720 5680 (ll
2767 5609 2891 5679 Reg.
2955 5610 3070 5680 xx).
3108 5609 3294 5677 Altera
3349 5607 3543 5660 mulier
3592 5608 3645 5660 in
3679 5606 3893 5662 Thebes

2299 5702 2460 5773 415
2491 5701 2731 5771 fragmen
2769 5701 2920 5754 mola:
2954 5702 3018 5754 de
3047 5698 3451 5769 propugnaculo
3481 5709 3646 5776 turris
3669 5697 3890 5751 immer-

2303 5796 2392 5860 sit,
2423 5804 2476 5848 et
2525 5793 2839 5848 Abimelech
2887 5791 3098 5846 fortiter
3128 5791 3491 5862 oppugnantis
3521 5798 3706 5862 caput,
3742 5805 3888 5846 cere~

4799 6201 5109 6421 ε
