5514 6656
0 6348 969 6554 ξ

2134 411 2238 461 M9

2566 408 2621 460 δ.
2664 406 2861 461 rem
2898 400 3169 459 unum
3209 397 3354 452 thl'.
3402 394 3631 447 iotth
3665 392 3793 446 ssu
3839 390 4015 445 rans
4050 389 4129 443 ιιι.
4168 419 4230 428 .-
4274 388 4630 444 oruscrm
4674 386 4896 445 vanu.

5244 385 5345 439 ηιι

2136 520 2397 587 brumque
2453 517 2605 569 simul
2659 516 2880 569 obtrivit
2920 512 3120 573 (Judic.
3166 510 3262 575 ix).
3316 504 3518 574 Alugail
3560 517 3691 554 uxor
3722 506 3767 560 Α
3798 502 3887 553 scd
3914 508 4235 567 conquestus
4259 509 4340 553 est
4380 500 4553 567 potius
4601 499 4852 554 Ecclesia:
4874 513 4981 554 sua:
5007 498 5137 552 nihil
5161 513 5223 552 ex
5255 508 5343 553 tua

2140 608 2303 662 Nabal
2334 624 2361 659 a
2388 608 2541 660 domo
2562 622 2653 659 sua
2680 606 2837 658 caedis
2868 604 3134 655 interitum
3152 609 3407 655 removet,
3438 601 3559 648 dunt
3591 595 3699 646 vin

2139 698 2216 751 sui
2249 695 2637 750 contemnendo
2667 693 2968 752 stultitiam,
2999 690 3246 741 irascenti
3283 685 3445 739 David
3478 684 3689 734 senium

2140 787 2336 855 prabet
2371 786 2451 853 (ll
2488 785 2610 853 Reg.
2650 800 2732 846 ιιι;
2772 781 2799 833 1
2823 780 2944 848 Reg.
2975 786 3121 844 xxv).
3149 778 3451 843 Tuqttoqtte
3482 790 3509 825 a
3537 775 3693 825 domo

2140 886 2228 928 tua
2262 884 2316 928 et
2361 876 2427 927 ab
2468 874 2549 926 ΙιῙι
2590 874 2782 938 quibus
2833 870 3147 937 pra-emines
3196 863 3517 932 regionibus,
3580 860 3630 930 gl
3655 886 3689 909 .-

2141 968 2284 1019 diuut
2327 966 2522 1033 poteris
2550 964 2711 1015 divini
2748 963 2942 1014 furoris
2976 968 3233 1017 avertere,
3279 958 3321 1007 si
3373 957 3532 1005 etiam
3582 952 3694 1017 epi-

2140 1056 2315 1122 scopis
2342 1053 2753 1121 negligentibus,
2792 1050 3055 1103 luxuriam
3093 1048 3142 1099 iti
3194 1048 3304 1112 ipsa
3342 1039 3691 1096 ecclesiastici

2138 1144 2386 1195 culminis
2437 1157 2559 1195 arce
2611 1142 2911 1201 sttbuixatn,
2956 1136 3316 1191 elaboravet'is
3362 1144 3688 1200 expugnare.

2139 1233 2249 1287 Hoc
2272 1237 2414 1287 enim
2443 1235 2649 1286 videtur
2664 1232 2773 1283 fieri
2806 1231 3008 1282 nuncin
3041 1228 3229 1279 finibus
3247 1226 3690 1281 Christianorum,

2137 1325 2279 1390 quod
2330 1324 2525 1376 factum
2566 1324 2755 1391 legitur
2790 1338 2839 1372 ιιι
2895 1319 3167 1385 segetibus
3219 1314 3686 1367 Pliilistliinorttut.

2137 1412 2270 1466 Nam
2302 1413 2437 1465 sicut
2474 1420 2621 1463 vetus
2654 1419 2836 1462 narrat
2888 1408 3119 1460 Historia
3156 1423 3167 1457 :
3200 1424 3216 1454 ι
3263 1404 3416 1470 Cepit
3464 1400 3690 1453 Samson

2137 1508 2407 1551 trecentas
2449 1497 2647 1563 vulpes.
2693 1498 3000 1563 caudasque
3036 1508 3219 1546 earum
3262 1490 3441 1557 jttnxit
3471 1490 3534 1540 atl
3566 1503 3693 1539 cau-

2136 1590 2329 1650 das,et
2360 1589 2502 1640 faces
2548 1588 2730 1655 ligavit
2782 1588 2832 1637 in
2884 1585 3055 1638 medio
3088 1601 3100 1635 :
3137 1596 3271 1651 quas
3302 1581 3423 1649 igne
3469 1592 3693 1631 succen-

2135 1678 2269 1731 dens
2298 1678 2520 1736 dimisit.
2546 1687 2602 1727 ut
2628 1678 2731 1729 ltue
2762 1675 2988 1741 illucque
3012 1674 3399 1730 discurrerent;
3429 1683 3547 1736 qua:
3583 1677 3689 1718 sta-

2138 1766 2233 1817 tim
2269 1764 2695 1833 perrexeruntin
2750 1774 2954 1830 segetes
2998 1758 3457 1811 Pltilistliinorum.
3487 1754 3689 1819 Quibus

3795 588 4116 641 liberalitate
4148 588 4419 640 collatum.
4454 587 4621 649 Felix,
4651 589 4887 655 inquam,
4917 588 5062 641 dives
5097 588 5194 641 ltoe
5219 596 5345 640 temo

3795 693 3942 746 pore,
3985 679 4067 729 cui
4123 692 4379 745 suppares
4439 679 4747 729 convicauet
4804 677 4902 729 ltoc
4948 675 5114 728 solum
5174 676 5345 729 valent

3793 769 3995 820 Crimen
4046 766 4261 819 inferre.
4303 768 4356 819 In
4392 766 4789 820 Fructuariensi
4819 775 4961 821 certe
5000 767 5341 826 monasterio.

3794 857 3881 907 ubi
3913 872 4007 923 per
4035 856 4218 907 decem
4253 854 4365 907 fere
4392 856 4506 907 dies
4555 855 4841 921 ltospitiunt
4875 855 5036 913 tenui,
5068 870 5220 923 quam
5250 856 5348 907 ltu—
5422 914 5431 917 γ

3794 959 3984 996 manus
4034 958 4302 1011 quantque
4346 943 4527 996 suavis
4567 953 4687 996 tuus
4715 944 5038 1011 principatus
5063 953 5201 997 esset
5246 944 5345 996 Ec-

3794 1036 3995 1096 clesiis,
4047 1036 4321 1087 evidenter
4360 1034 4588 1103 agnovi:
4626 1034 4712 1086 ubi
4761 1034 5005 1086 nimirum
5061 1035 5129 1085 ita
5173 1035 5349 1089 seettri

3793 1126 3891 1177 sub
3925 1135 4025 1176 tum
4046 1124 4390 1191 protectionis
4421 1124 4748 1185 umbraculo,
4784 1124 4889 1177 Deo
4918 1124 5213 1177 deserviunt
5235 1121 5347 1175 fra-

3794 1221 4004 1269 trcs.ae
4034 1212 4075 1263 si
4105 1212 4201 1263 sub
4243 1212 4500 1263 maternis
4532 1211 4630 1263 alis
4678 1211 4803 1280 pulli
4847 1209 5222 1265 confoveantur
5248 1211 5351 1262 im-

3794 1302 4021 1370 plumes.
4051 1302 4114 1352 Et
4148 1316 4307 1369 quam
4341 1300 4728 1353 convenienter
4772 1299 4842 1351 illi
4885 1299 4996 1352 loco
5025 1296 5350 1352 Ft'uctuaria:

3792 1398 3873 1442 est
3924 1403 4116 1441 nomen
4168 1388 4493 1457 impositum.
4549 1388 4689 1455 quod
4732 1402 4837 1441 nou
4897 1386 5111 1439 humani
5161 1399 5349 1439 sensus

3792 1478 4090 1542 industria,
4150 1478 4243 1530 sed
4290 1477 4467 1530 divina
4510 1478 4777 1531 credimus
4827 1475 5167 1544 dispositione
5217 1489 5346 1543 pro-

3792 1567 3986 1619 visum.

3863 1656 3993 1709 Nam
4026 1662 4149 1726 quia
4196 1657 4449 1725 Epltraim
4493 1665 4879 1726 interpretatur
4923 1655 5349 1724 fecunditasﬁlle

3791 1745 3973 1812 procul
4026 1746 4185 1797 dubio
4217 1760 4368 1798 mons
4395 1755 4478 1799 est
4523 1745 4797 1813 Epltraitn,
4828 1745 4916 1799 ubi
4947 1746 5192 1799 nimirum
5234 1746 5347 1797 veri

2136 1856 2427 1915 succensis,
2476 1854 2786 1907 ςοιιτοι-ιοιω
2821 1853 2930 1917 jam
2982 1849 3159 1916 [rttgcs
3188 1856 3240 1899 ct
3282 1847 3455 1899 adhuc
3483 1854 3683 1897 stantes
3718 1834 3759 1892 Β
3793 1834 4038 1887 Israeliue
4070 1836 4390 1888 consistunt.
4415 1836 4512 1901 Qui
4537 1837 4658 1888 duttt
4690 1851 4813 1889 arva
4838 1838 5088 1890 mentium
5120 1835 5348 1887 assiduis

2139 1947 2191 1999 in
2238 1946 2452 2011 stipula,
2503 1955 2852 1996 concreutata‘
2896 1951 3015 1993 sunt
3064 1942 3113 1991 ιιι
3147 1948 3371 1997 tantum,
3422 1946 3479 1988 ιιι
3514 1938 3691 1985 vincas

2132 2050 2347 2103 quoque
2381 2044 2434 2087 et
2463 2034 2652 2089 oliveta
2702 2034 2915 2086 flamma
2945 2038 3283 2085 consumeret
3311 2026 3510 2079 ‘Judic.
3530 2024 3637 2090 xv.)
3670 2042 3686 2071 ι

2138 2188 2265 2243 CAP.
2305 2185 2390 2240 Ill.
2427 2214 2495 2225 -—-
2532 2184 2682 2249 Quod
2720 2181 2967 2240 Itu'rctt'ci,
3000 2198 3057 2231 ac
3082 2180 3205 2230 mali
3254 2174 3544 2229 sacerdotes
3592 2172 3690 2225 rul-

2657 2255 2805 2319 pibus
2832 2253 2928 2302 sint
2956 2250 3167 2301 sintita.

2208 2364 2333 2417 lizrc
2388 2362 2543 2431 plane
2588 2363 2829 2421 historia,
2886 2359 3008 2411 licet
3050 2355 3414 2427 principaliter
3455 2353 3697 2421 designat

2138 2452 2437 2514 litt-retices,
2462 2451 2549 2518 qui
2583 2450 2731 2519 quasi
2764 2448 3157 2501 trecenti-nario
3179 2459 3400 2498 numero
3422 2443 3696 2496 continett-

2142 2552 2249 2605 tur,
2278 2544 2401 2609 quia
2433 2551 2627 2594 sancta:
2669 2540 2949 2592 Trinitatis
2993 2538 3148 2590 fidem
3180 2537 3501 2589 vcrltotenus
3532 2534 3697 2585 cetth

2140 2641 2360 2692 tentur;
2392 2630 2483 2683 sed
2526 2629 2647 2681 dum
2694 2627 2791 2681 sub
2816 2626 3112 2679 velamento
3150 2624 3462 2677 orthodoxa!
3486 2621 3600 2673 fidei
3644 2620 3694 2670 itt

2140 2720 2310 2787 prima
2336 2716 2598 2769 sermonis
2624 2717 2701 2767 sui
2744 2716 2918 2767 fronte
2942 2729 2998 2765 se
3028 2712 3266 2780 palliant,
3302 2712 3477 2778 ignem
3520 2722 3694 2775 prava:

2138 2806 2394 2857 doctrina:
2426 2805 2475 2855 it:
2504 2801 2906 2870 posterioribus,
2936 2815 3039 2868 quo
3069 2798 3245 2867 fruges
3266 2797 3502 2849 omnium
3532 2798 3695 2849 bono-

2139 2906 2253 2944 rum
2279 2905 2499 2959 operum
2517 2898 2830 2951 exuruntur,
2853 2887 3138 2942 OCCtlllaltl.
3165 2885 3437 2950 Quamvis.
3460 2884 3697 2950 inquam,

2144 2998 2239 3052 per
2264 2983 2361 3035 ltas
2396 2982 2582 3048 vulpes
2610 2980 2953 3047 designentur
2985 2977 3242 3035 haeretici,
3271 2975 3355 3027 bis
3384 2984 3560 3026 tamen
3615 2977 3695 3024 itt-

2141 3073 2479 3126 continentes
2500 3070 2678 3123 cletici
2719 3086 2837 3122 cum
2870 3069 2979 3122 suis
3032 3068 3307 3136 pollicibus
3337 3074 3558 3133 possunt
3594 3080 3695 3115 non

3795 1941 3959 1977 sacra:
3993 1926 4283 1993 Scriptura:
4309 1927 4609 1984 sententiis.
4640 1926 4796 1991 quasi
4820 1927 5128 1993 quibusdam
5158 1926 5349 1995 ligoni-

3794 2015 3892 2065 bus
3914 2014 4185 2075 excolunt,
4214 2016 4402 2066 uberes
4434 2014 4541 2068 illic
4570 2015 4924 2082 spiritualium
4956 2025 5188 2083 segetum
5228 2030 5351 2083 pro-

3795 2114 3985 2155 ventus
4033 2114 4341 2170 erumpunt.
4377 2104 4467 2171 qui
4498 2103 4804 2157 coalestibus
4858 2107 5061 2157 horreis
5090 2104 5349 2172 attgelitus

3795 2194 4111 2249 inferantur.
4146 2196 4250 2250 ille.
4309 2196 4545 2261 inquam,
4576 2209 4700 2247 vere
4748 2208 4903 2247 mons
4931 2203 5013 2247 est
5062 2193 5301 2261 Cpltraiut
5327 2234 5343 2255 ,

3795 2283 3882 2335 tibi
3912 2284 4076 2335 robur
4102 2284 4393 2344 exercitus,
4415 2281 4499 2333 ubi
4533 2280 4746 2334 fortium
4784 2296 4982 2335 cuneus
5014 2281 5343 2334 bellatorum.

3796 2371 3869 2424 lbi
3900 2380 4087 2423 contra
4146 2372 4410 2422 (lialtnlttttt
4476 2370 4690 2424 assidue
4740 2372 4940 2440 geritur
4987 2369 5347 2424 inftederabile

3796 2458 4011 2520 bellum,
4038 2468 4088 2510 ct
4114 2460 4353 2511 cominus
4386 2459 4436 2510 in
4464 2474 4609 2510 artua
4642 2459 5000 2526 congreditur,
5025 2459 5343 2527 ltineaguten

3796 2547 4182 2607 lsraeltarunt,
4253 2547 4394 2599 illinc
4449 2547 4717 2600 exercizus
4792 2546 5177 2599 Cltaldmoruut.
5233 2545 5345 2599 lllic

3795 2636 3942 2703 Agag
3973 2636 4352 2702 pinguissimus
4400 2649 4494 2701 per
4517 2649 4731 2687 matunn
4762 2633 5065 2687 sobrietatis
5095 2635 5145 2686 iit
5177 2633 5343 2687 frusta

3795 2724 4098 2775 conciditur
4136 2722 4183 2788 (Ι
4225 2722 4351 2789 Reg.
4378 2724 4497 2789 xv);
4552 2731 4605 2775 et
4641 2722 4807 2789 Eglou
4845 2737 4935 2775 rex
4980 2722 5129 2776 Moab
5175 2734 5347 2776 trans-

3798 2813 3903 2865 fixo
3927 2812 4153 2875 femore,
4186 2814 4450 2864 castitatis
4490 2812 4667 2877 gladio
4696 2814 4993 2866 trucidatur
5021 2813 5213 2882 (Jtidic.
5240 2816 5342 2881 ιιι).

3798 2901 3897 2966 Qui
3960 2900 4126 2966 Eglon
4179 2902 4559 2967 interpretatur
4601 2900 4787 2953 cilulm
4826 2903 5072 2963 moneris,
5101 2910 5157 2953 ut
5200 2902 5349 2955 victi-

3799 3003 3937 3040 tttattt
3968 2988 4228 3055 signiﬁcet
4262 2989 4589 3053 perditionis.
4615 2987 4727 3041 lllic
4745 2988 5146 3042 Madtanitartun
5176 3006 5339 3059 reges.

3802 3074 3969 3127 Zcbee
3999 3084 4050 3127 et
4081 3074 4351 3133 Salmaua,
4384 3076 4493 3127 veri
4526 3076 4786 3129 Cedeonis
4810 3077 4981 3143 gladio
5024 3080 5347 3146 perimuntur

2142 3162 2577 3217 inconvenienter
2622 3160 2789 3227 aptari
2837 3174 2850 3210 :
2901 3160 2989 3225 qui
3038 3157 3189 3224 quasi
3240 3155 3427 3208 solutis
3473 3153 3691 3221 pediltUS
3720 3150 3764 3207 C
3799 3163 3999 3232 (Judic.
4032 3166 4187 3229 vni);
4225 3165 4330 3216 illic
4364 3165 4414 3216 ιιι
4464 3164 4699 3223 Goliatlt,
4752 3166 5011 3233 superbiae
5061 3177 5218 3236 caput
5254 3168 5344 3221 ab-

2140 3252 2476 3321 gt'adiuntur,
2515 3248 2637 3301 duttt
2674 3246 2969 3301 honestatis
3016 3244 3302 3312 aliquando
3360 3242 3593 3310 speciem
3625 3240 3696 3292 si—

2141 3344 2340 3397 mulate
2370 3343 2723 3411 praetendunt.
2774 3338 2878 3393 Sed
2907 3354 3026 3392 cum
3054 3339 3297 3391 accensis
3327 3334 3531 3388 facibus
3554 3348 3697 3387 com-

2140 3434 2397 3486 biitantur
2442 3433 2493 3484 ιιι
2527 3431 2746 3484 caudis:
2781 3429 2903 3497 quia
2942 3427 3092 3497 quasi
3144 3424 3464 3495 postposito,
3516 3431 3587 3479 et.
3643 3422 3694 3474 in

2140 3532 2395 3591 quantum
2426 3521 2628 3583 valent,
2652 3521 3011 3587 oeettlto,igue
3044 3516 3297 3586 impudici
3329 3512 3700 3582 conglutiuan-

2142 3622 2230 3664 tur
2258 3612 2474 3664 amoris.
2500 3609 2589 3663 lla:
2620 3612 2797 3679 itaque
2827 3607 3131 3676 vttlpeculm,
3150 3608 3265 3674 igne
3292 3602 3693 3663 interveniente,

2141 3699 2455 3765 conjuncta),
2505 3708 2558 3751 et
2612 3698 2843 3750 libidinis
2882 3696 3085 3749 facilius
3132 3694 3467 3752 coutbittatze,
3518 3690 3695 3743 omnia

2140 3787 2579 3843 Pliiltstltinorum
2612 3797 2725 3841 sata
2752 3795 3103 3848 consumunt;
3132 3786 3256 3855 quia
3288 3782 3556 3853 spiritales
3587 3779 3699 3831 fru-

2142 3888 2265 3931 cttts
2297 3877 2548 3931 Ecclesia:
2600 3878 2900 3939 destruunt,
2941 3886 2997 3930 et
3038 3886 3299 3945 quantum
3353 3876 3419 3927 ad
3450 3891 3527 3937 se,
3560 3874 3698 3925 bona

2142 3984 2303 4038 Opera
2338 3968 2507 4021 fidelis
2535 3968 2735 4037 populi,
2764 3968 2956 4021 divinae
2987 3966 3367 4035 indignationis
3420 3968 3539 4035 igne
3578 3983 3699 4022 suc-

2144 4058 2395 4116 cendunt.
2425 4056 2616 4123 dequo
2653 4058 2771 4123 igne
2796 4056 3019 4124 mystice
3066 4070 3161 4123 per
3201 4054 3538 4108 Psaltnistam
3570 4056 3701 4109 dici-

2145 4156 2233 4198 tur
2262 4160 2276 4197 :
2314 4165 2331 4195 ι
2366 4146 2605 4198 Tradidit
2636 4145 2878 4213 grandiui
2924 4144 3163 4213 juntenta
3188 4158 3393 4209 eorum,
3417 4156 3469 4197 et
3492 4161 3696 4214 posses-

2145 4236 2321 4289 siones
2343 4249 2523 4288 eorum
2563 4233 2665 4303 igtti
2708 4230 2879 4302 (Paul.
2931 4237 3155 4302 vavtt).
3191 4250 3209 4283 ι
3244 4233 3505 4298 Quoniam
3560 4236 3699 4287 sicut

2145 4327 2268 4381 boni
2304 4326 2606 4378 sacerdotes
2656 4324 2762 4377 Deo
2799 4324 3157 4391 quorumlibet
3199 4325 3431 4377 tidelittm
3470 4326 3699 4379 oblatio-

2148 4430 2243 4470 Itcs
2271 4424 2322 4467 et
2372 4424 2493 4467 vota
2516 4415 2889 4467 couttttettdant
2914 4430 2935 4475 ;,
2965 4414 3035 4466 ita
3067 4413 3372 4482 plerumque
3400 4417 3490 4485 qui
3528 4420 3696 4472 sacris

3798 3253 4129 3319 scinditur“
4170 3254 4291 3321 Reg.
4320 3254 4480 3322 xvii);
4513 3256 4563 3307 iit
4596 3254 4719 3308 Sattl
4774 3255 5127 3310 inubedientia
5171 3272 5340 3325 tepro-

3800 3342 3959 3395 balur
3985 3340 4032 3411 (Ι
4067 3341 4188 3407 Reg.
4214 3347 4333 3409 xv);
4370 3345 4421 3395 iu
4469 3342 4734 3397 Arltitofel
4786 3344 4931 3397 fraus
4953 3361 5071 3399 eum
5097 3348 5239 3400 omni
5265 3363 5344 3402 sa-

3798 3432 3994 3501 crilega
4038 3433 4347 3500 duplicitate
4404 3435 4748 3502 suspenditur
4792 3433 4876 3503 (ll
4926 3434 5047 3504 Reg.
5083 3436 5239 3505 xvii);
5295 3435 5345 3489 in

3796 3519 3980 3573 Acban
4015 3518 4124 3573 lilio
4150 3518 4386 3581 Cbarnti,
4430 3536 4589 3589 super
4609 3523 4884 3575 avaritiam
4912 3524 5092 3593 iugi-ns
5117 3524 5345 3593 lapidum

3798 3612 4073 3679 congeries
4103 3611 4565 3680 cuntulatanos.
4601 3618 4717 3680 vit).
4766 3612 4838 3666 lbi
4884 3612 5052 3674 Iesus,
5100 3628 5203 3666 non
5260 3614 5346 3668 ille

3800 3699 4005 3755 Benuu.
4033 3702 4297 3753 veraciter
4324 3703 4749 3755 Amorrlttcorutn
4769 3712 4977 3774 supcrat
4997 3719 5168 3772 reges,
5195 3719 5339 3757 suos-

3798 3802 3901 3856 que
3938 3790 4132 3842 milites
4179 3789 4311 3843 facit
4340 3806 4525 3843 eortuu
4552 3793 4761 3845 calcare
4809 3794 5042 3846 cervices
5068 3792 5199 3857 (los.
5245 3794 5339 3859 xi).

3798 3878 3910 3932 lllic
3942 3880 4097 3947 plane
4129 3881 4361 3934 Bcselcel
4412 3882 4475 3933 de
4506 3882 4658 3950 lignis
4701 3882 4880 3943 setitu,
4928 3884 5016 3951 qui
5045 3893 5347 3950 putrescere

3799 3969 4065 4031 nesciunt,
4099 3968 4207 4022 Deo
4244 3968 4405 4022 Israel
4458 3984 4639 4023 arcam
4676 3971 4921 4032 fabricat,
4952 3972 5346 4025 lallCI'lettltlm

3798 4060 4087 4119 construit,
4142 4074 4362 4111 aureum
4406 4074 4526 4111 cum
4565 4070 4764 4127 septem
4819 4060 5052 4114 lucernis
5108 4061 5349 4114 candela-

3800 4145 3954 4198 brum
3980 4147 4174 4215 erigit;
4208 4148 4427 4217 ntystica
4472 4163 4682 4215 quoque
4727 4165 4879 4213 auro,
4908 4149 5231 4217 gemmisque
5274 4148 5347 4200 ni-

3802 4237 3964 4288 tentia
4027 4238 4365 4289 sacerdotum
4432 4248 4745 4289 ornamenta
4830 4239 5095 4303 componit
5156 4237 5344 4306 (Exod.

3800 4325 4012 4389 nstri).
4040 4324 4110 4377 lbi
4145 4324 4393 4378 S..lomon
4427 4326 4679 4393 templum
4732 4326 4955 4379 Domino
4993 4341 5055 4379 ex
5088 4327 5344 4393 lapidibus

3800 4414 4048 4480 pretiosis
4090 4414 4338 4475 aedificat,
4370 4424 4678 4481 tantutttquc
4708 4416 4918 4466 latoniis
4971 4424 5025 4466 et
5064 4426 5349 4467 caementa-

2146 4504 2403 4559 altariltus
2456 4504 2653 4573 indigni
2712 4514 2853 4565 sunt,
2908 4504 3227 4558 ltortibiliter
3274 4518 3511 4574 gravant.
3546 4511 3695 4573 Quod
3726 4491 3774 4548 ί)
3802 4503 3896 4554 riis
3920 4503 4188 4555 Silentium
4223 4504 4469 4570 iIHPt‘J'M.
4507 4513 4563 4555 υι
4613 4519 4718 4555 11011
4755 4503 4823 4555 ibi
4854 4503 5115 4565 mallem".
5148 4518 5349 4555 1⁸01³58·

2145 4604 2323 4650 autem
2356 4594 2476 4647 ntali
2524 4593 2831 4647 sacerdotes
2860 4595 3105 4660 vulpibus
3129 4607 3523 4661 comparentur,
3563 4598 3696 4653 Eze-

2145 4686 2283 4741 cltiel
2317 4700 2527 4753 quoque
2591 4683 2843 4752 propheta
2895 4693 3140 4745 testatur,
3196 4684 3423 4739 dicens:
3460 4706 3478 4737 ι
3536 4687 3697 4753 Quasi

2147 4777 2333 4846 vulpes
2362 4778 2414 4827 itt
2438 4776 2662 4830 desertis
2692 4776 2963 4843 propltctte
2988 4776 3253 4837 Itticrant,
3301 4774 3462 4830 lsrael
3485 4775 3699 4846 (Exerit.

2149 4865 2289 4930 ιιιι).
2339 4883 2355 4913 ι
2400 4863 2463 4915 Et
2523 4865 2590 4916 de
2646 4863 2853 4917 clericis
2882 4863 3093 4932 quidem
3143 4865 3356 4919 interizn
3414 4866 3514 4920 ista
3560 4864 3707 4920 tulli-

2147 4953 2313 5007 ciant.

2217 5040 2294 5093 De
2317 5039 2555 5093 ecclesiis
2583 5047 2779 5101 autem,
2801 5057 2917 5110 qua:
2934 5043 3024 5096 tibi
3048 5043 3309 5109 adjacent,
3331 5045 3696 5105 admonerem,

2147 5148 2215 5187 ne
2244 5145 2393 5183 more
2420 5145 2702 5197 pravorum
2738 5132 3095 5199 quorumlibet
3123 5113 3363 5193 divitum,
3392 5150 3576 5187 carum
3602 5135 3697 5187 bo-

2148 5239 2215 5277 na
2249 5221 2542 5285 minueres;
2576 5222 2664 5275 sed
2691 5238 2810 5275 eunt
2838 5232 2885 5275 te
2910 5234 3187 5290 praesente,
3223 5225 3399 5293 plures
3424 5228 3699 5279 uobiscum

2150 5310 2580 5376 colloquerentur
2605 5312 2832 5379 episcopi
2867 5325 3133 5365 mouaster
3155 5330 3413 5384 orumun
3430 5329 3698 5370 rectores:

2151 5397 2326 5451 nullus
2348 5413 2528 5450 eorum
2555 5398 2670 5459 fttit,
2691 5399 2782 5467 qui
2813 5398 2892 5452 vel
2920 5418 2946 5451 ιι
2974 5410 3042 5461 te,
3076 5402 3153 5453 vel
3185 5420 3212 5453 a
3252 5405 3353 5455 tuis
3381 5414 3693 5473 procurato-

2150 5488 2297 5540 ribus
2340 5502 2369 5537 tt
2399 5488 2499 5538 lam
2552 5489 2650 5541 sibi
2686 5489 2981 5543 molestiam
3022 5505 3440 5560 conquereretur
3490 5495 3699 5557 inferri,

2151 5588 2342 5644 praeter
2395 5575 2558 5646 has
2604 5581 2985 5647 Atzgtisteuscm
3035 5582 3292 5633 duntaxat
3338 5586 3642 5652 episcopum
3686 5600 3698 5635 :

2150 5666 2238 5733 qui
2266 5676 2438 5720 tamen
2468 5683 2571 5722 non
2610 5684 2637 5721 λ
2661 5680 2711 5723 te
2737 5671 2834 5723 sibi
2868 5672 2931 5726 de
2966 5673 3074 5727 Suis
3103 5672 3297 5742 aliquid
3342 5676 3699 5740 imminutum,

3800 4595 3995 4655 curim,
4036 4608 4137 4645 non
4181 4591 4561 4645 ferramentum
4612 4593 4821 4659 aliquod
4856 4592 5047 4644 tinnire
5079 4592 5350 4658 permittat

3803 4681 3920 4749 (Ill
3947 4680 4070 4751 Reg.
4102 4684 4194 4750 vi).
4230 4681 4303 4735 lbi
4333 4682 4628 4735 Zorobabel
4659 4683 4798 4735 (ilius
4831 4680 5104 4742 Salatliiel,
5131 4678 5351 4734 etJosue

3802 4773 3946 4827 filius
3972 4770 4255 4837 Josedcclt,
4308 4789 4429 4826 cum
4479 4782 4669 4827 caetera
4717 4772 5051 4826 multitudine
5100 4774 5350 4824 virtutum

3805 4863 3972 4914 armis
3998 4863 4244 4921 accincti,
4278 4863 4356 4916 sic
4387 4861 4711 4915 llierttsalein
4748 4876 4937 4915 muros-
4957 4862 5274 4920 instaurant,
5299 4868 5353 4911 ut

3804 4961 3979 5004 tamen
4017 4952 4274 5004 adversus
4302 4950 4532 5003 hostium
4563 4966 4761 5004 cuneos
4804 4966 4935 5018 opus
4992 4949 5244 5015 impedire
5270 4964 5352 5001 vo-

3802 5043 4045 5103 lentium,
4080 5058 4317 5109 pugnare
4372 5059 4473 5093 non
4528 5042 4791 5094 desinant.
4840 5041 5130 5108 Utrobique
5193 5040 5350 5107 igitur

3804 5131 4039 5184 solerter
4065 5131 4287 5187 intenti.
4327 5132 4611 5197 utrobique
4651 5130 4842 5197 parati,
4876 5129 4996 5181 dunt
5036 5145 5135 5181 Utta
5166 5143 5351 5180 manus

3802 5229 4081 5273 excreetur
4119 5218 4182 5269 ad
4221 5235 4450 5282 murum,
4483 5219 4650 5271 altera
4676 5220 4936 5271 vibratum
4966 5228 5105 5271 tenet
5142 5217 5339 5285 iugiter

3806 5310 4033 5379 gladium
4073 5325 4082 5359 :
4115 5317 4166 5362 et
4198 5310 4317 5360 dum
4350 5311 4473 5363 hinc
4501 5310 4710 5363 ωιιιιιςιι
4752 5320 5019 5362 structura
5051 5309 5337 5377 perlicitur,

3809 5402 3949 5455 illinc
3995 5401 4351 5469 ingruentium
4409 5402 4639 5454 hostium
4690 5401 4963 5454 barbaries
5023 5400 5351 5469 propulsatur

3810 5494 3855 5565 (Ι
3885 5494 4038 5547 Esdr.
4066 5509 4122 5546 ιιι
4153 5510 4166 5555 ;
4202 5492 4258 5545 ll
4294 5493 4449 5546 Esdr.
4484 5495 4577 5561 tv).

3880 5584 3939 5636 Et
3970 5585 4094 5651 quid
4134 5585 4357 5653 amplius
4390 5586 4638 5652 eloquar?
4664 5584 4770 5638 Nisi
4803 5585 4922 5652 quia
4975 5585 5061 5636 illa
5090 5592 5166 5635 est
5192 5582 5346 5635 ofﬁci-

3811 5690 3876 5726 tta
3928 5672 4149 5739 fabalis,
4184 5674 4234 5727 in
4290 5690 4391 5742 qua
4446 5675 4683 5729 mulieris
4721 5675 5035 5743 evangelica;
5084 5671 5226 5724 (Luc.
5272 5680 5346 5735 sv)

5214 6370 5444 6384 7—.L—ﬁﬁ“
