5514 6650
528 417 623 472 ιιι

1235 408 1475 467 OPUSC.
1520 409 1703 466 XVIII.
1736 438 1804 448 —
1840 407 2116 465 CONTRA
2150 406 2727 462 INTEMPERANTES
2764 403 3127 462 CLElllCOS.

3682 402 3789 461 ιεξ

527 528 787 584 drachma
835 523 1072 595 quotidie
1112 521 1321 577 malleis
1349 521 1645 589 disciplina:
1692 520 1954 590 regularis
1997 535 2096 574 ex-
2124 526 2167 580 Α
2202 518 2547 588 responditzt
2574 517 2630 572 In
2655 534 2705 572 re

1614 536 1645 575 e
1692 520 1954 590 regularis
1997 535 2096 574 ex-
2124 526 2167 580 Α
2202 518 2477 588 respondit
2499 538 2547 571 ει
2574 517 2630 572 In
2655 518 3053 573 resurrectione
3068 532 3239 585 neque
3266 522 3484 581 nubent,
3503 530 3685 586 neque
3699 532 3792 569 nu-

529 616 790 678 tunditur,
818 624 869 666 et
887 614 966 666 sic
990 613 1054 665 ad
1085 612 1165 666 Sltl
1201 611 1502 666 Conditoris
1533 611 1814 680 imaginem
1846 607 1997 677 (Gen.
2032 609 2093 677 ι),

531 706 597 761 ad
654 720 816 773 quam
884 703 1146 771 principio
1204 703 1418 755 condita
1492 701 1687 765 fuerat,
1750 699 2092 753 reformatur.

528 793 598 849 Et
646 810 831 849 revera
884 793 989 846 illic
1034 792 1314 845 mundana:
1393 792 1658 845 machina:
1731 788 1927 851 faber,
2009 788 2096 842 cui

526 885 691 958 417
718 882 981 945 videlicet,
1005 882 1329 951 evangelista
1353 880 1532 934 Marco
1560 889 1807 942 testante,
1840 880 2052 934 dicebat
2082 896 2095 932 :

535 993 555 1026 ι
602 973 754 1028 Unde
781 973 904 1025 huic
939 972 1053 1024 hate
1086 971 1288 1030 omnia.
1324 980 1375 1024 et
1399 985 1518 1037 qua:
1553 978 1634 1021 est
1680 969 1945 1035 sapientia
1979 982 2099 1036 quae
2141 989 2145 992 ν

530 1063 658 1119 data
689 1069 770 1115 est
797 1059 893 1123 illi,
916 1068 970 1112 et
1001 1059 1224 1111 virtutes
1277 1056 1429 1117 tales,
1476 1072 1596 1123 qua:
1626 1072 1723 1124 per
1750 1072 1937 1108 manus
1984 1055 2101 1122 ejus

532 1149 872 1208 efﬁciuntur?
899 1148 1083 1201 Nonne
1104 1148 1207 1201 iste
1229 1157 1311 1200 est
1333 1145 1469 1199 fabri
1490 1146 1631 1198 titius
1652 1157 1701 1198 et
1719 1145 1917 1209 Maria},
1938 1144 2102 1198 frater

529 1242 807 1304 Jacobi,et
837 1238 1126 1309 ioseph,et
1150 1238 1321 1301 Judaa,
1352 1248 1404 1290 et
1433 1237 1710 1291 Simonis?
1734 1256 1751 1288 t
1784 1236 1975 1305 (Marc.
2000 1237 2100 1306 Vl.)

530 1334 648 1397 ille,
686 1336 926 1403 inquam,
985 1331 1120 1383 fahri
1184 1330 1345 1392 filius,
1368 1331 1460 1397 qui
1493 1339 1546 1381 et
1599 1330 1711 1398 ipse
1755 1328 2104 1382 nihilominus

533 1426 707 1489 faber,
764 1424 871 1478 illic
934 1421 1165 1492 prepriis
1228 1422 1476 1474 manibus
1540 1419 1709 1490 agitat
1766 1419 1940 1480 folles,
1997 1432 2105 1471 ser-

533 1534 630 1573 vos
692 1515 896 1572 scilicet
952 1529 1096 1577 suos,
1134 1528 1310 1567 rerum
1371 1513 1741 1579 temporalium
1784 1510 1922 1564 mole
1950 1510 2104 1579 peni-

535 1616 619 1661 tus
642 1619 862 1668 vacuos,
888 1604 1025 1657 etab
1046 1603 1190 1655 omni
1222 1600 1419 1654 terretti
1451 1600 1651 1652 amoris
1684 1601 1905 1652 hutnore
1932 1600 2106 1651 sicca-

535 1705 637 1751 tos.
670 1694 743 1747 De
774 1709 879 1763 quo
918 1693 1067 1746 fabro
1096 1706 1190 1759 per
1219 1690 1405 1742 Isaiam
1427 1689 1604 1741 divina
1631 1703 1731 1741 vox
1760 1687 1833 1739 ait
1862 1704 1873 1738 :
1914 1704 1931 1736 ι
1966 1686 2106 1741 Ecce

531 1800 631 1855 ego
667 1783 856 1841 .creavi
904 1781 1114 1834 fabrum
1146 1777 1443 1833 suillautettt
1495 1778 1546 1831 in
1601 1777 1773 1845 ignem
1805 1792 1938 1843 prun
1958 1790 2021 1836 ιε,
2052 1785 2107 1828 et

2200 605 2415 669 bentur,
2436 609 2528 661 sed
2545 618 2703 661 erunt
2726 608 3054 677 sicutangeli
3081 608 3171 659 Dei
3191 607 3241 660 in
3256 606 3393 659 cmlo
3412 604 3603 674 (Matth
3645 619 3789 665 xm;

2201 698 2329 753 Luc.
2363 699 2479 765 xx).
2518 718 2536 749 ι
2567 698 2724 761 Nam,
2751 699 2794 751 si
2832 698 3118 751 multivira:
3138 699 3203 749 ad
3234 712 3453 764 regnum
3490 695 3580 749 Det
3614 694 3794 748 nulla—

2202 797 2358 842 tenus
2385 790 2738 857 pertinerent,
2767 802 3107 857 nequaquam
3138 786 3225 839 hic
3256 784 3468 838 Veritas
3494 784 3794 854 responde-

2200 888 2277 931 ret
2311 895 2323 929 :
2360 878 2526 930 Erunt
2553 879 2691 931 sicut
2720 880 2893 946 angeli
2929 879 2979 930 itt
3007 880 3146 930 emlo
3171 893 3185 940 ;
3212 877 3303 930 scd
3329 877 3505 945 potius
3536 876 3747 929 diceret
3780 891 3793 926 :

2201 970 2336 1036 Quia
2366 979 2527 1023 erunt
2560 970 2700 1023 sicut
2728 970 2945 1039 maligni
2987 969 3211 1038 spiritus
3241 969 3292 1019 in
3344 966 3578 1018 inferno.
3608 964 3663 1017 ltt
3696 963 3797 1017 hoc

2204 1059 2386 1127 itaque
2418 1057 2718 1112 Salvatoris
2753 1059 2917 1112 verbo
2954 1040 3235 1110 manifeste
3268 1054 3558 1122 colligitur,
3586 1054 3710 1122 quia
3751 1052 3796 1104 si

2203 1147 2452 1216 religiosa
2486 1148 2749 1199 duntaxat
2786 1148 2895 1200 vita
2926 1163 3031 1200 non
3064 1147 3225 1207 desit,
3253 1162 3280 1197 a
3324 1159 3487 1211 regno
3532 1143 3791 1197 coriorum

2202 1236 2530 1307 frequentati
2560 1237 2794 1305 conjugii
2849 1237 3130 1306 pluralitas
3180 1252 3284 1289 non
3338 1235 3597 1288 excludit.
3634 1233 3793 1288 Jesus

2203 1328 2346 1382 enim
2397 1327 2516 1380 talis
2548 1338 2629 1381 est
2671 1342 2922 1396 sponsus,
2959 1336 3013 1379 nt
3056 1340 3433 1395 quamcunque
3485 1323 3652 1394 418
3679 1338 3792 1378 suae

2205 1417 2490 1471 charitatis
2521 1417 2662 1470 ulnis
2696 1417 3059 1486 amplectitur,
3092 1416 3340 1486 protinus
3384 1416 3435 1467 itt
3479 1432 3540 1467 ea
3591 1414 3794 1467 ﬂorida:

2206 1509 2474 1563 castitatis
2503 1509 2765 1563 munditia
2795 1518 3098 1577 reparetur.
3131 1507 3198 1561 Et
3229 1509 3340 1560 haec
3363 1505 3577 1574 loquor,
3602 1522 3708 1557 non
3735 1514 3795 1558 ut

2208 1602 2491 1655 adhibeam
2525 1601 2840 1655 tnultittttbis
2874 1601 3050 1654 adhuc
3095 1598 3289 1652 futuris
3332 1599 3646 1662 audaciam;
3680 1597 3793 1660 sed,

2207 1692 2399 1758 utjatu
2446 1693 2634 1758 factis,
2669 1694 2817 1762 spei,
2852 1691 2931 1746 vel
2962 1692 3291 1762 poenitentia:
3323 1706 3427 1745 non
3477 1693 3795 1744 subtraham

2210 1785 2557 1837 medicinam.

530 1873 891 1945 proferentem
920 1886 1015 1925 vas
1048 1872 1098 1924 in
1131 1885 1264 1937 opus
1292 1883 1447 1923 suum
1481 1866 1615 1937 (Isai
1640 1867 1769 1934 ιιι).
1815 1886 1832 1915 t
1870 1863 2022 1918 Unde
2052 1876 2105 1917 ct
2138 1866 2180 1923 Β
2209 1871 2335 1925 ΟΜ).
2358 1870 2450 1925 ιν.
2484 1901 2552 1910 —
2574 1875 2724 1936 Quae
2769 1882 2909 1923 zelus
2940 1887 3000 1945 ac
3032 1872 3208 1945 pietas
3239 1872 3293 1924 in
3317 1870 3498 1940 judice
3528 1869 3797 1925 moderata

529 1962 830 2017 Jeremias:
868 1979 887 2011 ι
920 1958 1139 2023 Omnes,
1166 1960 1358 2027 inquit,
1394 1958 1481 2011 isti
1517 1958 1788 2025 principes
1810 1955 2105 2019 declinant,

530 2052 867 2105 ambulantes
917 2049 1282 2103 fraudulenter
1315 2064 1327 2099 :
1358 2061 1432 2100 aes
1475 2056 1529 2099 et
1572 2045 1806 2109 ferrum,
1866 2042 2105 2097 universi

520 2141 768 2208 corrupti
814 2149 970 2201 sunt;
1025 2136 1223 2190 defecit
1269 2133 1659 2197 sufllatoriunt;
1714 2134 1765 2186 itt
1806 2133 1927 2201 igne
1978 2147 2110 2185 cutt-

529 2238 804 2299 sumptum
830 2239 910 2284 est
939 2227 1244 2298 plumbum,
1295 2226 1494 2279 frustra
1535 2223 1785 2278 conflavit
1824 2222 2106 2288 conflatur,

527 2321 749 2376 malitia:
777 2321 945 2384 enim_
966 2334 1152 2373 eorum
1184 2334 1288 2371 non
1338 2325 1463 2371 sunt
1516 2324 1883 2384 consumptae:
1912 2327 2105 2383 argen-

530 2421 639 2465 tum
697 2377 980 2479 reprobnln
1017 2418 1204 2462 vocate
1254 2422 1367 2474 eos,
1417 2406 1544 2476 quia
1574 2405 1837 2461 Dominus
1879 2405 2111 2474 proiecit

536 2498 655 2552 illos
688 2497 823 2567 (Jer.
853 2497 951 2565 vr).
983 2515 1001 2547 ι

594 2598 699 2651 Per
731 2598 829 2651 bos
874 2597 1053 2664 itaque
1082 2596 1187 2649 vim
1236 2595 1469 2663 Spintus
1505 2595 1679 2649 sancti
1710 2593 1883 2658 efflat,
1920 2602 1980 2647 ut
2011 2608 2105 2648 eo-

528 2704 647 2743 rum
693 2687 897 2751 verbis,
933 2686 1015 2740 vel
1065 2686 1326 2755 exemplis
1354 2687 1406 2739 itt
1456 2702 1640 2741 amore
1674 2686 1979 2741 Conditoris
2026 2688 2108 2741 sui

525 2778 728 2849 frigida
775 2778 935 2831 corda
986 2775 1312 2830 fervescant.
1352 2776 1465 2830 Illic
1510 2777 1667 2845 plane
1697 2776 1853 2830 .lesus
1874 2792 2015 2844 stt-pe
2042 2777 2109 2830 ad

527 2869 820 2939 discipulos
854 2883 979 2922 suos
998 2866 1179 2936 januis
1200 2868 1396 2922 clausis
1434 2868 1735 2937 ingreditur
1758 2868 1908 2937 (Luc.
1940 2884 2104 2933 xxrv;

529 2960 688 3013 Joan.
724 2959 818 3029 xx)
843 2978 854 3011 :
887 2958 1080 3028 quibus
1112 2974 1216 3012 non
1244 2960 1403 3013 modo
1433 2974 1527 3026 per
1556 2960 1936 3012 salutationem
1961 2958 2110 3027 pacis

531 3052 736 3117 prtehet
753 3048 1066 3117 alloquium,
1097 3049 1190 3101 sed
1218 3048 1381 3101 etiam
1412 3064 1505 3116 per
1538 3047 1946 3101 insufllationem
1981 3064 2109 3102 san—

527 3141 596 3193 cti
649 3140 887 3207 S,.iritus
933 3136 1103 3191 influit
1145 3148 1558 3191 sacramentum.
1603 3139 1656 3191 In
1692 3139 1781 3191 illo
1827 3140 2107 3192 cmnaculo

519 3228 731 3284 Pascha
774 3228 1014 3299 quotidie
1046 3241 1169 3281 cum
1199 3229 1400 3281 eisdem
1434 3228 1708 3296 discipulis
1736 3228 1976 3282 celebrat
2003 3247 2015 3281 :
2050 3239 2105 3282 et

527 3320 650 3373 dum
697 3319 955 3372 virtutem
1001 3318 1210 3388 mystici
1242 3319 1507 3371 sermonis
1530 3326 1760 3381 eructat,
1793 3334 1885 3372 eos
1908 3320 1974 3372 ad
2012 3335 2103 3372 ar-

530 3408 709 3461 dorem
739 3422 853 3462 sua:
882 3406 1183 3461 dilectionis
1207 3406 1519 3461 inflammat.
1551 3406 1739 3476 Opem:
1765 3410 1997 3477 pretium
2023 3418 2105 3463 est

528 3511 768 3559 eernere,
796 3497 1067 3565 quomodo
1106 3511 1331 3551 examen
1366 3511 1525 3564 apum
1558 3497 1767 3550 Domini
1799 3513 1895 3566 per
1920 3499 2103 3552 alvea-

528 3587 661 3640 rinm
708 3602 871 3640 suum
901 3587 1104 3655 jugiter
1142 3585 1246 3639 huc
1285 3585 1517 3653 illucque
1569 3587 1900 3651 discurrant,
1935 3602 1997 3641 ac
2026 3587 2110 3641 di-

527 3674 700 3727 versis
721 3673 911 3728 ciliciis
935 3683 1229 3742 occupatae,
1248 3674 1389 3741 quod
1414 3674 1518 3727 illis
1543 3672 1839 3741 iniunctum
1866 3686 1969 3739 est,
1990 3692 2107 3731 cer—

531 3762 676 3815 tatim
720 3761 945 3830 implere
988 3763 1336 3816 contendant.
1369 3761 1546 3817 Onera
1586 3765 1851 3832 siquidem
1894 3766 2105 3820 diversa

528 3862 891 3923 comportant,
922 3852 1076 3906 mella
1102 3857 1427 3921 constipant,
1459 3854 1694 3922 ilhulque
1728 3865 1916 3909 nectar
1938 3857 2107 3910 inclu-

528 3940 675 4005 dunt,
704 3942 848 3995 unde
879 3943 980 3995 lavi
1014 3941 1132 3994 miri
1160 3941 1424 4005 dulcoris,
1456 3952 1513 3995 et
1541 3946 1727 4013 gratiae
1771 3949 1966 3999 summi
2003 3948 2107 4001 Re-

528 4034 607 4101 gis
630 4032 855 4087 ferculis
878 4043 1233 4100 opponantur.
1264 4033 1375 4087 lllie
1406 4037 1458 4087 in
1491 4052 1781 4105 conschtu
1819 4039 1984 4093 David
2017 4055 2104 4095 re-

527 4124 606 4193 gis
648 4123 813 4177 Israel
852 4124 1181 4185 sacerdotes,
1216 4134 1271 4177 et
1303 4124 1495 4189 letittn,
1523 4127 1681 4181 simul
1724 4139 1777 4181 et
1814 4128 2103 4197 Νιιῑιιίιιωί,

528 4213 712 4276 nabtis,
764 4212 925 4276 tubis,
982 4212 1180 4265 cluat-is
1226 4212 1491 4286 [evnit-is],
1550 4225 1603 4269 et
1660 4218 1911 4282 citharis,
1970 4236 2103 4273 cun-

529 4304 730 4372 ctisque
782 4304 1109 4356 musicorum
1166 4306 1452 4371 generibus
1512 4317 1834 4376 concrepant
1885 4307 1936 4377 (1
1975 4308 2101 4362 Par.

531 4382 638 4457 xvf,
672 4409 736 4447 ac
772 4392 982 4461 mystici
1025 4392 1280 4445 carminis
1317 4409 1517 4462 organa
1554 4398 1908 4460 modulantes,
1942 4414 2108 4452 excu-

529 4485 730 4537 biartttn
779 4500 999 4537 suarum
1030 4483 1174 4536 vices
1214 4483 1505 4549 alternant,
1536 4488 1775 4543 dicentes
1809 4506 1822 4542 :
1870 4509 1885 4539 ι
1921 4490 2103 4544 Conli-

531 4578 705 4629 temiui
762 4577 1007 4638 Domino,
1054 4576 1306 4644 quoniam
1343 4578 1531 4639 bonus,
1560 4582 1811 4646 quoniam
1856 4583 1907 4634 iu
1949 4591 2108 4635 teter-

530 4680 647 4717 ttutn
698 4663 1066 4717 misericordia
1116 4664 1231 4732 ejus
1266 4664 1433 4734 (Psttl.
1470 4672 1575 4735 εγ).
1617 4687 1635 4718 t
1669 4666 2101 4736 Omnipotentetn

530 4751 689 4805 Deum
740 4768 955 4820 precor,
986 4767 1019 4804 θ
1055 4751 1393 4816 Fructuaria,
1428 4766 1479 4807 ut
1520 4766 1643 4808 ante
1678 4772 1762 4809 nte
1799 4760 1861 4825 de
1893 4760 2105 4814 vinculo

530 4844 701 4895 carnis
745 4843 906 4910 hujus
963 4842 1232 4905 absolvat,
1274 4858 1432 4911 quam
1490 4854 1540 4898 te
1581 4849 1647 4899 alt
1694 4862 1756 4901 eo
1797 4850 1849 4902 itt
1896 4866 2003 4919 quo
2055 4862 2104 4905 te

530 4932 664 4993 vidi,
714 4930 993 5001 religionis
1050 4939 1193 4985 stam
1254 4932 1547 5001 dejeetant,
1593 4939 1856 4992 veraciter
1917 4942 2103 4995 audire

531 5024 818 5086 permittat.

599 5110 669 5165 De
700 5124 922 5174 cmtero.
955 5116 1274 5169 venerabilis
1297 5132 1470 5181 soror,
1495 5120 1757 5174 contende
1793 5136 2004 5189 semper
2034 5124 2099 5178 de

534 5198 678 5256 bouis
705 5204 771 5255 ad
800 5204 1025 5256 meliora
1049 5207 1409 5259 conscendere
1441 5225 1451 5259 :
1489 5216 1541 5261 ct
1573 5210 1710 5263 sicut
1747 5226 1842 5278 per
1866 5212 2095 5277 Aposto-

535 5289 635 5344 Ium
685 5294 994 5361 prohiberis
1040 5294 1093 5346 in
1144 5296 1348 5350 incerto
1391 5298 1697 5353 divitiarum
1757 5318 2004 5369 sperare;
2047 5303 2095 5374 (Ι

538 5373 662 5430 Tim.
692 5379 781 5443 Vl)
816 5383 889 5433 ita
925 5382 1084 5435 etiam
1116 5384 1221 5436 noli
1252 5400 1316 5438 ex
1349 5388 1543 5441 divina:
1572 5390 1871 5448 clementia:
1901 5373 2100 5463 pietate

536 5464 781 5522 difﬁdere.
828 5470 889 5521 Et
924 5472 1047 5538 quia
1086 5481 1136 5527 te
1175 5478 1293 5529 novi
1339 5478 1404 5531 de
1436 5478 1624 5533 iterata
1669 5482 1897 5553 conjuin
1934 5490 2100 5555 genti-

536 5567 740 5611 nat:one
765 5572 1104 5628 suspectam;
1139 5572 1371 5619 tentatus
1417 5584 1444 5621 a
1496 5570 1801 5626 SadJnea‘is‘
1843 5577 2099 5633 Dozttintts

537 5645 597 5735 de
626 5650 866 5707 muliere.
903 5668 1021 5719 quae
1057 5665 1259 5721 septem
1302 5656 1476 5712 fuerat
1505 5660 1764 5717 fratribus
1805 5678 1986 5735 nupta,
2017 5672 2100 5722 cui

539 5730 661 5788 foret
678 5738 891 5793 illorum
909 5743 958 5793 in
979 5746 1369 5800 resurrectione
1386 5764 1495 5818 prze
1509 5730 2100 5822 ce:erisjudicattda,sic

2807 1956 2917 1993 esse
2954 1941 3193 1994 debeant.

2273 2051 2407 2106 Esto
2454 2052 2595 2106 circa
2628 2051 3006 2121 delinquentes
3036 2054 3269 2121 quadam
3305 2053 3484 2107 librati
3528 2052 3799 2108 examinis

2209 2153 2323 2196 arte
2356 2144 2623 2207 discreta;
2654 2156 2712 2197 ut
2744 2161 2841 2198 nec
2871 2144 2935 2196 ad
2968 2144 3262 2198 vindictam
3300 2144 3697 2213 prteeipitauter
3720 2144 3799 2198 in-

2208 2230 2448 2293 ferveas.
2476 2249 2573 2287 nec
2595 2235 2659 2286 ad
2687 2235 3015 2303 parcendum
3039 2236 3113 2289 sis
3134 2237 3353 2288 omnino
3384 2236 3637 2298 remissa;
3662 2249 3800 2302 qna-

2210 2332 2367 2376 teuus
2397 2337 2494 2376 nec
2524 2322 2591 2375 ad
2632 2324 2998 2378 ulciscendum
3034 2324 3424 2378 immoderatus
3455 2338 3504 2378 te
3533 2325 3683 2379 zelus
3712 2339 3803 2380 ac-

2207 2410 2425 2478 cendat,
2459 2430 2557 2469 nec
2588 2417 2753 2469 nimia
2804 2417 2978 2486 pietas
3009 2417 3079 2471 ab
3112 2418 3433 2471 exercendae
3462 2426 3515 2469 te
3566 2416 3802 2485 discipli-

2208 2521 2293 2557 na:
2326 2505 2509 2573 vigore
2548 2506 2823 2558 cohibeat.
2855 2506 2998 2558 Sane
3026 2506 3150 2573 quia
3184 2521 3333 2569 mox,
3366 2517 3421 2557 ut
3458 2504 3687 2559 infertur
3716 2506 3801 2559 in-

2201 2591 2367 2660 jutia,
2413 2594 2760 2661 perturbatur
2807 2594 3042 2657 animus,
3088 2596 3173 2647 vix
3229 2606 3435 2649 rectum
3467 2595 3611 2650 illico
3659 2595 3803 2651 valet

2210 2687 2558 2754 promulgare
2604 2685 2887 2754 judicium.
2946 2689 3098 2744 Sicut
3150 2691 3292 2744 enim
3330 2692 3589 2746 intuentis
3626 2691 3801 2745 visum

2210 2796 2370 2849 aqua,
2395 2785 2519 2835 dttttt
2547 2784 2801 2850 quiescit,
2841 2784 3109 2847 admittit;
3140 2786 3183 2837 si
3232 2785 3497 2846 turbatur,
3520 2784 3800 2852 obtundit;

2210 2874 2289 2927 sic
2318 2874 2585 2926 humanus
2611 2875 2826 2927 animus
2868 2876 2920 2927 itt
2952 2877 3065 2942 ipso
3110 2876 3534 2943 perturbationis
3572 2875 3803 2930 articulo

2212 2964 2526 3019 inofl'cmatn
2576 2969 2706 3020 recti
2733 2967 2920 3033 judicii
2953 2970 3212 3038 regulam,
3263 2979 3317 3023 et
3354 2972 3551 3023 lineam
3585 2984 3689 3024 ttOtt
3723 2980 3804 3025 at-

2214 3057 2401 3108 tendit.
2440 3054 2591 3109 Unde
2625 3072 2845 3110 necesse
2884 3069 2987 3119 est.
3026 3066 3083 3109 ut
3126 3060 3176 3112 in
3217 3070 3491 3127 posterum
3532 3060 3803 3114 sententia

2211 3147 2506 3211 differatur,
2534 3159 2819 3219 quatenus,
2842 3162 3051 3220 atqnata
3070 3153 3296 3222 justitia:
3318 3156 3491 3215 lance.
3516 3156 3801 3225 judicium,

2211 3250 2351 3307 quo:
2381 3240 2691 3307 perturbata
2726 3244 3065 3306 nequiverat,
3094 3258 3246 3297 mens
3276 3246 3455 3312 quieta
3484 3246 3800 3314 suspendat.

2210 3323 2265 3377 In
2284 3341 2388 3393 qun
2410 3327 2568 3393 plane
2599 3342 2699 3379 non
2736 3329 3016 3380 minimum
3048 3331 3112 3381 ad
3134 3332 3544 3385 attlilitalionetn
3571 3335 3807 3401 pertinet

2210 3413 2433 3473 intueri.
2474 3430 2566 3467 rex
2623 3414 2791 3467 David
2827 3433 2989 3485 quam
3043 3418 3280 3485 quietus,
3310 3435 3474 3487 quam
3520 3422 3703 3489 gravis
3748 3425 3802 3477 in

2207 3505 2639 3573 promulgatione
2657 3507 2847 3575 judicii
2878 3506 3064 3570 fuerit,
3097 3516 3151 3563 et
3188 3510 3474 3564 discretus.
3507 3512 3607 3577 Qui
3645 3514 3803 3567 nimi-

2210 3608 2333 3646 rma
2357 3593 2493 3646 Joab
2550 3607 2603 3647 et
2641 3595 2820 3649 Semei
2866 3612 2925 3650 se
2963 3599 3204 3666 graviter
3241 3600 3517 3655 olI'endeut
3552 3618 3598 3664 s,
3632 3604 3805 3659 donec

2214 3682 2369 3745 vixit,
2403 3693 2453 3736 et
2498 3684 2550 3736 in
2604 3698 2669 3739 eo
2699 3685 2802 3746 ira,
2835 3686 2917 3739 vel
2949 3687 3104 3741 furor
3140 3678 3315 3743 locum
3353 3678 3565 3745 'habere
3604 3694 3801 3760 potuit,

2208 3771 2587 3838 a‘qnallllttllm‘
2633 3775 2921 3837 toleravit;
2968 3792 3087 3831 cum
3121 3793 3251 3833 vero
3275 3782 3383 3849 jam
3419 3783 3806 3849 prottinquaret

2209 3860 2275 3913 ad
2306 3860 2536 3926 obitum,
2568 3873 2623 3918 et
2654 3865 2815 3919 nullis
2844 3866 2971 3919 olim
3006 3869 3194 3937 sopita:
3229 3872 3522 3924 iracundiae
3570 3870 3804 3926 stimulis

2209 3962 2510 4017 urgeretur,
2541 3955 2798 4023 pratcepit
2846 3954 2975 4017 filio,
3012 3967 3069 4010 ut
3118 3967 3236 4028 post
3282 3970 3510 4014 mortem
3559 3976 3712 4014 suam
3747 3960 3800 4016 in

2208 4041 2324 4096 illos
2349 4044 2683 4100 vindicaret:
2711 4058 2837 4101 tunc
2863 4050 3112 4106 videlicet
3133 4068 3255 4107 cum
3274 4066 3394 4106 eunt
3421 4054 3670 4108 humanis
3686 4055 3801 4123 jam

2208 4130 2369 4186 rebus
2396 4145 2731 4203 exemptum,
2762 4136 3143 4194 offendentiutn
3186 4157 3343 4212 poena
3377 4144 3648 4199 delectare
3688 4161 3796 4205 non

2208 4231 2410 4288 posset.
2451 4242 2468 4272 ι
2503 4224 2604 4286 Τυ,
2653 4226 2847 4296 inquit,
2888 4231 3050 4292 nosti,
3095 4247 3214 4300 qua:
3264 4233 3451 4287 fecerit
3502 4235 3632 4287 milti
3663 4234 3799 4291 Joall

2209 4310 2349 4366 ﬁlius
2369 4311 2575 4367 Sarvize
2605 4331 2617 4366 :
2651 4332 2771 4384 quae
2794 4318 2981 4372 fecerit
3026 4321 3234 4375 duobus
3280 4325 3614 4391 principibus
3646 4343 3801 4381 exer-

2208 4402 2348 4455 citus
2384 4402 2569 4467 Israel,
2604 4406 2787 4459 Ahtter
2830 4406 2939 4459 lilio
2967 4407 3095 4471 Ner,
3132 4420 3181 4463 et
3211 4414 3425 4465 Atnasm
3455 4414 3565 4467 filio
3593 4414 3800 4479 Jetlter,

2208 4506 2343 4560 quos
2396 4494 2639 4557 occidit,
2682 4507 2732 4547 et
2782 4496 2971 4549 effudit
3013 4502 3331 4568 sanguinem
3381 4503 3501 4555 belli
3563 4505 3613 4556 itt
3671 4520 3803 4572 pace

2213 4579 2331 4648 (III
2366 4578 2489 4649 Reg.
2522 4582 2603 4649 rt).
2649 4602 2667 4632 ι
2704 4584 2767 4635 Ει
2811 4588 2969 4653 paulo
3016 4597 3171 4655 post:
3212 4607 3228 4637 ι
3274 4589 3463 4644 Facies
3488 4607 3617 4662 etgo
3641 4591 3798 4659 juxta

2210 4672 2533 4738 sapientiam
2566 4684 2733 4738 luant,
2759 4686 2815 4728 et
2848 4692 2951 4730 non
2986 4680 3218 4734 dedoces
3242 4682 3495 4734 Canitiem
3521 4680 3635 4750 ejus
3655 4684 3801 4753 paci-

2210 4758 2310 4814 fice
2337 4762 2402 4813 ad
2440 4762 2661 4816 inferos.
2703 4783 2722 4816 ι
2757 4764 2832 4818 Dc
2862 4765 3041 4821 Semei
3076 4784 3201 4823 vero
3240 4771 3353 4824 ait:
3396 4790 3415 4821 ι
3454 4770 3630 4827 llaltes
3666 4790 3800 4843 quo-

2208 4864 2314 4918 que
2358 4854 2496 4918 apud
2530 4862 2580 4904 te
2608 4854 2787 4906 Semei
2818 4854 2983 4908 filium
3025 4857 3188 4919 Cera.
3233 4860 3325 4912 filii
3367 4863 3563 4929 gemini
3597 4865 3662 4917 de
3694 4863 3791 4919 Ba-

2209 4939 2527 5009 Iturim.qui
2569 4944 2847 4998 maledixit
2905 4947 3034 4999 mihi
3095 4949 3475 5003 maledictione
3540 4954 3793 5022 pessima,

2207 5032 2422 5097 quando
2450 5032 2590 5085 ibam
2620 5034 2684 5085 ad
2713 5046 2911 5088 castra.
2946 5055 2962 5087 t
3000 5037 3063 5090 Et
3094 5043 3279 5107 paucis
3316 5043 3666 5112 interpositis,
3704 5045 3791 5100 ad-

2206 5120 2342 5173 didit
2374 5140 2386 5173 :
2422 5140 2439 5171 ι
2471 5122 2711 5177 Dedttcrs
2737 5142 2901 5181 cauos
2932 5128 3047 5196 ejus
3081 5145 3201 5183 cum
3234 5134 3497 5201 sanguine
3532 5135 3596 5187 ad
3626 5136 3791 5191 infer-

2206 5226 2334 5263 ntun
2360 5211 2571 5282 (lbid.).
2601 5235 2617 5265 ι
2650 5215 2750 5270 ῢὺι
2784 5220 3099 5282 notandam,
3130 5236 3290 5289 quam
3325 5224 3608 5278 laudabilis
3637 5228 3792 5295 huius

2208 5304 2306 5358 viri
2357 5302 2541 5367 fuerit,
2590 5317 2644 5360 et
2686 5310 2999 5362 adtttiranda
3054 5313 3343 5379 discretio;
3392 5318 3515 5384 quia
3557 5319 3792 5385 quandio

2208 5400 2379 5464 potuit
2421 5401 2604 5465 irasci,
2638 5403 2806 5456 noluit
2840 5406 3148 5469 vindicare,
3181 5409 3468 5465 deficiente
3514 5427 3638 5465 vero
3679 5412 3792 5480 jam

2207 5490 2351 5539 omni
2387 5487 2585 5543 furoris
2652 5505 2700 5544 et
2736 5494 2828 5546 ira:
2858 5498 3104 5557 tt':a'.eria,
3140 5513 3206 5551 ne
3245 5501 3545 5566 ιιιυτίιιειίηι
3573 5505 3811 5559 omnino

2204 5578 2490 5645 justitiam,
2536 5581 2754 5635 ιιΙιίοι.ἰ.›
2788 5588 2998 5638 exeruit
3044 5588 3407 5655 disciplinam.
3459 5592 3591 5646 Cum
3642 5596 3785 5649 enim

2210 5670 2351 5723 ultor
2379 5688 2483 5724 non
2517 5674 2677 5727 habet
2706 5677 2905 5743 aliquid
2948 5678 3012 5731 de
3052 5695 3169 5743 suo,
3196 5690 3321 5735 tunc
3350 5696 3496 5738 tecto
3528 5688 3789 5755 depromi-

2216 5772 2298 5815 tur
2336 5764 2570 5819 vindicta
2618 5763 2842 5834 judicio.
2906 5768 3059 5824 L’nde
3117 5770 3281 5826 David
3332 5789 3435 5828 non
3472 5778 3788 5845 pascebatur

4586 6214 5100 6448 -‘
