5514 6650
0 6388 753 6650 ..ὲ-

2148 527 2265 583 425

40 18 957 264 ς’,

2597 523 2654 577 S.
2696 516 2901 577 PETRI
2937 514 3223 575 DAMIANI
3252 512 3405 576 OPP.
3439 511 3676 571 TOIIUS
3706 510 3841 569 SEU
3878 510 4060 569 PARS
4094 511 4181 568 Ill.
4219 538 4292 554 -
4327 507 4691 568 OPUSCULA
4730 503 4941 573 VAilIA

5281 499 5383 557 ιΞι

2151 638 2419 703 vindicta,
2450 636 2573 707 quia
2597 648 2698 689 nec
2722 631 3069 688 cruciabatur
3088 628 3283 697 injuria
3312 640 3329 681 :
3360 640 3469 681 non
3498 640 3621 681 eum
3643 638 3731 678 ze-
3754 630 3806 687 Α
3834 622 4213 678 lonasterlum
4242 630 4503 692 prmterea
4530 618 4961 707 l-‘ructuariense,
4985 624 5240 707 tanquam
5270 628 5392 707 vero

2162 730 2249 785 lus
2275 729 2400 784 fecit
2422 726 2806 781 immoderatus
2835 736 3140 786 accensum,
3170 732 3273 773 nec
3301 718 3475 787 pietas
3500 713 3731 769 reddidit

2158 818 2466 873 inordinata
2500 814 2804 869 remissum.
2837 812 2928 865 Sic
2952 811 3031 869 sic
3058 808 3262 862 illatam
3288 806 3555 860 discretus
3591 803 3733 855 ultor

2168 905 2442 973 injuriam,
2465 913 2518 957 et
2555 917 2659 956 non
2689 899 2943 954 remissus
2986 896 3230 959 indulsit,
3263 903 3316 948 et
3353 910 3458 949 non
3508 891 3733 945 ξενίαις

2169 996 2479 1051 vindicavit.
2505 992 2585 1048 Tu
2608 1002 2838 1061 quoque,
2860 987 3183 1042 venerabilis
3206 999 3379 1047 soror,
3410 992 3462 1037 et
3495 981 3733 1043 domina,

2170 1083 2329 1151 hujus
2356 1084 2566 1137 imitare
2599 1079 2769 1135 sancti
2810 1078 2951 1146 regis
2978 1074 3302 1144 exemplum,
3331 1081 3393 1125 ut
3421 1071 3634 1139 pietatis
3662 1070 3733 1123 si-

2174 1175 2286 1230 mul
2320 1184 2478 1242 atque
2498 1170 2720 1241 jnstitia:
2769 1182 3037 1235 nunquam
3067 1166 3284 1220 deseras
3309 1162 3633 1216 institutum.
3657 1159 3734 1213 ita

2176 1275 2379 1325 tamen,
2408 1275 2465 1316 ιιι
2484 1261 2637 1329 juxta
2670 1257 3016 1329 apostolicum
3046 1261 3393 1323 praeceptum,
3423 1247 3735 1320 superexal-

2174 1362 2254 1408 tet
2282 1350 2646 1408 misericordia
2667 1348 2828 1420 519
2846 1344 3105 1413 judicium
3135 1340 3276 1411 (Jac.
3306 1340 3398 1411 n);
3435 1348 3489 1394 et
3514 1340 3592 1394 sic
3619 1352 3739 1391 om-

2168 1445 2263 1499 nis
2286 1441 2473 1510 judicii
2505 1442 2576 1494 lui
2607 1439 2841 1493 calculus
2883 1435 2949 1490 ad
2978 1433 3363 1503 omnipotentis
3398 1430 3489 1484 Dei
3518 1428 3739 1500 gloriam

2172 1532 2403 1595 tendat;
2435 1538 2696 1597 quatenus
2715 1524 2925 1595 expleto
2954 1523 3228 1577 commissi
3248 1522 3512 1576 viilicatus
3541 1518 3733 1583 oﬂicio,

2178 1618 2227 1675 is
2253 1620 2340 1688 qui
2370 1628 2514 1671 tuum
2545 1626 2689 1671 tenet
2718 1630 2857 1669 nunc
2884 1614 2937 1667 in
2967 1615 3078 1667 suis
3108 1612 3356 1667 manibus
3379 1612 3644 1681 spiritum,
3673 1609 3740 1663 de

2168 1719 2396 1766 terreno
2435 1718 2483 1763 te
2512 1709 2579 1763 ad
2612 1706 2842 1763 cmlestis
2873 1704 3057 1778 gloria:
3085 1704 3347 1776 provehat
3366 1700 3743 1773 principatum.

3831 711 4123 765 thalamum
4164 708 4331 773 Jesu,
4368 718 4474 763 tua:
4522 706 4691 776 magis
4750 721 4815 760 ac
4858 705 5027 774 magis
5081 700 5393 758 commendo

3832 792 4123 857 custodia):
4151 801 4243 854 cui
4272 814 4472 868 quaeso,
4500 799 4571 851 ita
4602 796 4886 866 rei-vigiles
4903 794 5145 849 tuitioois
5173 802 5277 847 tua
5306 790 5393 846 do-

3835 890 4007 960 pende
4033 903 4245 957 semper
4284 888 4559 949 excubias.
4581 885 4743 958 420
4770 896 4827 939 ιιι
4849 901 4946 954 per
4978 894 5029 939 te
5049 883 5285 939 cmlcstis
5306 878 5395 935 ille

3836 993 4061 1047 sponsus
4082 986 4209 1030 tuus
4238 976 4289 1029 in
4334 991 4400 1029 eo
4430 977 4668 1029 suaviter
4698 974 5015 1042 requiescat.
5045 970 5397 1040 OmnipOtenl

3841 1067 3980 1121 Deus
4006 1078 4055 1121 te
4077 1082 4141 1121 ac
4163 1076 4281 1120 tuos
4307 1067 4466 1136 regite
4488 1066 4689 1119 scilicet
4710 1065 4921 1129 indolis,
4939 1064 5073 1119 filios
5095 1061 5395 1126 benedicat.

3841 1171 4039 1227 eosque
4066 1173 4169 1211 non
4198 1157 4353 1209 modo
4381 1157 4444 1210 ad
4465 1156 4653 1215 anatis.
4681 1154 4773 1207 sed
4798 1154 4961 1209 etiam
4993 1152 5291 1207 sanctitatis
5320 1150 5395 1204 in.

3841 1257 4115 1303 crementa
4167 1246 4441 1315 perducat.
4490 1245 4745 1301 Dominus
4785 1254 4961 1298 autem
4992 1242 5250 1296 Atlraldus
5273 1240 5393 1294 Bre-

3843 1336 4103 1390 metensis
4132 1344 4307 1388 rector
4333 1334 4585 1399 cmuobii,
4617 1334 4697 1388 vir
4737 1332 4983 1388 videlicet
5023 1331 5301 1401 religiosus
5348 1335 5394 1383 et

3844 1429 4101 1496 prudens,
4128 1442 4191 1481 ex
4225 1439 4309 1481 me
4349 1441 4445 1495 per
4479 1434 4531 1480 te
4569 1424 4953 1479 oﬂiciosissime
4990 1422 5266 1477 salutetur.
5299 1417 5395 1485 Qui

3839 1519 3884 1573 si
3915 1517 4047 1579 vult,
4098 1526 4156 1571 ut
4185 1516 4286 1573 sibi
4316 1530 4529 1587 quoque
4574 1513 4773 1572 alicuid
4822 1509 5397 1580 scnhmdcribsttdo

3835 1607 4133 1680 prmcipiat.
4433 1599 4439 1608 ’
4532 1662 4540 1670 ,
4688 1672 4693 1673 ί

4159 1695 4243 1751 Sit
4282 1711 4465 1751 uatium
4504 1695 4711 1750 Domini
4748 1694 5082 1749 benedictum.

2182 1876 5399 1923 MM

2471 2039 2823 2113 mm
2878 1965 3717 2169 OPUSCULUM
3796 2047 4452 2161 DECIMUM
4537 2043 5079 2158 NONUM.

2554 2292 2653 2355 DE
2694 2289 3240 2353 ABDICATIONE
3282 2284 3828 2348 EPISCOPATUS.
3876 2283 3982 2343 AD
4024 2280 4439 2342 NICOLAUM
4470 2279 4527 2342 ll
4572 2278 4768 2341 BOM.
4812 2277 5035 2340 PONT.

3558 2471 3935 2492 w—

2188 2618 2812 2681 Aucuusuruu.—Oral
2845 2618 3150 2697 pontiﬁcem
3184 2633 3475 2697 summum,
3508 2617 4313 2697 suppliciterque.obsecrat,ut
4339 2631 4366 2668 s

3221 2633 3475 2697 nmmum,
3508 2617 4237 2697 suppliciterqueobsecrat,
4255 2626 4313 2669 ut
4339 2615 4439 2695 sibi
4465 2615 4800 2697 episcopatus
4826 2630 4960 2697 ontts
4982 2614 5253 2697 deponere
5282 2631 5399 2697 per:

2264 2695 2440 2747 mittat
2470 2708 2482 2743 τ
2509 2703 2702 2743 causas
2730 2690 3028 2757 pra‘eipuas
3050 2686 3225 2748 aﬂert,
3258 2688 3396 2755 quod
3428 2685 3621 2739 senior
3640 2688 3731 2748 sit,
3762 2698 3814 2739 et
3844 2685 4046 2757 idcirco
4076 2688 4239 2757 quieti
4274 2686 4442 2757 magis
4472 2701 4629 2757 quam
4676 2685 4941 2737 laboribus
4981 2686 5226 2746 idoneus;
5262 2688 5403 2755 quod

2265 2762 2392 2815 illud
2420 2753 2745 2811 laboriosum
2775 2753 2968 2835 munus
2990 2772 3092 2835 non
3129 2753 3337 2824 sponte,
3359 2758 3462 2835 sed
3482 2766 3708 2835 coactus
3740 2756 4055 2835 susceperit,
4076 2753 4395 2835 “etuleniuue
4416 2753 4564 2835 quod
4585 2764 4799 2835 prppter
4820 2768 4916 2806 sua
4948 2765 5187 2835 peccata,
5208 2753 5405 2823 ut'ipse

2266 2828 2456 2896 inquit,
2487 2828 2732 2894 indignus
2778 2826 2963 2896 sitqui
2998 2828 3051 2896 in
3084 2822 3191 2877 tam
3224 2826 3442 2896 excelso,
3482 2825 3702 2896 honoris
3740 2825 4119 2896 »ειῄιιίεωίιςιιίε
4151 2824 4361 2890 fastigio
4377 2824 4592 2896 sedeat.
4639 2822 4832 2876 Licere
4878 2833 5077 2896 autem,
5105 2825 5147 2877 si
5178 2825 5248 2875 ita
5270 2822 5405 2896 tein-

2261 2892 2361 2968 pus
2406 2904 2498 2947 aut
2522 2892 2659 2968 ratio
2686 2894 2939 2968 postulet,
2965 2895 3284 2968 episcopatu
3312 2909 3369 2947 sc.
3398 2895 3670 2954 abdicare,
3704 2894 3945 2968 plurimis
3980 2902 4294 2968 sanctorum
4340 2893 4580 2968 virorum
4629 2902 4680 2943 et
4723 2892 4978 2968 exemplis
5004 2901 5056 2968 e_t
5081 2894 5407 2947 auctoritati-

2258 2961 2359 3022 bus
2382 2964 2713 3034 comprobat.
2736 2962 2798 3015 ‘ln
2829 2962 2932 3015 fine
2962 2963 3127 3015 Deun.
3161 2972 3429 3032 precatur,
3459 2972 3515 3014 ut
3540 2977 3658 3015 eam
3690 2961 3929 3030 pontilici
3954 2972 4187 3016 mentem
4219 2962 4333 3024 det,
4361 2976 4465 3031 qua
4504 2961 4615 3014 suis
4646 2962 4782 3013 votis
4805 2962 5117 3015 satisfaciat.

2258 3119 2487 3173 Domino
2508 3132 2604 3171 suo
2629 3115 2863 3170 Νιοοιηιο
2883 3115 3171 3169 universali
3191 3130 3362 3184 papae,
3383 3114 3600 3169 Peritos
3622 3130 3747 3184 pec-
3786 3096 3832 3154 ⁸

2191 3215 2345 3262 calor
2374 3207 2669 3261 monachus
2697 3207 3033 3259 servitutem.

2270 3296 2579 3350 Sacrarium
2602 3294 2835 3363 Spiritus
2848 3294 3023 3347 sancti
3039 3301 3272 3348 vestrum
3291 3302 3475 3362 pectus
3490 3294 3751 3361 agnoscit,

2196 3386 2322 3455 quia
2354 3384 2455 3436 nisi
2484 3398 2567 3436 me
2597 3393 2718 3435 tunc
2750 3381 3043 3436 necessitas
3064 3383 3371 3451 apostolica».
3394 3385 3539 3438 sedis
3566 3385 3752 3453 impel-

2195 3474 2355 3535 leret,
2379 3481 2429 3525 et
2466 3471 2705 3539 antiqua,
2738 3485 2895 3539 quam
2915 3468 3228 3537 jamdudum
3256 3473 3401 3525 circa
3431 3488 3523 3527 vos
3548 3475 3752 3528 habue-

2195 3577 2336 3623 ram,
2353 3558 2875 3623 cbaritasinvitaret,
2891 3569 3011 3627 post
3034 3568 3234 3613 sancta:
3257 3562 3529 3616 memoria:
3552 3563 3753 3617 domini

2192 3648 2479 3716 Stephani,
2510 3648 2671 3701 vestri
2702 3650 2916 3717 quidem
2942 3648 3264 3713 decessoris,
3300 3652 3401 3705 mei
3435 3662 3611 3707 autem
3635 3669 3756 3722 per-

2197 3739 2480 3806 sccntoris,
2510 3740 2736 3804 obitum,
2767 3754 2866 3807 ego
2894 3755 2921 3792 a
2955 3754 3041 3794 me
3096 3742 3339 3810 protinus
3391 3745 3752 3814 episcopatum

2198 3844 2305 3882 nun
2338 3828 2594 3882 canonice
2623 3829 2897 3891 traditum,
2928 3830 3018 3881 sed
3048 3830 3310 3885 violenter
3349 3830 3603 3900 injectum
3630 3834 3751 3886 fitti-

2196 3921 2341 3974 ditus
2383 3920 2749 3975 ahscidissem.
2800 3919 3119 3975 Meministis
3173 3925 3338 3988 enim,
3395 3925 3609 3981 domine
3658 3925 3750 3986 mi.

2198 4021 2331 4079 quot
2358 4010 2604 4078 querelas
2629 4025 2809 4064 coram
2834 4012 2985 4065 vobis
3014 4027 3153 4081 δεῖρε
3179 4015 3421 4079 deposui,
3441 4025 3571 4085 quot
3591 4017 3757 4086 gemi-

2196 4111 2305 4162 tus.
2334 4109 2462 4167 quot
2491 4100 2717 4167 denique
2746 4100 3006 4169 profunda
3055 4104 3287 4172 suspiria
3332 4122 3397 4159 ex
3433 4108 3554 4160 imis
3585 4109 3753 4162 visce-

2204 4190 2352 4244 ribus
2385 4190 2544 4257 traxi,
2576 4191 2787 4259 quoties
2814 4193 2977 4245 etiam
3020 4193 3275 4248 uberibus
3306 4194 3554 4265 lacrymis
3584 4198 3754 4252 tristia

2198 4294 2299 4333 ora
2324 4279 2508 4349 rigavi.
2537 4276 2913 4333 Verumtamen
2946 4282 3085 4349 apud
3115 4296 3213 4336 vos
3246 4292 3369 4338 tunc
3415 4300 3518 4337 non
3546 4286 3754 4340 obtinui

2200 4371 2529 4436 missionem,
2576 4371 2699 4440 quia
2747 4370 2999 4426 Romana:
3055 4371 3324 4438 Ecclesiaz,
3376 4389 3493 4443 qua:
3545 4378 3754 4430 ruinam

2200 4459 2393 4511 minari
2419 4459 2717 4523 videbatur,
2743 4460 2793 4513 id
2819 4461 3023 4514 utilitas
3052 4477 3154 4516 non
3183 4464 3453 4533 poscebat.
3481 4464 3629 4519 Nune
3655 4482 3753 4519 au-

2202 4557 2309 4599 tem
2360 4556 2410 4600 te
2458 4548 2509 4601 in
2568 4563 2762 4617 sagena
2808 4546 2952 4602 Petri
2982 4550 3189 4605 clavum
3218 4564 3454 4622 regente,
3487 4556 3584 4608 sub
3612 4565 3757 4609 tran-

2198 4638 2362 4706 quilla
2412 4653 2542 4705 pace
2567 4648 2673 4690 tota
2704 4638 2898 4691 Christi
2928 4641 3231 4709 gratulatur
3268 4642 3529 4697 Ecclesia.
3559 4644 3753 4700 Vento-

2200 4740 2319 4777 rum
2375 4726 2571 4793 quippe
2617 4740 2673 4779 se
2727 4727 2966 4783 turbines
3024 4730 3343 4797 reprimunt,
3398 4734 3755 4802 procellarum

2199 4814 2562 4880 spumantium
2630 4814 2896 4869 volumina
2966 4820 3393 4887 conquiescunt,
3473 4822 3762 4877 mitescunt

2204 4902 2399 4961 maria.
2428 4912 2641 4969 totaque
2662 4904 2871 4956 videtur
2892 4906 3009 4957 cmli
3043 4909 3307 4962 serenitas
3329 4910 3602 4965 inuovata.
3627 4911 3757 4965 Cum

2202 4991 2368 5061 igitur
2420 4991 2518 5044 sub
2563 5003 2747 5044 sancto
2787 4993 3093 5059 pontificatu
3134 5008 3312 5051 vestro
3354 4997 3590 5065 jucunda
3630 5016 3760 5069 pace

2202 5078 2524 5133 universalis
2580 5079 2817 5133 Ecclesia
2857 5083 3110 5150 potiatur,
3140 5086 3293 5141 canis
3342 5088 3491 5149 meis
3524 5100 3577 5141 et
3605 5106 3758 5159 gran-

2202 5170 2368 5223 dmvae
2387 5166 2606 5233 jamjam
2626 5173 2905 5228 senectuti.
2921 5187 3123 5239 quaeso,
3156 5177 3369 5244 requies
3388 5192 3496 5231 non
3512 5191 3755 5248 negetur.

2205 5257 2544 5325 Quapropter
2592 5260 2659 5311 ob
2713 5261 3079 5315 remissionem
3128 5267 3367 5319 omnium
3420 5280 3761 5335 peccatorum

4356 3106 4440 3163 CA
4451 3107 4582 3163 PUT
4616 3106 4880 3163 Ριιιιιυιι
4890 3148 4901 3160 .

3960 3218 4225 3274 Probatur
4256 3220 4497 3288 exemplis
4535 3235 4682 3289 posse
4721 3220 4910 3271 dimitti
4931 3220 5293 3288 episwpatstu.

3860 3312 3863 3315 ’
3920 3314 4025 3372 ilic
4086 3313 4218 3367 mihi
4284 3310 4531 3366 fortassis
4582 3312 4856 3381 objicitur,
4914 3312 5073 3367 semel
5129 3323 5404 3383 acceptum

3853 3403 4047 3456 dimitti
4103 3403 4340 3470 regimen
4385 3419 4489 3457 non
4544 3402 4723 3457 licere.
4753 3404 4832 3457 Ad
4864 3405 5003 3472 quod
5028 3404 5257 3460 breviter
5285 3407 5405 3461 dico

3851 3493 3993 3561 quod
4042 3494 4244 3556 sentio;
4284 3494 4405 3562 quia
4465 3494 4704 3562 plerique
4752 3494 5089 3563 pontiﬁcatus
5133 3494 5255 3563 jura
5298 3512 5403 3553 non

3855 3584 4129 3645 deserunt,
4155 3591 4207 3633 et
4230 3583 4295 3635 de
4321 3584 4554 3637 sinistris
4581 3594 4740 3646 Sunt;
4768 3594 5024 3653 quotquot
5056 3596 5227 3640 autem
5271 3588 5404 3657 legi-

3854 3685 3975 3723 mus
4003 3680 4143 3723 recta
4170 3671 4465 3724 intentione
4490 3672 4779 3737 dimisisse,
4803 3683 4947 3726 certa
4979 3689 5099 3741 spes
5126 3684 5203 3729 est
5228 3690 5319 3728 cos
5340 3677 5407 3731 de

3853 3770 4049 3810 aeterna
4079 3772 4201 3812 cum
4225 3755 4442 3812 Christo
4472 3759 4728 3813 societate
4750 3761 5000 3827 gaudere.
5026 3760 5403 3831 Nequstamcu

3851 3848 3956 3901 hac
3986 3850 4237 3911 dicimus,
4290 3858 4347 3902 ut
4395 3850 4594 3919 passim
4646 3850 4821 3905 deseri
4851 3852 5204 3920 episcopatum
5230 3852 5403 3917 liceat,

3854 3938 3957 3990 nisi
3993 3938 4238 3991 videlicet
4262 3938 4313 3990 id
4342 3940 4458 3992 fieri
4489 3940 4803 4002 necessitas,
4829 3940 4941 3995 sive
4970 3942 5241 3997 rationalis
5267 3958 5406 4012 qum-

3856 4024 3985 4078 libet
4012 4041 4173 4079 causa
4198 4027 4473 4093 deposcat.

3928 4112 4219 4168 Enimvero
4248 4116 4305 4167 Β.
4338 4112 4585 4170 Valerius
4601 4116 4882 4186 episcopus
4903 4116 5026 4169 dum
5048 4116 5144 4171 sibi
5174 4118 5365 4186 provido
5390 4130 5406 4172 t

3857 4221 4245 4269 succvssorem,
4278 4225 4529 4279 maguum
4562 4208 4917 4279 Augustinum
4966 4210 5284 4280 liipponensi
5312 4212 5407 4265 Ec-

3858 4294 4035 4349 elesia:
4062 4297 4389 4349 illiill‘Oﬂilai
4412 4298 4729 4351 antistitem.

3925 4382 4161 4437 Lucidus
4210 4384 4537 4439 Ficoctens:s
4576 4390 4857 4456 cpiscopus
4908 4387 5030 4441 dum
5054 4387 5405 4457 propinquum

3859 4468 4074 4525 sibimet
4115 4472 4316 4525 obitum
4349 4473 4628 4527 imminere
4658 4476 4952 4543 cognoscit,
4999 4478 5063 4529 ad
5093 4476 5406 4529 cmuohialis

3862 4572 4072 4629 portum
4119 4564 4368 4615 ςσηνοιειι
4416 4564 4640 4623 ordinis.
4709 4580 4772 4621 ac
4821 4567 5166 4621 sacerdotalis
5219 4566 5408 4621 infulas

3862 4652 4140 4719 dignitatis
4174 4654 4505 4707 m’onachit-is
4532 4665 4700 4708 mutat
4728 4656 4979 4709 induviis.
5013 4656 5097 4715 Et,
5122 4666 5177 4708 ut
5205 4657 5409 4710 noveris

3865 4744 3991 4809 quid
4024 4742 4124 4795 sibi
4154 4744 4435 4795 conversio
4484 4743 4583 4796 ista
4610 4745 4911 4799 contulerit.
4944 4746 5083 4798 sicut
5107 4746 5409 4799 authentica

3865 4832 4073 4898 registri
4120 4842 4345 4885 testatur
4385 4834 4627 4900 historia,
4678 4836 4776 4887 sub
4819 4838 4929 4904 ipso
4961 4836 5234 4902 migrantis
5264 4838 5407 4889 obitu

3864 4906 4092 4988 Spiritus
4119 4922 4294 4974 sancti
4328 4924 4500 4991 gratia
4548 4923 4822 4977 Letissimo
4852 4925 5117 4979 relucebat
5148 4926 5200 4978 in
5238 4928 5404 4977 Vltlltt.

3860 5008 3954 5062 Cui
3989 5009 4264 5073 nimirum,
4300 5020 4352 5063 et
4382 5020 4668 5078 antequam
4719 5022 5030 5074 moreretur,
5075 5014 5259 5065 beatus
5288 5029 5386 5083 apo

3865 5101 4034 5153 stolus
4082 5102 4322 5155 Andreas
4353 5103 4619 5169 apparuit,
4670 5112 4723 5157 et
4775 5118 4881 5172 qua
4928 5104 5053 5157 hora
5083 5104 5403 5173 migraturus

3864 5197 4004 5241 esset
4032 5202 4095 5240 ex
4129 5202 4354 5257 corpore
4384 5179 4669 5245 nuntiavit.

3938 5276 4072 5342 Quid
4099 5277 4154 5330 Β.
4187 5279 4533 5332 Adclbcrtum
4558 5288 4849 5349 martyrem
4872 5282 5078 5337 dicam?
5124 5284 5224 5351 Qui
5258 5288 5408 5341 nimi-

2206 5361 2475 5406 meorum.
2505 5360 2620 5414 quae
2643 5349 2885 5444 nequiter
2913 5354 3234 5421 perpetravi,
3254 5356 3386 5409 cedo
3406 5356 3528 5427 jure
3554 5360 3762 5427 episco-
3790 5367 3839 5426 ι)
3868 5380 3981 5417 rum
4009 5368 4257 5435 quoniam
4302 5366 4672 5424 Bubemiensis
4720 5371 4968 5427 Ecclesize
4996 5349 5290 5444 postposuit
5322 5393 5407 5433 ca-

2206 5443 2388 5504 patus,
2436 5442 2491 5487 et
2526 5450 2621 5503 per
2667 5437 2807 5490 hunc
2832 5439 3081 5492 annulum
3112 5443 3337 5511 (virgam
3364 5448 3506 5500 enim
3542 5449 3761 5518 tulistis)

2214 5524 2491 5590 desperata
2520 5524 2772 5592 deinceps
2800 5527 2944 5580 omni
2995 5533 3266 5598 repetendi
3296 5536 3535 5601 querela.
3567 5553 3767 5591 renun-

2210 5610 2283 5662 tio
2310 5627 2322 5660 :
2355 5620 2637 5679 utrumque
2658 5616 2819 5667 etiam
2853 5616 3004 5670 vobis
3034 5622 3409 5676 monasterium
3445 5626 3611 5680 reddo
3643 5645 3655 5678 :
3690 5636 3765 5690 et,

2201 5706 2264 5753 ut
2286 5699 2588 5766 quiescendi
2616 5704 2961 5773 municipium
2997 5717 3250 5766 veterano
3278 5723 3331 5766 et
3356 5716 3581 5770 emerito
3610 5715 3761 5770 militi

2205 5788 2568 5857 permittatur,
2608 5791 2848 5860 imploro.

3866 5455 4129 5515 thedram,
4154 5459 4472 5511 monachum
4501 5460 4744 5528 inducns,
4776 5464 5143 5533 triumphalem
5172 5469 5405 5539 martyrii

3867 5544 4059 5596 meruit
4087 5546 4329 5598 invenire
4357 5564 4631 5605 coronam.

3938 5630 4112 5699 thue
4166 5647 4231 5685 ex
4281 5635 4544 5691 industria
4598 5640 4664 5693 de
4710 5643 4925 5706 ωωε
4958 5641 5168 5708 sicam,
5195 5648 5406 5715 quidam

3871 5732 4089 5777 sanctus
4115 5727 4403 5793 pmoitcns.
4434 5729 4582 5796 cujus
4630 5748 4714 5786 me
4745 5743 4809 5788 ad
4848 5749 5082 5807 prmscns
5106 5739 5407 5790 vocabulum

3873 5809 4027 5884 423
4078 5813 4232 5885 fugit,
4261 5819 4398 5885 apud
4423 5819 4624 5876 Gallias
4666 5820 4769 5879 iam
4801 5826 5277 5899 autesepteunium
5309 5826 5407 5882 ferr
