  <div class='ocr_page' id='page_1' title='image "/cluster/home/n/w/nwhite01/storage/ocr_20150623/144-145/uc1.31175001639262/752.png"; bbox 0 0 5514 6636; ppageno 0'>
   <div class='ocr_carea' id='block_1_1' title="bbox 551 373 660 434">
    <p class='ocr_par' dir='ltr' id='par_1_1' title="bbox 551 373 660 434">
     <span class='ocr_line' id='line_1_1' title="bbox 551 373 660 434; baseline 0.018 -2"><span class='ocrx_word' id='word_1_1' title='bbox 551 373 660 434; x_wconf 69' lang='grc' dir='ltr'><strong>ης</strong></span> 
     </span>
    </p>
   </div>
   <div class='ocr_carea' id='block_1_2' title="bbox 1356 384 3073 463">
    <p class='ocr_par' dir='ltr' id='par_1_2' title="bbox 1356 384 3073 463">
     <span class='ocr_line' id='line_1_2' title="bbox 1356 384 3073 463; baseline 0.006 -12"><span class='ocrx_word' id='word_1_2' title='bbox 1356 384 1603 453; x_wconf 75' lang='lat' dir='ltr'><strong>OPUSC.</strong></span> <span class='ocrx_word' id='word_1_3' title='bbox 1647 397 1787 453; x_wconf 79' lang='lat' dir='ltr'><strong>XIX.</strong></span> <span class='ocrx_word' id='word_1_4' title='bbox 1830 420 1901 440; x_wconf 58' lang='grc' dir='ltr'><strong>..ω</strong></span> <span class='ocrx_word' id='word_1_5' title='bbox 1934 399 2023 453; x_wconf 87' lang='lat' dir='ltr'><strong>DE</strong></span> <span class='ocrx_word' id='word_1_6' title='bbox 2066 397 2535 458; x_wconf 80' lang='lat' dir='ltr'><strong>ABDICATIONE</strong></span> <span class='ocrx_word' id='word_1_7' title='bbox 2576 402 3073 463; x_wconf 72' lang='lat' dir='ltr'><strong>EPISCOPATUS.</strong></span> 
     </span>
    </p>
   </div>
   <div class='ocr_carea' id='block_1_3' title="bbox 3760 412 3868 470">
    <p class='ocr_par' dir='ltr' id='par_1_3' title="bbox 3760 412 3868 470">
     <span class='ocr_line' id='line_1_3' title="bbox 3760 412 3868 470; baseline 0.019 -2"><span class='ocrx_word' id='word_1_8' title='bbox 3760 412 3868 470; x_wconf 62' lang='lat'><strong>£26</strong></span> 
     </span>
    </p>
   </div>
   <div class='ocr_carea' id='block_1_4' title="bbox 555 497 3867 600">
    <p class='ocr_par' dir='ltr' id='par_1_4' title="bbox 555 497 3867 600">
     <span class='ocr_line' id='line_1_4' title="bbox 555 497 3867 600; baseline 0.01 -47"><span class='ocrx_word' id='word_1_9' title='bbox 555 497 880 573; x_wconf 76' lang='lat' dir='ltr'><strong>episcopatu</strong></span> <span class='ocrx_word' id='word_1_10' title='bbox 910 504 1153 572; x_wconf 88' lang='lat' dir='ltr'><strong>dimisso,</strong></span> <span class='ocrx_word' id='word_1_11' title='bbox 1188 514 1401 565; x_wconf 90' lang='lat' dir='ltr'><strong>tandem</strong></span> <span class='ocrx_word' id='word_1_12' title='bbox 1433 512 1626 583; x_wconf 88' lang='lat' dir='ltr'><strong>angelo</strong></span> <span class='ocrx_word' id='word_1_13' title='bbox 1656 512 1930 572; x_wconf 44' lang='lat' dir='ltr'><strong>.visitante</strong></span> <span class='ocrx_word' id='word_1_14' title='bbox 1966 514 2157 583; x_wconf 72' lang='lat' dir='ltr'><strong>przeci-</strong></span> <span class='ocrx_word' id='word_1_15' title='bbox 2188 519 2232 576; x_wconf 77' lang='grc' dir='ltr'><strong>Α</strong></span> <span class='ocrx_word' id='word_1_16' title='bbox 2266 515 2544 571; x_wconf 78' lang='lat' dir='ltr'><strong>videretur</strong></span> <span class='ocrx_word' id='word_1_17' title='bbox 2582 519 2829 588; x_wconf 84' lang='lat' dir='ltr'><strong>exigere,</strong></span> <span class='ocrx_word' id='word_1_18' title='bbox 2884 519 3196 575; x_wconf 79' lang='lat' dir='ltr'><strong>nullatenus</strong></span> <span class='ocrx_word' id='word_1_19' title='bbox 3225 522 3551 591; x_wconf 77' lang='lat' dir='ltr'><strong>prohibebat</strong></span> <span class='ocrx_word' id='word_1_20' title='bbox 3577 528 3867 600; x_wconf 80' lang='lat' dir='ltr'><strong>episcopos</strong></span> 
     </span>
    </p>
   </div>
   <div class='ocr_carea' id='block_1_5' title="bbox 555 588 2159 671">
    <p class='ocr_par' dir='ltr' id='par_1_5' title="bbox 555 588 2159 671">
     <span class='ocr_line' id='line_1_5' title="bbox 555 588 2159 671; baseline 0.012 -31"><span class='ocrx_word' id='word_1_21' title='bbox 555 588 731 659; x_wconf 83' lang='lat' dir='ltr'><strong>pitur,</strong></span> <span class='ocrx_word' id='word_1_22' title='bbox 766 605 826 648; x_wconf 92' lang='lat' dir='ltr'><strong>ut</strong></span> <span class='ocrx_word' id='word_1_23' title='bbox 855 596 924 650; x_wconf 88' lang='lat' dir='ltr'><strong>ad</strong></span> <span class='ocrx_word' id='word_1_24' title='bbox 948 598 1319 669; x_wconf 77' lang='lat' dir='ltr'><strong>episcopatum</strong></span> <span class='ocrx_word' id='word_1_25' title='bbox 1350 604 1565 667; x_wconf 89' lang='lat' dir='ltr'><strong>redeat;</strong></span> <span class='ocrx_word' id='word_1_26' title='bbox 1597 602 1689 657; x_wconf 91' lang='lat' dir='ltr'><strong>sed</strong></span> <span class='ocrx_word' id='word_1_27' title='bbox 1722 615 1959 671; x_wconf 82' lang='lat' dir='ltr'><strong>recusat,</strong></span> <span class='ocrx_word' id='word_1_28' title='bbox 1987 606 2159 661; x_wconf 91' lang='lat' dir='ltr'><strong>donec</strong></span> 
     </span>
    </p>
   </div>
   <div class='ocr_carea' id='block_1_6' title="bbox 554 678 2157 761">
    <p class='ocr_par' dir='ltr' id='par_1_6' title="bbox 554 678 2157 761">
     <span class='ocr_line' id='line_1_6' title="bbox 554 678 2157 761; baseline 0.011 -26"><span class='ocrx_word' id='word_1_29' title='bbox 554 678 893 740; x_wconf 71' lang='lat' dir='ltr'><strong>admonente</strong></span> <span class='ocrx_word' id='word_1_30' title='bbox 924 687 1114 741; x_wconf 85' lang='lat' dir='ltr'><strong>eodem</strong></span> <span class='ocrx_word' id='word_1_31' title='bbox 1153 691 1365 761; x_wconf 80' lang='lat' dir='ltr'><strong>angelo,</strong></span> <span class='ocrx_word' id='word_1_32' title='bbox 1417 692 1610 748; x_wconf 88' lang='lat' dir='ltr'><strong>beatus</strong></span> <span class='ocrx_word' id='word_1_33' title='bbox 1639 695 1871 749; x_wconf 77' lang='lat' dir='ltr'><strong>advenit</strong></span> <span class='ocrx_word' id='word_1_34' title='bbox 1891 697 1989 750; x_wconf 87' lang='lat' dir='ltr'><strong>sub</strong></span> <span class='ocrx_word' id='word_1_35' title='bbox 2013 696 2157 751; x_wconf 86' lang='lat' dir='ltr'><strong>cele-</strong></span> 
     </span>
    </p>
   </div>
   <div class='ocr_carea' id='block_1_7' title="bbox 2261 611 3861 696">
    <p class='ocr_par' dir='ltr' id='par_1_7' title="bbox 2261 611 3861 696">
     <span class='ocr_line' id='line_1_7' title="bbox 2261 611 3861 696; baseline 0.011 -33"><span class='ocrx_word' id='word_1_36' title='bbox 2261 611 2329 664; x_wconf 87' lang='lat' dir='ltr'><strong>ab</strong></span> <span class='ocrx_word' id='word_1_37' title='bbox 2388 611 2631 681; x_wconf 83' lang='lat' dir='ltr'><strong>injuncta</strong></span> <span class='ocrx_word' id='word_1_38' title='bbox 2675 614 2777 668; x_wconf 86' lang='lat' dir='ltr'><strong>sibi</strong></span> <span class='ocrx_word' id='word_1_39' title='bbox 2834 615 3100 686; x_wconf 81' lang='lat' dir='ltr'><strong>dignitate</strong></span> <span class='ocrx_word' id='word_1_40' title='bbox 3159 629 3396 673; x_wconf 87' lang='lat' dir='ltr'><strong>cessare.</strong></span> <span class='ocrx_word' id='word_1_41' title='bbox 3449 619 3617 688; x_wconf 82' lang='lat' dir='ltr'><strong>Cujus</strong></span> <span class='ocrx_word' id='word_1_42' title='bbox 3640 624 3861 696; x_wconf 89' lang='lat' dir='ltr'><strong>registri</strong></span> 
     </span>
    </p>
   </div>
   <div class='ocr_carea' id='block_1_8' title="bbox 2264 703 3864 781">
    <p class='ocr_par' dir='ltr' id='par_1_8' title="bbox 2264 703 3864 781">
     <span class='ocr_line' id='line_1_8' title="bbox 2264 703 3864 781; baseline 0.011 -25"><span class='ocrx_word' id='word_1_43' title='bbox 2264 703 2640 759; x_wconf 86' lang='lat' dir='ltr'><strong>tantummodo</strong></span> <span class='ocrx_word' id='word_1_44' title='bbox 2696 704 2908 759; x_wconf 85' lang='lat' dir='ltr'><strong>titulum</strong></span> <span class='ocrx_word' id='word_1_45' title='bbox 2971 708 3128 762; x_wconf 87' lang='lat' dir='ltr'><strong>nobis</strong></span> <span class='ocrx_word' id='word_1_46' title='bbox 3180 708 3412 769; x_wconf 70' lang='lat' dir='ltr'><strong>sufficiat</strong></span> <span class='ocrx_word' id='word_1_47' title='bbox 3460 713 3743 781; x_wconf 86' lang='lat' dir='ltr'><strong>adnotare,</strong></span> <span class='ocrx_word' id='word_1_48' title='bbox 3794 733 3864 773; x_wconf 90' lang='lat' dir='ltr'><strong>ne</strong></span> 
     </span>
    </p>
   </div>
   <div class='ocr_carea' id='block_1_9' title="bbox 557 774 3852 870">
    <p class='ocr_par' dir='ltr' id='par_1_9' title="bbox 557 774 3852 870">
     <span class='ocr_line' id='line_1_9' title="bbox 557 774 3852 870; baseline 0.011 -43"><span class='ocrx_word' id='word_1_49' title='bbox 557 774 729 830; x_wconf 82' lang='lat' dir='ltr'><strong>ritate</strong></span> <span class='ocrx_word' id='word_1_50' title='bbox 760 774 1064 848; x_wconf 76' lang='lat' dir='ltr'><strong>Remigius.</strong></span> <span class='ocrx_word' id='word_1_51' title='bbox 1118 779 1208 836; x_wconf 89' lang='lat' dir='ltr'><strong>Sic</strong></span> <span class='ocrx_word' id='word_1_52' title='bbox 1264 781 1448 850; x_wconf 92' lang='lat' dir='ltr'><strong>itaque</strong></span> <span class='ocrx_word' id='word_1_53' title='bbox 1496 799 1563 838; x_wconf 90' lang='lat' dir='ltr'><strong>ne</strong></span> <span class='ocrx_word' id='word_1_54' title='bbox 1612 784 1861 855; x_wconf 85' lang='lat' dir='ltr'><strong>deeeptio</strong></span> <span class='ocrx_word' id='word_1_55' title='bbox 1890 788 2157 855; x_wconf 86' lang='lat' dir='ltr'><strong>potuisset</strong></span> <span class='ocrx_word' id='word_1_56' title='bbox 2250 793 2862 863; x_wconf 83' lang='lat' dir='ltr'><strong>judicemurepistolam</strong></span> <span class='ocrx_word' id='word_1_57' title='bbox 2894 796 3155 853; x_wconf 86' lang='lat' dir='ltr'><strong>laciniosa</strong></span> <span class='ocrx_word' id='word_1_58' title='bbox 3176 802 3494 870; x_wconf 75' lang='lat' dir='ltr'><strong>prolixitate</strong></span> <span class='ocrx_word' id='word_1_59' title='bbox 3518 805 3852 863; x_wconf 76' lang='lat' dir='ltr'><strong>distendere.</strong></span> 
     </span>
    </p>
   </div>
   <div class='ocr_carea' id='block_1_10' title="bbox 555 863 3853 969">
    <p class='ocr_par' dir='ltr' id='par_1_10' title="bbox 555 863 3853 969">
     <span class='ocr_line' id='line_1_10' title="bbox 555 863 3853 969; baseline 0.01 -49"><span class='ocrx_word' id='word_1_60' title='bbox 555 863 709 922; x_wconf 83' lang='lat' dir='ltr'><strong>forte</strong></span> <span class='ocrx_word' id='word_1_61' title='bbox 730 868 1034 938; x_wconf 82' lang='lat' dir='ltr'><strong>subripere,</strong></span> <span class='ocrx_word' id='word_1_62' title='bbox 1058 871 1222 925; x_wconf 89' lang='lat' dir='ltr'><strong>etiam</strong></span> <span class='ocrx_word' id='word_1_63' title='bbox 1249 880 1363 926; x_wconf 90' lang='lat' dir='ltr'><strong>tuta</strong></span> <span class='ocrx_word' id='word_1_64' title='bbox 1394 872 1715 941; x_wconf 89' lang='lat' dir='ltr'><strong>formidans,</strong></span> <span class='ocrx_word' id='word_1_65' title='bbox 1733 878 1971 933; x_wconf 89' lang='lat' dir='ltr'><strong>humano</strong></span> <span class='ocrx_word' id='word_1_66' title='bbox 1991 880 2157 933; x_wconf 82' lang='lat' dir='ltr'><strong>cessit</strong></span> <span class='ocrx_word' id='word_1_67' title='bbox 2256 882 2347 937; x_wconf 90' lang='lat' dir='ltr'><strong>Ait</strong></span> <span class='ocrx_word' id='word_1_68' title='bbox 2374 885 2520 938; x_wconf 91' lang='lat' dir='ltr'><strong>enim</strong></span> <span class='ocrx_word' id='word_1_69' title='bbox 2552 886 2598 939; x_wconf 91' lang='lat' dir='ltr'><strong>is</strong></span> <span class='ocrx_word' id='word_1_70' title='bbox 2631 887 2723 955; x_wconf 91' lang='lat' dir='ltr'><strong>qui</strong></span> <span class='ocrx_word' id='word_1_71' title='bbox 2752 888 2970 958; x_wconf 83' lang='lat' dir='ltr'><strong>rcgistrj</strong></span> <span class='ocrx_word' id='word_1_72' title='bbox 3016 889 3271 945; x_wconf 79' lang='lat' dir='ltr'><strong>volumen</strong></span> <span class='ocrx_word' id='word_1_73' title='bbox 3322 894 3586 963; x_wconf 79' lang='lat' dir='ltr'><strong>explicuit</strong></span> <span class='ocrx_word' id='word_1_74' title='bbox 3632 897 3746 969; x_wconf 84' lang='lat' dir='ltr'><strong>(lib.</strong></span> <span class='ocrx_word' id='word_1_75' title='bbox 3774 916 3853 963; x_wconf 80' lang='lat' dir='ltr'><strong>ix,</strong></span> 
     </span>
    </p>
   </div>
   <div class='ocr_carea' id='block_1_11' title="bbox 557 955 3861 1051">
    <p class='ocr_par' dir='ltr' id='par_1_11' title="bbox 557 955 3861 1051">
     <span class='ocr_line' id='line_1_11' title="bbox 557 955 3861 1051; baseline 0.011 -41"><span class='ocrx_word' id='word_1_76' title='bbox 557 955 818 1027; x_wconf 87' lang='lat' dir='ltr'><strong>imperio,</strong></span> <span class='ocrx_word' id='word_1_77' title='bbox 848 959 941 1029; x_wconf 89' lang='lat' dir='ltr'><strong>qui</strong></span> <span class='ocrx_word' id='word_1_78' title='bbox 972 962 1041 1017; x_wconf 94' lang='lat' dir='ltr'><strong>ad</strong></span> <span class='ocrx_word' id='word_1_79' title='bbox 1090 957 1398 1033; x_wconf 86' lang='lat' dir='ltr'><strong>angelicum</strong></span> <span class='ocrx_word' id='word_1_80' title='bbox 1444 965 1595 1035; x_wconf 86' lang='lat' dir='ltr'><strong>prius</strong></span> <span class='ocrx_word' id='word_1_81' title='bbox 1624 968 1906 1024; x_wconf 87' lang='lat' dir='ltr'><strong>oraculum</strong></span> <span class='ocrx_word' id='word_1_82' title='bbox 1949 964 2169 1042; x_wconf 85' lang='lat' dir='ltr'><strong>rigidus</strong></span> <span class='ocrx_word' id='word_1_83' title='bbox 2254 991 2337 1044; x_wconf 87' lang='lat' dir='ltr'><strong>ep.</strong></span> <span class='ocrx_word' id='word_1_84' title='bbox 2372 969 2487 1046; x_wconf 57' lang='lat' dir='ltr'><strong>At).</strong></span> <span class='ocrx_word' id='word_1_85' title='bbox 2522 975 2908 1045; x_wconf 79' lang='lat' dir='ltr'><strong>Pontificibus,</strong></span> <span class='ocrx_word' id='word_1_86' title='bbox 2941 980 3140 1051; x_wconf 90' lang='lat' dir='ltr'><strong>inquit,</strong></span> <span class='ocrx_word' id='word_1_87' title='bbox 3165 983 3479 1041; x_wconf 88' lang='lat' dir='ltr'><strong>voluntarie</strong></span> <span class='ocrx_word' id='word_1_88' title='bbox 3513 989 3627 1043; x_wconf 86' lang='lat' dir='ltr'><strong>suis</strong></span> <span class='ocrx_word' id='word_1_89' title='bbox 3656 1005 3861 1046; x_wconf 85' lang='lat' dir='ltr'><strong>renun-</strong></span> 
     </span>
    </p>
   </div>
   <div class='ocr_carea' id='block_1_12' title="bbox 552 1047 734 1103">
    <p class='ocr_par' dir='ltr' id='par_1_12' title="bbox 552 1047 734 1103">
     <span class='ocr_line' id='line_1_12' title="bbox 552 1047 734 1103; baseline -0.011 -1"><span class='ocrx_word' id='word_1_90' title='bbox 552 1047 734 1103; x_wconf 87' lang='lat' dir='ltr'><strong>stetit.</strong></span> 
     </span>
    </p>
   </div>
   <div class='ocr_carea' id='block_1_13' title="bbox 632 1135 2150 1219">
    <p class='ocr_par' dir='ltr' id='par_1_13' title="bbox 632 1135 2150 1219">
     <span class='ocr_line' id='line_1_13' title="bbox 632 1135 2150 1219; baseline 0.011 -30"><span class='ocrx_word' id='word_1_91' title='bbox 632 1135 930 1209; x_wconf 84' lang='lat' dir='ltr'><strong>Episcopus</strong></span> <span class='ocrx_word' id='word_1_92' title='bbox 955 1140 1117 1195; x_wconf 89' lang='lat' dir='ltr'><strong>etiam</strong></span> <span class='ocrx_word' id='word_1_93' title='bbox 1149 1140 1238 1197; x_wconf 90' lang='lat' dir='ltr'><strong>ille</strong></span> <span class='ocrx_word' id='word_1_94' title='bbox 1269 1141 1609 1210; x_wconf 89' lang='lat' dir='ltr'><strong>Sabinensis,</strong></span> <span class='ocrx_word' id='word_1_95' title='bbox 1644 1146 1737 1215; x_wconf 92' lang='lat' dir='ltr'><strong>qui</strong></span> <span class='ocrx_word' id='word_1_96' title='bbox 1792 1148 1988 1203; x_wconf 87' lang='lat' dir='ltr'><strong>solium</strong></span> <span class='ocrx_word' id='word_1_97' title='bbox 2021 1166 2150 1219; x_wconf 90' lang='lat' dir='ltr'><strong>pon-</strong></span> 
     </span>
    </p>
   </div>
   <div class='ocr_carea' id='block_1_14' title="bbox 553 1224 2149 1306">
    <p class='ocr_par' dir='ltr' id='par_1_14' title="bbox 553 1224 2149 1306">
     <span class='ocr_line' id='line_1_14' title="bbox 553 1224 2149 1306; baseline 0.011 -26"><span class='ocrx_word' id='word_1_98' title='bbox 553 1224 760 1282; x_wconf 81' lang='lat' dir='ltr'><strong>tificale</strong></span> <span class='ocrx_word' id='word_1_99' title='bbox 804 1230 1061 1297; x_wconf 88' lang='lat' dir='ltr'><strong>deseruit,</strong></span> <span class='ocrx_word' id='word_1_100' title='bbox 1119 1241 1175 1287; x_wconf 90' lang='lat' dir='ltr'><strong>et</strong></span> <span class='ocrx_word' id='word_1_101' title='bbox 1230 1231 1497 1290; x_wconf 82' lang='lat' dir='ltr'><strong>Farfense</strong></span> <span class='ocrx_word' id='word_1_102' title='bbox 1548 1240 1967 1306; x_wconf 86' lang='lat' dir='ltr'><strong>monasterium,</strong></span> <span class='ocrx_word' id='word_1_103' title='bbox 2019 1258 2149 1297; x_wconf 89' lang='lat' dir='ltr'><strong>con-</strong></span> 
     </span>
    </p>
   </div>
   <div class='ocr_carea' id='block_1_15' title="bbox 552 1322 2146 1403">
    <p class='ocr_par' dir='ltr' id='par_1_15' title="bbox 552 1322 2146 1403">
     <span class='ocr_line' id='line_1_15' title="bbox 552 1322 2146 1403; baseline 0.012 -33"><span class='ocrx_word' id='word_1_104' title='bbox 552 1325 766 1388; x_wconf 86' lang='lat' dir='ltr'><strong>tempta</strong></span> <span class='ocrx_word' id='word_1_105' title='bbox 820 1322 1144 1379; x_wconf 79' lang='lat' dir='ltr'><strong>sacerdotali</strong></span> <span class='ocrx_word' id='word_1_106' title='bbox 1200 1324 1504 1396; x_wconf 76' lang='lat' dir='ltr'><strong>dignitate,</strong></span> <span class='ocrx_word' id='word_1_107' title='bbox 1570 1332 1918 1398; x_wconf 80' lang='lat' dir='ltr'><strong>construxit;</strong></span> <span class='ocrx_word' id='word_1_108' title='bbox 1983 1349 2146 1403; x_wconf 90' lang='lat' dir='ltr'><strong>quam</strong></span> 
     </span>
    </p>
   </div>
   <div class='ocr_carea' id='block_1_16' title="bbox 550 1411 2147 1495">
    <p class='ocr_par' dir='ltr' id='par_1_16' title="bbox 550 1411 2147 1495">
     <span class='ocr_line' id='line_1_16' title="bbox 550 1411 2147 1495; baseline 0.01 -30"><span class='ocrx_word' id='word_1_109' title='bbox 550 1411 759 1466; x_wconf 85' lang='lat' dir='ltr'><strong>nobilis</strong></span> <span class='ocrx_word' id='word_1_110' title='bbox 786 1413 840 1468; x_wconf 89' lang='lat' dir='ltr'><strong>in</strong></span> <span class='ocrx_word' id='word_1_111' title='bbox 887 1414 1105 1472; x_wconf 85' lang='lat' dir='ltr'><strong>Christo</strong></span> <span class='ocrx_word' id='word_1_112' title='bbox 1130 1418 1212 1472; x_wconf 87' lang='lat' dir='ltr'><strong>vir</strong></span> <span class='ocrx_word' id='word_1_113' title='bbox 1243 1419 1425 1486; x_wconf 89' lang='lat' dir='ltr'><strong>fuerit,</strong></span> <span class='ocrx_word' id='word_1_114' title='bbox 1458 1422 1615 1476; x_wconf 85' lang='lat' dir='ltr'><strong>testis</strong></span> <span class='ocrx_word' id='word_1_115' title='bbox 1646 1436 1727 1477; x_wconf 86' lang='lat' dir='ltr'><strong>est</strong></span> <span class='ocrx_word' id='word_1_116' title='bbox 1780 1426 2004 1495; x_wconf 86' lang='lat' dir='ltr'><strong>antiqua</strong></span> <span class='ocrx_word' id='word_1_117' title='bbox 2038 1438 2147 1481; x_wconf 88' lang='lat' dir='ltr'><strong>tra-</strong></span> 
     </span>
    </p>
   </div>
   <div class='ocr_carea' id='block_1_17' title="bbox 548 1500 2145 1584">
    <p class='ocr_par' dir='ltr' id='par_1_17' title="bbox 548 1500 2145 1584">
     <span class='ocr_line' id='line_1_17' title="bbox 548 1500 2145 1584; baseline 0.013 -29"><span class='ocrx_word' id='word_1_118' title='bbox 548 1500 711 1567; x_wconf 83' lang='lat' dir='ltr'><strong>ditio,</strong></span> <span class='ocrx_word' id='word_1_119' title='bbox 743 1519 859 1574; x_wconf 68' lang='lat' dir='ltr'><strong>quze</strong></span> <span class='ocrx_word' id='word_1_120' title='bbox 886 1508 1195 1564; x_wconf 86' lang='lat' dir='ltr'><strong>sanctitatis</strong></span> <span class='ocrx_word' id='word_1_121' title='bbox 1236 1508 1356 1579; x_wconf 83' lang='lat' dir='ltr'><strong>ejus</strong></span> <span class='ocrx_word' id='word_1_122' title='bbox 1400 1512 1631 1584; x_wconf 89' lang='lat' dir='ltr'><strong>insignia</strong></span> <span class='ocrx_word' id='word_1_123' title='bbox 1668 1516 1939 1583; x_wconf 84' lang='lat' dir='ltr'><strong>celebrat;</strong></span> <span class='ocrx_word' id='word_1_124' title='bbox 1976 1520 2145 1575; x_wconf 90' lang='lat' dir='ltr'><strong>testis</strong></span> 
     </span>
    </p>
   </div>
   <div class='ocr_carea' id='block_1_18' title="bbox 548 1595 2142 1673">
    <p class='ocr_par' dir='ltr' id='par_1_18' title="bbox 548 1595 2142 1673">
     <span class='ocr_line' id='line_1_18' title="bbox 548 1595 2142 1673; baseline 0.013 -26"><span class='ocrx_word' id='word_1_125' title='bbox 548 1595 818 1649; x_wconf 88' lang='lat' dir='ltr'><strong>moderna</strong></span> <span class='ocrx_word' id='word_1_126' title='bbox 843 1597 1079 1668; x_wconf 86' lang='lat' dir='ltr'><strong>devotio,</strong></span> <span class='ocrx_word' id='word_1_127' title='bbox 1106 1615 1225 1670; x_wconf 64' lang='lat' dir='ltr'><strong>quae</strong></span> <span class='ocrx_word' id='word_1_128' title='bbox 1247 1603 1392 1673; x_wconf 87' lang='lat' dir='ltr'><strong>piam</strong></span> <span class='ocrx_word' id='word_1_129' title='bbox 1416 1604 1533 1673; x_wconf 89' lang='lat' dir='ltr'><strong>ejus</strong></span> <span class='ocrx_word' id='word_1_130' title='bbox 1555 1609 1876 1663; x_wconf 86' lang='lat' dir='ltr'><strong>memoriam</strong></span> <span class='ocrx_word' id='word_1_131' title='bbox 1903 1610 1954 1665; x_wconf 93' lang='lat' dir='ltr'><strong>in</strong></span> <span class='ocrx_word' id='word_1_132' title='bbox 1979 1611 2142 1669; x_wconf 87' lang='lat' dir='ltr'><strong>bene-</strong></span> 
     </span>
    </p>
   </div>
   <div class='ocr_carea' id='block_1_19' title="bbox 546 1686 2142 1770">
    <p class='ocr_par' dir='ltr' id='par_1_19' title="bbox 546 1686 2142 1770">
     <span class='ocr_line' id='line_1_19' title="bbox 546 1686 2142 1770; baseline 0.014 -32"><span class='ocrx_word' id='word_1_133' title='bbox 546 1686 792 1742; x_wconf 89' lang='lat' dir='ltr'><strong>dictione</strong></span> <span class='ocrx_word' id='word_1_134' title='bbox 846 1688 1182 1760; x_wconf 78' lang='lat' dir='ltr'><strong>frequentat.</strong></span> <span class='ocrx_word' id='word_1_135' title='bbox 1238 1694 1436 1761; x_wconf 87' lang='lat' dir='ltr'><strong>Quanti</strong></span> <span class='ocrx_word' id='word_1_136' title='bbox 1497 1696 1709 1759; x_wconf 81' lang='lat' dir='ltr'><strong>scilicet</strong></span> <span class='ocrx_word' id='word_1_137' title='bbox 1749 1712 1804 1755; x_wconf 89' lang='lat' dir='ltr'><strong>et</strong></span> <span class='ocrx_word' id='word_1_138' title='bbox 1856 1704 2031 1770; x_wconf 92' lang='lat' dir='ltr'><strong>prius,</strong></span> <span class='ocrx_word' id='word_1_139' title='bbox 2087 1715 2142 1761; x_wconf 90' lang='lat' dir='ltr'><strong>et</strong></span> 
     </span>
    </p>
   </div>
   <div class='ocr_carea' id='block_1_20' title="bbox 545 1778 2138 1856">
    <p class='ocr_par' dir='ltr' id='par_1_20' title="bbox 545 1778 2138 1856">
     <span class='ocr_line' id='line_1_20' title="bbox 545 1778 2138 1856; baseline 0.014 -28"><span class='ocrx_word' id='word_1_140' title='bbox 545 1778 896 1844; x_wconf 82' lang='lat' dir='ltr'><strong>postmodum</strong></span> <span class='ocrx_word' id='word_1_141' title='bbox 929 1781 981 1835; x_wconf 92' lang='lat' dir='ltr'><strong>in</strong></span> <span class='ocrx_word' id='word_1_142' title='bbox 1004 1782 1194 1837; x_wconf 91' lang='lat' dir='ltr'><strong>eadem</strong></span> <span class='ocrx_word' id='word_1_143' title='bbox 1219 1785 1348 1838; x_wconf 85' lang='lat' dir='ltr'><strong>sede</strong></span> <span class='ocrx_word' id='word_1_144' title='bbox 1392 1800 1562 1856; x_wconf 90' lang='lat' dir='ltr'><strong>usque</strong></span> <span class='ocrx_word' id='word_1_145' title='bbox 1588 1791 1656 1843; x_wconf 89' lang='lat' dir='ltr'><strong>ad</strong></span> <span class='ocrx_word' id='word_1_146' title='bbox 1687 1790 1810 1845; x_wconf 73' lang='lat' dir='ltr'><strong>vita:</strong></span> <span class='ocrx_word' id='word_1_147' title='bbox 1844 1794 2138 1849; x_wconf 90' lang='lat' dir='ltr'><strong>terminum</strong></span> 
     </span>
    </p>
   </div>
   <div class='ocr_carea' id='block_1_21' title="bbox 2256 1067 3857 1146">
    <p class='ocr_par' dir='ltr' id='par_1_21' title="bbox 2256 1067 3857 1146">
     <span class='ocr_line' id='line_1_21' title="bbox 2256 1067 3857 1146; baseline 0.011 -28"><span class='ocrx_word' id='word_1_148' title='bbox 2256 1067 2518 1122; x_wconf 88' lang='lat' dir='ltr'><strong>tiantibns</strong></span> <span class='ocrx_word' id='word_1_149' title='bbox 2544 1069 2764 1126; x_wconf 90' lang='lat' dir='ltr'><strong>sedibus</strong></span> <span class='ocrx_word' id='word_1_150' title='bbox 2806 1087 3155 1128; x_wconf 84' lang='lat' dir='ltr'><strong>successores</strong></span> <span class='ocrx_word' id='word_1_151' title='bbox 3186 1073 3487 1146; x_wconf 82' lang='lat' dir='ltr'><strong>Gregorius</strong></span> <span class='ocrx_word' id='word_1_152' title='bbox 3518 1079 3667 1135; x_wconf 90' lang='lat' dir='ltr'><strong>nullo</strong></span> <span class='ocrx_word' id='word_1_153' title='bbox 3693 1083 3857 1137; x_wconf 89' lang='lat' dir='ltr'><strong>modo</strong></span> 
     </span>
    </p>
   </div>
   <div class='ocr_carea' id='block_1_22' title="bbox 2253 1159 3856 1233">
    <p class='ocr_par' dir='ltr' id='par_1_22' title="bbox 2253 1159 3856 1233">
     <span class='ocr_line' id='line_1_22' title="bbox 2253 1159 3856 1233; baseline 0.012 -21"><span class='ocrx_word' id='word_1_154' title='bbox 2253 1159 2581 1229; x_wconf 76' lang='lat' dir='ltr'><strong>denegabat,</strong></span> <span class='ocrx_word' id='word_1_155' title='bbox 2614 1177 2821 1232; x_wconf 90' lang='lat' dir='ltr'><strong>eosque</strong></span> <span class='ocrx_word' id='word_1_156' title='bbox 2846 1167 3194 1233; x_wconf 87' lang='lat' dir='ltr'><strong>postmodum</strong></span> <span class='ocrx_word' id='word_1_157' title='bbox 3222 1168 3290 1224; x_wconf 90' lang='lat' dir='ltr'><strong>de</strong></span> <span class='ocrx_word' id='word_1_158' title='bbox 3316 1171 3616 1227; x_wconf 88' lang='lat' dir='ltr'><strong>redditibus</strong></span> <span class='ocrx_word' id='word_1_159' title='bbox 3648 1175 3856 1231; x_wconf 71' lang='lat' dir='ltr'><strong>relictte</strong></span> 
     </span>
    </p>
   </div>
   <div class='ocr_carea' id='block_1_23' title="bbox 2250 1247 3859 1329">
    <p class='ocr_par' dir='ltr' id='par_1_23' title="bbox 2250 1247 3859 1329">
     <span class='ocr_line' id='line_1_23' title="bbox 2250 1247 3859 1329; baseline 0.012 -29"><span class='ocrx_word' id='word_1_160' title='bbox 2250 1247 2510 1303; x_wconf 74' lang='lat' dir='ltr'><strong>Ecclesia:</strong></span> <span class='ocrx_word' id='word_1_161' title='bbox 2557 1249 2890 1308; x_wconf 79' lang='lat' dir='ltr'><strong>sntlicienter</strong></span> <span class='ocrx_word' id='word_1_162' title='bbox 2918 1256 3240 1311; x_wconf 89' lang='lat' dir='ltr'><strong>nutriendos</strong></span> <span class='ocrx_word' id='word_1_163' title='bbox 3292 1272 3415 1313; x_wconf 90' lang='lat' dir='ltr'><strong>esse</strong></span> <span class='ocrx_word' id='word_1_164' title='bbox 3466 1262 3758 1329; x_wconf 86' lang='lat' dir='ltr'><strong>censebat;</strong></span> <span class='ocrx_word' id='word_1_165' title='bbox 3799 1274 3859 1319; x_wconf 81' lang='lat' dir='ltr'><strong>et</strong></span> 
     </span>
    </p>
   </div>
   <div class='ocr_carea' id='block_1_24' title="bbox 2253 1337 3851 1421">
    <p class='ocr_par' dir='ltr' id='par_1_24' title="bbox 2253 1337 3851 1421">
     <span class='ocr_line' id='line_1_24' title="bbox 2253 1337 3851 1421; baseline 0.014 -32"><span class='ocrx_word' id='word_1_166' title='bbox 2253 1337 2484 1408; x_wconf 89' lang='lat' dir='ltr'><strong>reliqua,</strong></span> <span class='ocrx_word' id='word_1_167' title='bbox 2502 1354 2622 1409; x_wconf 63' lang='lat' dir='ltr'><strong>qua:</strong></span> <span class='ocrx_word' id='word_1_168' title='bbox 2645 1341 2755 1397; x_wconf 91' lang='lat' dir='ltr'><strong>illic</strong></span> <span class='ocrx_word' id='word_1_169' title='bbox 2778 1343 2939 1399; x_wconf 87' lang='lat' dir='ltr'><strong>latius</strong></span> <span class='ocrx_word' id='word_1_170' title='bbox 2965 1347 3388 1405; x_wconf 90' lang='lat' dir='ltr'><strong>subnectuntnr.</strong></span> <span class='ocrx_word' id='word_1_171' title='bbox 3413 1351 3553 1409; x_wconf 85' lang='lat' dir='ltr'><strong>llinc</strong></span> <span class='ocrx_word' id='word_1_172' title='bbox 3575 1364 3660 1410; x_wconf 89' lang='lat' dir='ltr'><strong>est</strong></span> <span class='ocrx_word' id='word_1_173' title='bbox 3677 1358 3851 1421; x_wconf 89' lang='lat' dir='ltr'><strong>enim,</strong></span> 
     </span>
    </p>
   </div>
   <div class='ocr_carea' id='block_1_25' title="bbox 2252 1428 3854 1516">
    <p class='ocr_par' dir='ltr' id='par_1_25' title="bbox 2252 1428 3854 1516">
     <span class='ocr_line' id='line_1_25' title="bbox 2252 1428 3854 1516; baseline 0.017 -38"><span class='ocrx_word' id='word_1_174' title='bbox 2252 1429 2396 1496; x_wconf 89' lang='lat' dir='ltr'><strong>quod</strong></span> <span class='ocrx_word' id='word_1_175' title='bbox 2433 1428 2575 1484; x_wconf 89' lang='lat' dir='ltr'><strong>idem</strong></span> <span class='ocrx_word' id='word_1_176' title='bbox 2607 1434 2807 1501; x_wconf 63' lang='lat' dir='ltr'><strong>praesul</strong></span> <span class='ocrx_word' id='word_1_177' title='bbox 2832 1435 3060 1507; x_wconf 83' lang='lat' dir='ltr'><strong>insignis</strong></span> <span class='ocrx_word' id='word_1_178' title='bbox 3092 1440 3161 1495; x_wconf 89' lang='lat' dir='ltr'><strong>de</strong></span> <span class='ocrx_word' id='word_1_179' title='bbox 3190 1441 3447 1513; x_wconf 86' lang='lat' dir='ltr'><strong>episc0po</strong></span> <span class='ocrx_word' id='word_1_180' title='bbox 3470 1448 3660 1516; x_wconf 70' lang='lat' dir='ltr'><strong>primre</strong></span> <span class='ocrx_word' id='word_1_181' title='bbox 3679 1448 3854 1506; x_wconf 75' lang='lat' dir='ltr'><strong>Jusu-</strong></span> 
     </span>
    </p>
   </div>
   <div class='ocr_carea' id='block_1_26' title="bbox 2249 1521 3853 1604">
    <p class='ocr_par' dir='ltr' id='par_1_26' title="bbox 2249 1521 3853 1604">
     <span class='ocr_line' id='line_1_26' title="bbox 2249 1521 3853 1604; baseline 0.016 -32"><span class='ocrx_word' id='word_1_182' title='bbox 2249 1521 2447 1586; x_wconf 66' lang='lat' dir='ltr'><strong>nianre,</strong></span> <span class='ocrx_word' id='word_1_183' title='bbox 2501 1524 2591 1591; x_wconf 89' lang='lat' dir='ltr'><strong>qui</strong></span> <span class='ocrx_word' id='word_1_184' title='bbox 2638 1527 2833 1594; x_wconf 88' lang='lat' dir='ltr'><strong>capitis</strong></span> <span class='ocrx_word' id='word_1_185' title='bbox 2883 1529 3263 1598; x_wconf 63' lang='lat' dir='ltr'><strong>aegritudinem</strong></span> <span class='ocrx_word' id='word_1_186' title='bbox 3325 1537 3656 1604; x_wconf 89' lang='lat' dir='ltr'><strong>patiebatur,</strong></span> <span class='ocrx_word' id='word_1_187' title='bbox 3706 1543 3853 1597; x_wconf 89' lang='lat' dir='ltr'><strong>hanc</strong></span> 
     </span>
    </p>
   </div>
   <div class='ocr_carea' id='block_1_27' title="bbox 2245 1611 3843 1699">
    <p class='ocr_par' dir='ltr' id='par_1_27' title="bbox 2245 1611 3843 1699">
     <span class='ocr_line' id='line_1_27' title="bbox 2245 1611 3843 1699; baseline 0.018 -36"><span class='ocrx_word' id='word_1_188' title='bbox 2245 1611 2556 1683; x_wconf 73' lang='lat' dir='ltr'><strong>promulgat</strong></span> <span class='ocrx_word' id='word_1_189' title='bbox 2579 1613 2786 1683; x_wconf 83' lang='lat' dir='ltr'><strong>prolata</strong></span> <span class='ocrx_word' id='word_1_190' title='bbox 2812 1618 3208 1689; x_wconf 89' lang='lat' dir='ltr'><strong>disceptatione</strong></span> <span class='ocrx_word' id='word_1_191' title='bbox 3223 1628 3549 1683; x_wconf 89' lang='lat' dir='ltr'><strong>sententiam</strong></span> <span class='ocrx_word' id='word_1_192' title='bbox 3571 1649 3583 1684; x_wconf 89' lang='lat'><strong>:</strong></span> <span class='ocrx_word' id='word_1_193' title='bbox 3606 1630 3661 1687; x_wconf 92' lang='lat' dir='ltr'><strong>Si</strong></span> <span class='ocrx_word' id='word_1_194' title='bbox 3686 1649 3843 1699; x_wconf 87' lang='lat' dir='ltr'><strong>vero.</strong></span> 
     </span>
    </p>
   </div>
   <div class='ocr_carea' id='block_1_28' title="bbox 2246 1702 3845 1795">
    <p class='ocr_par' dir='ltr' id='par_1_28' title="bbox 2246 1702 3845 1795">
     <span class='ocr_line' id='line_1_28' title="bbox 2246 1702 3845 1795; baseline 0.016 -39"><span class='ocrx_word' id='word_1_195' title='bbox 2246 1702 2442 1773; x_wconf 87' lang='lat' dir='ltr'><strong>inquit,</strong></span> <span class='ocrx_word' id='word_1_196' title='bbox 2496 1711 2979 1769; x_wconf 88' lang='lat' dir='ltr'><strong>reverentissimus</strong></span> <span class='ocrx_word' id='word_1_197' title='bbox 3034 1714 3276 1775; x_wconf 81' lang='lat' dir='ltr'><strong>Joannes</strong></span> <span class='ocrx_word' id='word_1_198' title='bbox 3326 1720 3562 1779; x_wconf 72' lang='lat' dir='ltr'><strong>fortasse</strong></span> <span class='ocrx_word' id='word_1_199' title='bbox 3596 1742 3696 1795; x_wconf 93' lang='lat' dir='ltr'><strong>pro</strong></span> <span class='ocrx_word' id='word_1_200' title='bbox 3726 1744 3845 1782; x_wconf 81' lang='lat' dir='ltr'><strong>ino-</strong></span> 
     </span>
    </p>
   </div>
   <div class='ocr_carea' id='block_1_29' title="bbox 2246 1794 3848 1880">
    <p class='ocr_par' dir='ltr' id='par_1_29' title="bbox 2246 1794 3848 1880">
     <span class='ocr_line' id='line_1_29' title="bbox 2246 1794 3848 1880; baseline 0.017 -32"><span class='ocrx_word' id='word_1_201' title='bbox 2246 1794 2401 1849; x_wconf 90' lang='lat' dir='ltr'><strong>lestia</strong></span> <span class='ocrx_word' id='word_1_202' title='bbox 2434 1810 2529 1852; x_wconf 91' lang='lat' dir='ltr'><strong>sua</strong></span> <span class='ocrx_word' id='word_1_203' title='bbox 2576 1801 2817 1868; x_wconf 86' lang='lat' dir='ltr'><strong>petierit,</strong></span> <span class='ocrx_word' id='word_1_204' title='bbox 2858 1812 2938 1857; x_wconf 90' lang='lat' dir='ltr'><strong>ut</strong></span> <span class='ocrx_word' id='word_1_205' title='bbox 2980 1806 3049 1860; x_wconf 91' lang='lat' dir='ltr'><strong>ab</strong></span> <span class='ocrx_word' id='word_1_206' title='bbox 3092 1809 3436 1880; x_wconf 84' lang='lat' dir='ltr'><strong>episcopatus</strong></span> <span class='ocrx_word' id='word_1_207' title='bbox 3495 1794 3706 1873; x_wconf 80' lang='lat' dir='ltr'><strong>honore</strong></span> <span class='ocrx_word' id='word_1_208' title='bbox 3753 1820 3848 1875; x_wconf 39' lang='lat' dir='ltr'><strong>des</strong></span> 
     </span>
    </p>
   </div>
   <div class='ocr_carea' id='block_1_30' title="bbox 550 1868 3847 1973">
    <p class='ocr_par' dir='ltr' id='par_1_30' title="bbox 550 1868 3847 1973">
     <span class='ocr_line' id='line_1_30' title="bbox 550 1868 3847 1973; baseline 0.015 -55"><span class='ocrx_word' id='word_1_209' title='bbox 550 1868 944 1938; x_wconf 86' lang='lat' dir='ltr'><strong>perdurarunt,</strong></span> <span class='ocrx_word' id='word_1_210' title='bbox 975 1883 1030 1927; x_wconf 88' lang='lat' dir='ltr'><strong>et</strong></span> <span class='ocrx_word' id='word_1_211' title='bbox 1078 1881 1186 1928; x_wconf 91' lang='lat' dir='ltr'><strong>tam</strong></span> <span class='ocrx_word' id='word_1_212' title='bbox 1211 1889 1499 1945; x_wconf 86' lang='lat' dir='ltr'><strong>operosum</strong></span> <span class='ocrx_word' id='word_1_213' title='bbox 1529 1876 1768 1936; x_wconf 89' lang='lat' dir='ltr'><strong>fructum</strong></span> <span class='ocrx_word' id='word_1_214' title='bbox 1816 1882 1927 1938; x_wconf 90' lang='lat' dir='ltr'><strong>Deo</strong></span> <span class='ocrx_word' id='word_1_215' title='bbox 1970 1886 2142 1939; x_wconf 84' lang='lat' dir='ltr'><strong>nulla-</strong></span> <span class='ocrx_word' id='word_1_216' title='bbox 2174 1873 2219 1933; x_wconf 80' lang='grc' dir='ltr'><strong>Β</strong></span> <span class='ocrx_word' id='word_1_217' title='bbox 2248 1887 2370 1941; x_wconf 88' lang='lat' dir='ltr'><strong>beat</strong></span> <span class='ocrx_word' id='word_1_218' title='bbox 2397 1905 2617 1956; x_wconf 79' lang='lat' dir='ltr'><strong>vacare,</strong></span> <span class='ocrx_word' id='word_1_219' title='bbox 2640 1908 2707 1947; x_wconf 88' lang='lat' dir='ltr'><strong>eo</strong></span> <span class='ocrx_word' id='word_1_220' title='bbox 2738 1896 3058 1965; x_wconf 88' lang='lat' dir='ltr'><strong>petitionem</strong></span> <span class='ocrx_word' id='word_1_221' title='bbox 3079 1902 3282 1971; x_wconf 92' lang='lat' dir='ltr'><strong>scripto</strong></span> <span class='ocrx_word' id='word_1_222' title='bbox 3310 1903 3499 1973; x_wconf 82' lang='lat' dir='ltr'><strong>dante,</strong></span> <span class='ocrx_word' id='word_1_223' title='bbox 3534 1911 3847 1966; x_wconf 78' lang='lat' dir='ltr'><strong>conceden-</strong></span> 
     </span>
    </p>
   </div>
   <div class='ocr_carea' id='block_1_31' title="bbox 548 1958 1431 2045">
    <p class='ocr_par' dir='ltr' id='par_1_31' title="bbox 548 1958 1431 2045">
     <span class='ocr_line' id='line_1_31' title="bbox 548 1958 1431 2045; baseline 0.012 -37"><span class='ocrx_word' id='word_1_224' title='bbox 548 1961 710 2010; x_wconf 90' lang='lat' dir='ltr'><strong>tenus</strong></span> <span class='ocrx_word' id='word_1_225' title='bbox 738 1958 1057 2015; x_wconf 90' lang='lat' dir='ltr'><strong>attulerunt.</strong></span> <span class='ocrx_word' id='word_1_226' title='bbox 1430 2042 1431 2045; x_wconf 12' lang='grc' dir='ltr'><strong>η</strong></span> 
     </span>
    </p>
   </div>
   <div class='ocr_carea' id='block_1_32' title="bbox 621 2048 2137 2132">
    <p class='ocr_par' dir='ltr' id='par_1_32' title="bbox 621 2048 2137 2132">
     <span class='ocr_line' id='line_1_32' title="bbox 621 2048 2137 2132; baseline 0.013 -29"><span class='ocrx_word' id='word_1_227' title='bbox 621 2048 730 2106; x_wconf 85' lang='lat' dir='ltr'><strong>Nec</strong></span> <span class='ocrx_word' id='word_1_228' title='bbox 751 2060 824 2117; x_wconf 90' lang='lat' dir='ltr'><strong>te,</strong></span> <span class='ocrx_word' id='word_1_229' title='bbox 854 2052 977 2107; x_wconf 85' lang='lat' dir='ltr'><strong>felix</strong></span> <span class='ocrx_word' id='word_1_230' title='bbox 1006 2053 1216 2122; x_wconf 90' lang='lat' dir='ltr'><strong>Bonite,</strong></span> <span class='ocrx_word' id='word_1_231' title='bbox 1242 2066 1588 2127; x_wconf 63' lang='lat' dir='ltr'><strong>praeteream,</strong></span> <span class='ocrx_word' id='word_1_232' title='bbox 1619 2060 1711 2132; x_wconf 90' lang='lat' dir='ltr'><strong>qui</strong></span> <span class='ocrx_word' id='word_1_233' title='bbox 1740 2063 1843 2119; x_wconf 90' lang='lat' dir='ltr'><strong>bac</strong></span> <span class='ocrx_word' id='word_1_234' title='bbox 1870 2064 2137 2122; x_wconf 83' lang='lat' dir='ltr'><strong>duntaxat</strong></span> 
     </span>
    </p>
   </div>
   <div class='ocr_carea' id='block_1_33' title="bbox 538 2144 2132 2227">
    <p class='ocr_par' dir='ltr' id='par_1_33' title="bbox 538 2144 2132 2227">
     <span class='ocr_line' id='line_1_33' title="bbox 538 2144 2132 2227; baseline 0.009 -29"><span class='ocrx_word' id='word_1_235' title='bbox 538 2144 831 2199; x_wconf 87' lang='lat' dir='ltr'><strong>occasione</strong></span> <span class='ocrx_word' id='word_1_236' title='bbox 874 2156 1150 2215; x_wconf 85' lang='lat' dir='ltr'><strong>percepta,</strong></span> <span class='ocrx_word' id='word_1_237' title='bbox 1210 2150 1466 2219; x_wconf 88' lang='lat' dir='ltr'><strong>quoniam</strong></span> <span class='ocrx_word' id='word_1_238' title='bbox 1500 2152 1567 2208; x_wconf 91' lang='lat' dir='ltr'><strong>de</strong></span> <span class='ocrx_word' id='word_1_239' title='bbox 1617 2170 1779 2210; x_wconf 89' lang='lat' dir='ltr'><strong>manu</strong></span> <span class='ocrx_word' id='word_1_240' title='bbox 1810 2159 1974 2227; x_wconf 82' lang='lat' dir='ltr'><strong>regis,</strong></span> <span class='ocrx_word' id='word_1_241' title='bbox 2008 2158 2132 2215; x_wconf 87' lang='lat' dir='ltr'><strong>laici</strong></span> 
     </span>
    </p>
   </div>
   <div class='ocr_carea' id='block_1_34' title="bbox 537 2233 2133 2319">
    <p class='ocr_par' dir='ltr' id='par_1_34' title="bbox 537 2233 2133 2319">
     <span class='ocr_line' id='line_1_34' title="bbox 537 2233 2133 2319; baseline 0.013 -32"><span class='ocrx_word' id='word_1_242' title='bbox 537 2233 794 2289; x_wconf 78' lang='lat' dir='ltr'><strong>videlicet</strong></span> <span class='ocrx_word' id='word_1_243' title='bbox 815 2235 1074 2299; x_wconf 90' lang='lat' dir='ltr'><strong>hominis,</strong></span> <span class='ocrx_word' id='word_1_244' title='bbox 1097 2240 1442 2297; x_wconf 89' lang='lat' dir='ltr'><strong>traditionem</strong></span> <span class='ocrx_word' id='word_1_245' title='bbox 1464 2238 1720 2300; x_wconf 70' lang='lat' dir='ltr'><strong>Ecclesiae</strong></span> <span class='ocrx_word' id='word_1_246' title='bbox 1746 2256 1799 2302; x_wconf 92' lang='lat' dir='ltr'><strong>te</strong></span> <span class='ocrx_word' id='word_1_247' title='bbox 1824 2251 2133 2319; x_wconf 84' lang='lat' dir='ltr'><strong>suscepisse</strong></span> 
     </span>
    </p>
   </div>
   <div class='ocr_carea' id='block_1_35' title="bbox 535 2325 2133 2407">
    <p class='ocr_par' dir='ltr' id='par_1_35' title="bbox 535 2325 2133 2407">
     <span class='ocr_line' id='line_1_35' title="bbox 535 2325 2133 2407; baseline 0.011 -29"><span class='ocrx_word' id='word_1_248' title='bbox 535 2325 867 2395; x_wconf 80' lang='lat' dir='ltr'><strong>contigerat,</strong></span> <span class='ocrx_word' id='word_1_249' title='bbox 900 2326 1216 2384; x_wconf 87' lang='lat' dir='ltr'><strong>cathedram</strong></span> <span class='ocrx_word' id='word_1_250' title='bbox 1237 2334 1637 2403; x_wconf 85' lang='lat' dir='ltr'><strong>contempsisti,</strong></span> <span class='ocrx_word' id='word_1_251' title='bbox 1669 2346 1835 2407; x_wconf 88' lang='lat' dir='ltr'><strong>atque</strong></span> <span class='ocrx_word' id='word_1_252' title='bbox 1858 2339 1926 2393; x_wconf 92' lang='lat' dir='ltr'><strong>ad</strong></span> <span class='ocrx_word' id='word_1_253' title='bbox 1956 2352 2133 2397; x_wconf 82' lang='lat' dir='ltr'><strong>remo-</strong></span> 
     </span>
    </p>
   </div>
   <div class='ocr_carea' id='block_1_36' title="bbox 541 2418 1883 2495">
    <p class='ocr_par' dir='ltr' id='par_1_36' title="bbox 541 2418 1883 2495">
     <span class='ocr_line' id='line_1_36' title="bbox 541 2418 1883 2495; baseline 0.01 -24"><span class='ocrx_word' id='word_1_254' title='bbox 541 2418 705 2474; x_wconf 90' lang='lat' dir='ltr'><strong>tioris</strong></span> <span class='ocrx_word' id='word_1_255' title='bbox 731 2420 865 2474; x_wconf 68' lang='lat' dir='ltr'><strong>vita</strong></span> <span class='ocrx_word' id='word_1_256' title='bbox 888 2423 1190 2477; x_wconf 79' lang='lat' dir='ltr'><strong>custodiam</strong></span> <span class='ocrx_word' id='word_1_257' title='bbox 1226 2433 1277 2480; x_wconf 92' lang='lat' dir='ltr'><strong>te</strong></span> <span class='ocrx_word' id='word_1_258' title='bbox 1299 2428 1551 2495; x_wconf 90' lang='lat' dir='ltr'><strong>protinus</strong></span> <span class='ocrx_word' id='word_1_259' title='bbox 1581 2428 1883 2486; x_wconf 88' lang='lat' dir='ltr'><strong>contulisti.</strong></span> 
     </span>
    </p>
   </div>
   <div class='ocr_carea' id='block_1_37' title="bbox 612 2504 2133 2593">
    <p class='ocr_par' dir='ltr' id='par_1_37' title="bbox 612 2504 2133 2593">
     <span class='ocr_line' id='line_1_37' title="bbox 612 2504 2133 2593; baseline 0.012 -29"><span class='ocrx_word' id='word_1_260' title='bbox 612 2504 953 2567; x_wconf 82' lang='lat' dir='ltr'><strong>Venerabilis</strong></span> <span class='ocrx_word' id='word_1_261' title='bbox 967 2528 1182 2583; x_wconf 90' lang='lat' dir='ltr'><strong>quoque</strong></span> <span class='ocrx_word' id='word_1_262' title='bbox 1202 2513 1540 2573; x_wconf 88' lang='lat' dir='ltr'><strong>Gaudentius</strong></span> <span class='ocrx_word' id='word_1_263' title='bbox 1566 2519 1894 2589; x_wconf 84' lang='lat' dir='ltr'><strong>Apsarensis</strong></span> <span class='ocrx_word' id='word_1_264' title='bbox 1922 2522 2133 2593; x_wconf 78' lang='lat' dir='ltr'><strong>episco-</strong></span> 
     </span>
    </p>
   </div>
   <div class='ocr_carea' id='block_1_38' title="bbox 532 2600 2131 2687">
    <p class='ocr_par' dir='ltr' id='par_1_38' title="bbox 532 2600 2131 2687">
     <span class='ocr_line' id='line_1_38' title="bbox 532 2600 2131 2687; baseline 0.012 -33"><span class='ocrx_word' id='word_1_265' title='bbox 532 2616 665 2673; x_wconf 80' lang='lat' dir='ltr'><strong>pus,</strong></span> <span class='ocrx_word' id='word_1_266' title='bbox 695 2600 850 2670; x_wconf 85' lang='lat' dir='ltr'><strong>cujus</strong></span> <span class='ocrx_word' id='word_1_267' title='bbox 876 2620 977 2675; x_wconf 90' lang='lat' dir='ltr'><strong>ego</strong></span> <span class='ocrx_word' id='word_1_268' title='bbox 1006 2600 1394 2663; x_wconf 80' lang='lat' dir='ltr'><strong>familiaritatis</strong></span> <span class='ocrx_word' id='word_1_269' title='bbox 1425 2609 1767 2668; x_wconf 88' lang='lat' dir='ltr'><strong>dulcedinem</strong></span> <span class='ocrx_word' id='word_1_270' title='bbox 1798 2616 1994 2685; x_wconf 88' lang='lat' dir='ltr'><strong>merui,</strong></span> <span class='ocrx_word' id='word_1_271' title='bbox 2034 2633 2131 2687; x_wconf 90' lang='lat' dir='ltr'><strong>per</strong></span> 
     </span>
    </p>
   </div>
   <div class='ocr_carea' id='block_1_39' title="bbox 531 2693 2127 2775">
    <p class='ocr_par' dir='ltr' id='par_1_39' title="bbox 531 2693 2127 2775">
     <span class='ocr_line' id='line_1_39' title="bbox 531 2693 2127 2775; baseline 0.011 -30"><span class='ocrx_word' id='word_1_272' title='bbox 531 2706 700 2767; x_wconf 82' lang='lat' dir='ltr'><strong>quem</strong></span> <span class='ocrx_word' id='word_1_273' title='bbox 754 2693 895 2749; x_wconf 88' lang='lat' dir='ltr'><strong>Deus</strong></span> <span class='ocrx_word' id='word_1_274' title='bbox 938 2695 1053 2765; x_wconf 90' lang='lat' dir='ltr'><strong>jam</strong></span> <span class='ocrx_word' id='word_1_275' title='bbox 1084 2694 1213 2750; x_wconf 67' lang='lat' dir='ltr'><strong>non&#39;</strong></span> <span class='ocrx_word' id='word_1_276' title='bbox 1240 2698 1477 2770; x_wconf 87' lang='lat' dir='ltr'><strong>ignobile</strong></span> <span class='ocrx_word' id='word_1_277' title='bbox 1531 2702 1860 2759; x_wconf 77' lang='lat' dir='ltr'><strong>miraCulum</strong></span> <span class='ocrx_word' id='word_1_278' title='bbox 1900 2706 2127 2775; x_wconf 82' lang='lat' dir='ltr'><strong>fecerat,</strong></span> 
     </span>
    </p>
   </div>
   <div class='ocr_carea' id='block_1_40' title="bbox 526 2766 2130 2867">
    <p class='ocr_par' dir='ltr' id='par_1_40' title="bbox 526 2766 2130 2867">
     <span class='ocr_line' id='line_1_40' title="bbox 526 2766 2130 2867; baseline 0.01 -29"><span class='ocrx_word' id='word_1_279' title='bbox 526 2766 909 2855; x_wconf 82' lang='lat' dir='ltr'><strong>episcopatum</strong></span> <span class='ocrx_word' id='word_1_280' title='bbox 937 2787 1167 2853; x_wconf 88' lang='lat' dir='ltr'><strong>dimisit,</strong></span> <span class='ocrx_word' id='word_1_281' title='bbox 1199 2766 1348 2845; x_wconf 30' lang='lat' dir='ltr'><strong>etvde</strong></span> <span class='ocrx_word' id='word_1_282' title='bbox 1398 2788 1719 2850; x_wconf 89' lang='lat' dir='ltr'><strong>Sclavonico</strong></span> <span class='ocrx_word' id='word_1_283' title='bbox 1768 2814 1937 2867; x_wconf 80' lang='lat' dir='ltr'><strong>regno</strong></span> <span class='ocrx_word' id='word_1_284' title='bbox 1977 2802 2130 2854; x_wconf 85' lang='lat' dir='ltr'><strong>navi-</strong></span> 
     </span>
    </p>
   </div>
   <div class='ocr_carea' id='block_1_41' title="bbox 528 2876 2127 2961">
    <p class='ocr_par' dir='ltr' id='par_1_41' title="bbox 528 2876 2127 2961">
     <span class='ocr_line' id='line_1_41' title="bbox 528 2876 2127 2961; baseline 0.012 -33"><span class='ocrx_word' id='word_1_285' title='bbox 528 2890 693 2945; x_wconf 80' lang='lat' dir='ltr'><strong>gans,</strong></span> <span class='ocrx_word' id='word_1_286' title='bbox 742 2876 1016 2933; x_wconf 87' lang='lat' dir='ltr'><strong>littoribus</strong></span> <span class='ocrx_word' id='word_1_287' title='bbox 1048 2880 1421 2937; x_wconf 19' lang='lat' dir='ltr'><strong>.Anconitanae</strong></span> <span class='ocrx_word' id='word_1_288' title='bbox 1461 2887 1613 2942; x_wconf 89' lang='lat' dir='ltr'><strong>urhis</strong></span> <span class='ocrx_word' id='word_1_289' title='bbox 1646 2888 1928 2958; x_wconf 88' lang='lat' dir='ltr'><strong>applicuit,</strong></span> <span class='ocrx_word' id='word_1_290' title='bbox 1960 2906 1990 2945; x_wconf 89' lang='lat' dir='ltr'><strong>a</strong></span> <span class='ocrx_word' id='word_1_291' title='bbox 2022 2907 2127 2961; x_wconf 90' lang='lat' dir='ltr'><strong>qua</strong></span> 
     </span>
    </p>
   </div>
   <div class='ocr_carea' id='block_1_42' title="bbox 527 2964 1730 3036">
    <p class='ocr_par' dir='ltr' id='par_1_42' title="bbox 527 2964 1730 3036">
     <span class='ocr_line' id='line_1_42' title="bbox 527 2964 1730 3036; baseline 0.012 -18"><span class='ocrx_word' id='word_1_292' title='bbox 527 2980 645 3020; x_wconf 85' lang='lat' dir='ltr'><strong>non</strong></span> <span class='ocrx_word' id='word_1_293' title='bbox 673 2964 829 3033; x_wconf 83' lang='lat' dir='ltr'><strong>longe</strong></span> <span class='ocrx_word' id='word_1_294' title='bbox 858 2977 979 3036; x_wconf 92' lang='lat' dir='ltr'><strong>post</strong></span> <span class='ocrx_word' id='word_1_295' title='bbox 1009 2966 1286 3025; x_wconf 67' lang='lat' dir='ltr'><strong>biennium</strong></span> <span class='ocrx_word' id='word_1_296' title='bbox 1323 2972 1553 3030; x_wconf 89' lang='lat' dir='ltr'><strong>feliciter</strong></span> <span class='ocrx_word' id='word_1_297' title='bbox 1576 2977 1730 3033; x_wconf 90' lang='lat' dir='ltr'><strong>obiit.</strong></span> 
     </span>
    </p>
   </div>
   <div class='ocr_carea' id='block_1_43' title="bbox 602 3050 2123 3145">
    <p class='ocr_par' dir='ltr' id='par_1_43' title="bbox 602 3050 2123 3145">
     <span class='ocr_line' id='line_1_43' title="bbox 602 3050 2123 3145; baseline 0.012 -33"><span class='ocrx_word' id='word_1_298' title='bbox 602 3057 740 3112; x_wconf 80' lang='lat' dir='ltr'><strong>Nam</strong></span> <span class='ocrx_word' id='word_1_299' title='bbox 770 3066 825 3114; x_wconf 90' lang='lat' dir='ltr'><strong>et</strong></span> <span class='ocrx_word' id='word_1_300' title='bbox 849 3050 1104 3115; x_wconf 84' lang='lat' dir='ltr'><strong>Paulinus</strong></span> <span class='ocrx_word' id='word_1_301' title='bbox 1124 3056 1341 3118; x_wconf 72' lang='lat' dir='ltr'><strong>Nolana:</strong></span> <span class='ocrx_word' id='word_1_302' title='bbox 1358 3068 1553 3134; x_wconf 52' lang='lat' dir='ltr'><strong>praesul</strong></span> <span class='ocrx_word' id='word_1_303' title='bbox 1582 3068 1859 3137; x_wconf 75' lang='lat' dir='ltr'><strong>Ecclesiae,</strong></span> <span class='ocrx_word' id='word_1_304' title='bbox 1889 3083 1948 3128; x_wconf 88' lang='lat' dir='ltr'><strong>ut</strong></span> <span class='ocrx_word' id='word_1_305' title='bbox 1974 3091 2123 3145; x_wconf 63' lang='lat' dir='ltr'><strong>quae-</strong></span> 
     </span>
    </p>
   </div>
   <div class='ocr_carea' id='block_1_44' title="bbox 526 3148 2121 3235">
    <p class='ocr_par' dir='ltr' id='par_1_44' title="bbox 526 3148 2121 3235">
     <span class='ocr_line' id='line_1_44' title="bbox 526 3148 2121 3235; baseline 0.012 -31"><span class='ocrx_word' id='word_1_306' title='bbox 526 3149 674 3204; x_wconf 87' lang='lat' dir='ltr'><strong>renti</strong></span> <span class='ocrx_word' id='word_1_307' title='bbox 708 3148 875 3205; x_wconf 86' lang='lat' dir='ltr'><strong>filium</strong></span> <span class='ocrx_word' id='word_1_308' title='bbox 916 3151 1089 3235; x_wconf 62' lang='lat' dir='ltr'><strong>vidua:</strong></span> <span class='ocrx_word' id='word_1_309' title='bbox 1132 3155 1468 3225; x_wconf 83' lang='lat' dir='ltr'><strong>subveniret,</strong></span> <span class='ocrx_word' id='word_1_310' title='bbox 1500 3160 1863 3219; x_wconf 88' lang='lat' dir='ltr'><strong>ministerium</strong></span> <span class='ocrx_word' id='word_1_311' title='bbox 1897 3168 2121 3235; x_wconf 83' lang='lat' dir='ltr'><strong>pontiti-</strong></span> 
     </span>
    </p>
   </div>
   <div class='ocr_carea' id='block_1_45' title="bbox 526 3239 2124 3325">
    <p class='ocr_par' dir='ltr' id='par_1_45' title="bbox 526 3239 2124 3325">
     <span class='ocr_line' id='line_1_45' title="bbox 526 3239 2124 3325; baseline 0.011 -30"><span class='ocrx_word' id='word_1_312' title='bbox 526 3239 649 3295; x_wconf 66' lang='lat' dir='ltr'><strong>tale</strong></span> <span class='ocrx_word' id='word_1_313' title='bbox 679 3241 946 3310; x_wconf 87' lang='lat' dir='ltr'><strong>deposuit,</strong></span> <span class='ocrx_word' id='word_1_314' title='bbox 980 3257 1208 3313; x_wconf 86' lang='lat' dir='ltr'><strong>seseque</strong></span> <span class='ocrx_word' id='word_1_315' title='bbox 1246 3253 1477 3317; x_wconf 86' lang='lat' dir='ltr'><strong>tyranno</strong></span> <span class='ocrx_word' id='word_1_316' title='bbox 1493 3250 1711 3307; x_wconf 89' lang='lat' dir='ltr'><strong>cuidam</strong></span> <span class='ocrx_word' id='word_1_317' title='bbox 1736 3262 1994 3325; x_wconf 89' lang='lat' dir='ltr'><strong>tanquam</strong></span> <span class='ocrx_word' id='word_1_318' title='bbox 2017 3258 2124 3315; x_wconf 84' lang='lat' dir='ltr'><strong>vile</strong></span> 
     </span>
    </p>
   </div>
   <div class='ocr_carea' id='block_1_46' title="bbox 526 3328 1208 3405">
    <p class='ocr_par' dir='ltr' id='par_1_46' title="bbox 526 3328 1208 3405">
     <span class='ocr_line' id='line_1_46' title="bbox 526 3328 1208 3405; baseline 0.007 -21"><span class='ocrx_word' id='word_1_319' title='bbox 526 3329 863 3400; x_wconf 86' lang='lat' dir='ltr'><strong>mancipium</strong></span> <span class='ocrx_word' id='word_1_320' title='bbox 886 3328 1208 3405; x_wconf 82' lang='lat' dir='ltr'><strong>subjugavit.</strong></span> 
     </span>
    </p>
   </div>
   <div class='ocr_carea' id='block_1_47' title="bbox 596 3419 2119 3511">
    <p class='ocr_par' dir='ltr' id='par_1_47' title="bbox 596 3419 2119 3511">
     <span class='ocr_line' id='line_1_47' title="bbox 596 3419 2119 3511; baseline 0.015 -37"><span class='ocrx_word' id='word_1_321' title='bbox 596 3419 657 3475; x_wconf 87' lang='lat' dir='ltr'><strong>ln</strong></span> <span class='ocrx_word' id='word_1_322' title='bbox 698 3423 1069 3482; x_wconf 88' lang='lat' dir='ltr'><strong>ecclesiastica</strong></span> <span class='ocrx_word' id='word_1_323' title='bbox 1122 3442 1307 3498; x_wconf 91' lang='lat' dir='ltr'><strong>porro,</strong></span> <span class='ocrx_word' id='word_1_324' title='bbox 1352 3447 1517 3501; x_wconf 91' lang='lat' dir='ltr'><strong>quam</strong></span> <span class='ocrx_word' id='word_1_325' title='bbox 1568 3430 1850 3494; x_wconf 74' lang='lat' dir='ltr'><strong>Romanus</strong></span> <span class='ocrx_word' id='word_1_326' title='bbox 1896 3440 2119 3511; x_wconf 89' lang='lat' dir='ltr'><strong>quidam</strong></span> 
     </span>
    </p>
   </div>
   <div class='ocr_carea' id='block_1_48' title="bbox 523 3511 2121 3593">
    <p class='ocr_par' dir='ltr' id='par_1_48' title="bbox 523 3511 2121 3593">
     <span class='ocr_line' id='line_1_48' title="bbox 523 3511 2121 3593; baseline 0.013 -27"><span class='ocrx_word' id='word_1_327' title='bbox 523 3511 856 3569; x_wconf 79' lang='lat' dir='ltr'><strong>scriniarius</strong></span> <span class='ocrx_word' id='word_1_328' title='bbox 886 3515 1097 3583; x_wconf 89' lang='lat' dir='ltr'><strong>scribit,</strong></span> <span class='ocrx_word' id='word_1_329' title='bbox 1115 3516 1364 3587; x_wconf 88' lang='lat' dir='ltr'><strong>historia,</strong></span> <span class='ocrx_word' id='word_1_330' title='bbox 1384 3523 1576 3592; x_wconf 76' lang='lat' dir='ltr'><strong>legisse</strong></span> <span class='ocrx_word' id='word_1_331' title='bbox 1600 3542 1686 3581; x_wconf 92' lang='lat' dir='ltr'><strong>me</strong></span> <span class='ocrx_word' id='word_1_332' title='bbox 1714 3530 1957 3593; x_wconf 86' lang='lat' dir='ltr'><strong>memini,</strong></span> <span class='ocrx_word' id='word_1_333' title='bbox 1978 3531 2121 3586; x_wconf 85' lang='lat' dir='ltr'><strong>Mar-</strong></span> 
     </span>
    </p>
   </div>
   <div class='ocr_carea' id='block_1_49' title="bbox 532 3601 2118 3686">
    <p class='ocr_par' dir='ltr' id='par_1_49' title="bbox 532 3601 2118 3686">
     <span class='ocr_line' id='line_1_49' title="bbox 532 3601 2118 3686; baseline 0.015 -32"><span class='ocrx_word' id='word_1_334' title='bbox 532 3601 734 3673; x_wconf 81' lang='lat' dir='ltr'><strong>tyrium</strong></span> <span class='ocrx_word' id='word_1_335' title='bbox 759 3603 1157 3662; x_wconf 80' lang='lat' dir='ltr'><strong>Antiochenam</strong></span> <span class='ocrx_word' id='word_1_336' title='bbox 1195 3611 1509 3683; x_wconf 85' lang='lat' dir='ltr'><strong>episcopum</strong></span> <span class='ocrx_word' id='word_1_337' title='bbox 1552 3625 1777 3686; x_wconf 82' lang='lat' dir='ltr'><strong>propter</strong></span> <span class='ocrx_word' id='word_1_338' title='bbox 1799 3618 2118 3678; x_wconf 90' lang='lat' dir='ltr'><strong>dissidentis</strong></span> 
     </span>
    </p>
   </div>
   <div class='ocr_carea' id='block_1_50' title="bbox 522 3688 2118 3773">
    <p class='ocr_par' dir='ltr' id='par_1_50' title="bbox 522 3688 2118 3773">
     <span class='ocr_line' id='line_1_50' title="bbox 522 3688 2118 3773; baseline 0.014 -30"><span class='ocrx_word' id='word_1_339' title='bbox 522 3688 950 3747; x_wconf 77' lang='lat' dir='ltr'><strong>inobedl&#39;eutiam</strong></span> <span class='ocrx_word' id='word_1_340' title='bbox 996 3697 1202 3765; x_wconf 88' lang='lat' dir='ltr'><strong>populi,</strong></span> <span class='ocrx_word' id='word_1_341' title='bbox 1240 3700 1559 3758; x_wconf 86' lang='lat' dir='ltr'><strong>cathedram</strong></span> <span class='ocrx_word' id='word_1_342' title='bbox 1590 3706 1887 3773; x_wconf 89' lang='lat' dir='ltr'><strong>dimisisse,</strong></span> <span class='ocrx_word' id='word_1_343' title='bbox 1916 3710 2006 3765; x_wconf 90' lang='lat' dir='ltr'><strong>ubi</strong></span> <span class='ocrx_word' id='word_1_344' title='bbox 2040 3711 2118 3766; x_wconf 87' lang='lat' dir='ltr'><strong>sic</strong></span> 
     </span>
    </p>
   </div>
   <div class='ocr_carea' id='block_1_51' title="bbox 521 3778 2119 3866">
    <p class='ocr_par' dir='ltr' id='par_1_51' title="bbox 521 3778 2119 3866">
     <span class='ocr_line' id='line_1_51' title="bbox 521 3778 2119 3866; baseline 0.016 -33"><span class='ocrx_word' id='word_1_345' title='bbox 521 3779 730 3835; x_wconf 87' lang='lat' dir='ltr'><strong>dicitur</strong></span> <span class='ocrx_word' id='word_1_346' title='bbox 762 3778 1058 3852; x_wconf 82' lang='lat' dir='ltr'><strong>:Rediens,</strong></span> <span class='ocrx_word' id='word_1_347' title='bbox 1096 3787 1292 3855; x_wconf 85' lang='lat' dir='ltr'><strong>inquit,</strong></span> <span class='ocrx_word' id='word_1_348' title='bbox 1329 3788 1625 3865; x_wconf 81' lang='lat' dir='ltr'><strong>Martyrius</strong></span> <span class='ocrx_word' id='word_1_349' title='bbox 1659 3796 2030 3866; x_wconf 84' lang='lat' dir='ltr'><strong>Antiochiam,</strong></span> <span class='ocrx_word' id='word_1_350' title='bbox 2063 3812 2119 3858; x_wconf 89' lang='lat' dir='ltr'><strong>et</strong></span> 
     </span>
    </p>
   </div>
   <div class='ocr_carea' id='block_1_52' title="bbox 520 3869 2116 3962">
    <p class='ocr_par' dir='ltr' id='par_1_52' title="bbox 520 3869 2116 3962">
     <span class='ocr_line' id='line_1_52' title="bbox 520 3869 2116 3962; baseline 0.014 -36"><span class='ocrx_word' id='word_1_351' title='bbox 520 3869 806 3929; x_wconf 87' lang='lat' dir='ltr'><strong>inveniens</strong></span> <span class='ocrx_word' id='word_1_352' title='bbox 867 3870 1093 3947; x_wconf 91' lang='lat' dir='ltr'><strong>populos</strong></span> <span class='ocrx_word' id='word_1_353' title='bbox 1156 3881 1519 3950; x_wconf 85' lang='lat' dir='ltr'><strong>dissidentes,</strong></span> <span class='ocrx_word' id='word_1_354' title='bbox 1581 3882 1968 3962; x_wconf 86' lang='lat' dir='ltr'><strong>Zenonemque</strong></span> <span class='ocrx_word' id='word_1_355' title='bbox 2031 3889 2116 3949; x_wconf 88' lang='lat' dir='ltr'><strong>his</strong></span> 
     </span>
    </p>
   </div>
   <div class='ocr_carea' id='block_1_53' title="bbox 516 3960 2113 4053">
    <p class='ocr_par' dir='ltr' id='par_1_53' title="bbox 516 3960 2113 4053">
     <span class='ocr_line' id='line_1_53' title="bbox 516 3960 2113 4053; baseline 0.016 -38"><span class='ocrx_word' id='word_1_356' title='bbox 516 3960 816 4030; x_wconf 83' lang='lat' dir='ltr'><strong>faventem,</strong></span> <span class='ocrx_word' id='word_1_357' title='bbox 841 3980 1026 4023; x_wconf 88' lang='lat' dir='ltr'><strong>coram</strong></span> <span class='ocrx_word' id='word_1_358' title='bbox 1049 3967 1292 4027; x_wconf 87' lang='lat' dir='ltr'><strong>Ecclesia</strong></span> <span class='ocrx_word' id='word_1_359' title='bbox 1315 3974 1725 4034; x_wconf 87' lang='lat' dir='ltr'><strong>abrenuntiavit</strong></span> <span class='ocrx_word' id='word_1_360' title='bbox 1746 3960 2113 4053; x_wconf 82' lang='lat' dir='ltr'><strong>episcopatui,</strong></span> 
     </span>
    </p>
   </div>
   <div class='ocr_carea' id='block_1_54' title="bbox 517 4050 2116 4141">
    <p class='ocr_par' dir='ltr' id='par_1_54' title="bbox 517 4050 2116 4141">
     <span class='ocr_line' id='line_1_54' title="bbox 517 4050 2116 4141; baseline 0.015 -33"><span class='ocrx_word' id='word_1_361' title='bbox 517 4050 711 4110; x_wconf 88' lang='lat' dir='ltr'><strong>dicens</strong></span> <span class='ocrx_word' id='word_1_362' title='bbox 738 4073 753 4110; x_wconf 90' lang='lat'><strong>:</strong></span> <span class='ocrx_word' id='word_1_363' title='bbox 786 4055 945 4113; x_wconf 87' lang='lat' dir='ltr'><strong>Clero</strong></span> <span class='ocrx_word' id='word_1_364' title='bbox 976 4075 1080 4115; x_wconf 90' lang='lat' dir='ltr'><strong>non</strong></span> <span class='ocrx_word' id='word_1_365' title='bbox 1130 4058 1373 4130; x_wconf 87' lang='lat' dir='ltr'><strong>subdito,</strong></span> <span class='ocrx_word' id='word_1_366' title='bbox 1403 4076 1458 4121; x_wconf 89' lang='lat' dir='ltr'><strong>et</strong></span> <span class='ocrx_word' id='word_1_367' title='bbox 1498 4069 1696 4138; x_wconf 92' lang='lat' dir='ltr'><strong>populo</strong></span> <span class='ocrx_word' id='word_1_368' title='bbox 1722 4050 2027 4141; x_wconf 83' lang='lat' dir='ltr'><strong>dissidenti,</strong></span> <span class='ocrx_word' id='word_1_369' title='bbox 2060 4050 2116 4132; x_wconf 86' lang='lat' dir='ltr'><strong>et</strong></span> 
     </span>
    </p>
   </div>
   <div class='ocr_carea' id='block_1_55' title="bbox 515 4144 2112 4227">
    <p class='ocr_par' dir='ltr' id='par_1_55' title="bbox 515 4144 2112 4227">
     <span class='ocr_line' id='line_1_55' title="bbox 515 4144 2112 4227; baseline 0.018 -28"><span class='ocrx_word' id='word_1_370' title='bbox 515 4144 775 4203; x_wconf 71' lang='lat' dir='ltr'><strong>Ecclesia:</strong></span> <span class='ocrx_word' id='word_1_371' title='bbox 800 4150 1069 4220; x_wconf 90' lang='lat' dir='ltr'><strong>squalenti</strong></span> <span class='ocrx_word' id='word_1_372' title='bbox 1095 4155 1445 4227; x_wconf 87' lang='lat' dir='ltr'><strong>abrenuntio,</strong></span> <span class='ocrx_word' id='word_1_373' title='bbox 1486 4179 1714 4221; x_wconf 89' lang='lat' dir='ltr'><strong>servans</strong></span> <span class='ocrx_word' id='word_1_374' title='bbox 1745 4168 1995 4226; x_wconf 87' lang='lat' dir='ltr'><strong>mihimet</strong></span> <span class='ocrx_word' id='word_1_375' title='bbox 2023 4188 2112 4227; x_wconf 89' lang='lat' dir='ltr'><strong>sa-</strong></span> 
     </span>
    </p>
   </div>
   <div class='ocr_carea' id='block_1_56' title="bbox 514 4236 2113 4317">
    <p class='ocr_par' dir='ltr' id='par_1_56' title="bbox 514 4236 2113 4317">
     <span class='ocr_line' id='line_1_56' title="bbox 514 4236 2113 4317; baseline 0.016 -26"><span class='ocrx_word' id='word_1_376' title='bbox 514 4236 748 4292; x_wconf 88' lang='lat' dir='ltr'><strong>cerdotii</strong></span> <span class='ocrx_word' id='word_1_377' title='bbox 777 4239 1117 4309; x_wconf 86' lang='lat' dir='ltr'><strong>dignitatem.</strong></span> <span class='ocrx_word' id='word_1_378' title='bbox 1147 4244 1251 4302; x_wconf 84' lang='lat' dir='ltr'><strong>Ubi</strong></span> <span class='ocrx_word' id='word_1_379' title='bbox 1276 4249 1441 4304; x_wconf 90' lang='lat' dir='ltr'><strong>etiam</strong></span> <span class='ocrx_word' id='word_1_380' title='bbox 1473 4250 1601 4307; x_wconf 89' lang='lat' dir='ltr'><strong>illud</strong></span> <span class='ocrx_word' id='word_1_381' title='bbox 1636 4256 1911 4313; x_wconf 89' lang='lat' dir='ltr'><strong>invenitur</strong></span> <span class='ocrx_word' id='word_1_382' title='bbox 1937 4260 2113 4317; x_wconf 89' lang='lat' dir='ltr'><strong>inser-</strong></span> 
     </span>
    </p>
   </div>
   <div class='ocr_carea' id='block_1_57' title="bbox 515 4328 2110 4420">
    <p class='ocr_par' dir='ltr' id='par_1_57' title="bbox 515 4328 2110 4420">
     <span class='ocr_line' id='line_1_57' title="bbox 515 4328 2110 4420; baseline 0.019 -42"><span class='ocrx_word' id='word_1_383' title='bbox 515 4334 655 4393; x_wconf 90' lang='lat' dir='ltr'><strong>tum,</strong></span> <span class='ocrx_word' id='word_1_384' title='bbox 686 4330 830 4397; x_wconf 89' lang='lat' dir='ltr'><strong>quod</strong></span> <span class='ocrx_word' id='word_1_385' title='bbox 859 4328 1034 4401; x_wconf 78' lang='lat' dir='ltr'><strong>Appio</strong></span> <span class='ocrx_word' id='word_1_386' title='bbox 1072 4335 1293 4405; x_wconf 83' lang='lat' dir='ltr'><strong>quidam</strong></span> <span class='ocrx_word' id='word_1_387' title='bbox 1327 4342 1614 4411; x_wconf 90' lang='lat' dir='ltr'><strong>patricius,</strong></span> <span class='ocrx_word' id='word_1_388' title='bbox 1662 4347 1756 4417; x_wconf 89' lang='lat' dir='ltr'><strong>qui</strong></span> <span class='ocrx_word' id='word_1_389' title='bbox 1806 4349 2110 4420; x_wconf 87' lang='lat' dir='ltr'><strong>imperante</strong></span> 
     </span>
    </p>
   </div>
   <div class='ocr_carea' id='block_1_58' title="bbox 515 4418 2107 4512">
    <p class='ocr_par' dir='ltr' id='par_1_58' title="bbox 515 4418 2107 4512">
     <span class='ocr_line' id='line_1_58' title="bbox 515 4418 2107 4512; baseline 0.018 -39"><span class='ocrx_word' id='word_1_390' title='bbox 515 4418 684 4491; x_wconf 87' lang='lat' dir='ltr'><strong>impio</strong></span> <span class='ocrx_word' id='word_1_391' title='bbox 704 4420 1015 4491; x_wconf 84' lang='lat' dir='ltr'><strong>Anastasio,</strong></span> <span class='ocrx_word' id='word_1_392' title='bbox 1042 4426 1095 4481; x_wconf 93' lang='lat' dir='ltr'><strong>in</strong></span> <span class='ocrx_word' id='word_1_393' title='bbox 1119 4427 1336 4488; x_wconf 70' lang='lat' dir='ltr'><strong>Niczena</strong></span> <span class='ocrx_word' id='word_1_394' title='bbox 1368 4434 1591 4493; x_wconf 89' lang='lat' dir='ltr'><strong>civitate</strong></span> <span class='ocrx_word' id='word_1_395' title='bbox 1616 4418 1903 4512; x_wconf 79' lang='lat' dir='ltr'><strong>presbyter</strong></span> <span class='ocrx_word' id='word_1_396' title='bbox 1926 4443 2107 4502; x_wconf 84' lang='lat' dir='ltr'><strong>fuerat</strong></span> 
     </span>
    </p>
   </div>
   <div class='ocr_carea' id='block_1_59' title="bbox 513 4511 2100 4606">
    <p class='ocr_par' dir='ltr' id='par_1_59' title="bbox 513 4511 2100 4606">
     <span class='ocr_line' id='line_1_59' title="bbox 513 4511 2100 4606; baseline 0.019 -42"><span class='ocrx_word' id='word_1_397' title='bbox 513 4526 611 4581; x_wconf 89' lang='lat' dir='ltr'><strong>per</strong></span> <span class='ocrx_word' id='word_1_398' title='bbox 636 4511 947 4570; x_wconf 88' lang='lat' dir='ltr'><strong>violentiam</strong></span> <span class='ocrx_word' id='word_1_399' title='bbox 973 4530 1347 4591; x_wconf 86' lang='lat' dir='ltr'><strong>consecratus,</strong></span> <span class='ocrx_word' id='word_1_400' title='bbox 1381 4529 1643 4595; x_wconf 91' lang='lat' dir='ltr'><strong>quoniam</strong></span> <span class='ocrx_word' id='word_1_401' title='bbox 1698 4511 1935 4604; x_wconf 71' lang='lat' dir='ltr'><strong>prndens</strong></span> <span class='ocrx_word' id='word_1_402' title='bbox 1960 4549 2100 4606; x_wconf 89' lang='lat' dir='ltr'><strong>erat,</strong></span> 
     </span>
    </p>
   </div>
   <div class='ocr_carea' id='block_1_60' title="bbox 511 4605 2103 4694">
    <p class='ocr_par' dir='ltr' id='par_1_60' title="bbox 511 4605 2103 4694">
     <span class='ocr_line' id='line_1_60' title="bbox 511 4605 2103 4694; baseline 0.018 -35"><span class='ocrx_word' id='word_1_403' title='bbox 511 4618 581 4659; x_wconf 82' lang='lat' dir='ltr'><strong>ex</strong></span> <span class='ocrx_word' id='word_1_404' title='bbox 612 4606 831 4662; x_wconf 86' lang='lat' dir='ltr'><strong>decreto</strong></span> <span class='ocrx_word' id='word_1_405' title='bbox 856 4605 1083 4678; x_wconf 89' lang='lat' dir='ltr'><strong>piissimi</strong></span> <span class='ocrx_word' id='word_1_406' title='bbox 1118 4613 1465 4685; x_wconf 89' lang='lat' dir='ltr'><strong>imperatoris</strong></span> <span class='ocrx_word' id='word_1_407' title='bbox 1496 4619 1715 4690; x_wconf 80' lang='lat' dir='ltr'><strong>Justini,</strong></span> <span class='ocrx_word' id='word_1_408' title='bbox 1747 4627 1838 4694; x_wconf 89' lang='lat' dir='ltr'><strong>qui</strong></span> <span class='ocrx_word' id='word_1_409' title='bbox 1867 4628 2103 4686; x_wconf 82' lang='lat' dir='ltr'><strong>Anasta-</strong></span> 
     </span>
    </p>
   </div>
   <div class='ocr_carea' id='block_1_61' title="bbox 510 4694 2093 4789">
    <p class='ocr_par' dir='ltr' id='par_1_61' title="bbox 510 4694 2093 4789">
     <span class='ocr_line' id='line_1_61' title="bbox 510 4694 2093 4789; baseline 0.016 -40"><span class='ocrx_word' id='word_1_410' title='bbox 510 4694 595 4750; x_wconf 88' lang='lat' dir='ltr'><strong>sio</strong></span> <span class='ocrx_word' id='word_1_411' title='bbox 622 4694 676 4749; x_wconf 92' lang='lat' dir='ltr'><strong>in</strong></span> <span class='ocrx_word' id='word_1_412' title='bbox 702 4705 910 4767; x_wconf 88' lang='lat' dir='ltr'><strong>sceptra</strong></span> <span class='ocrx_word' id='word_1_413' title='bbox 936 4714 1302 4772; x_wconf 87' lang='lat' dir='ltr'><strong>successerat,</strong></span> <span class='ocrx_word' id='word_1_414' title='bbox 1327 4706 1504 4765; x_wconf 88' lang='lat' dir='ltr'><strong>factus</strong></span> <span class='ocrx_word' id='word_1_415' title='bbox 1532 4720 1613 4768; x_wconf 89' lang='lat' dir='ltr'><strong>est</strong></span> <span class='ocrx_word' id='word_1_416' title='bbox 1642 4715 1934 4783; x_wconf 69' lang='lat' dir='ltr'><strong>prmfcctus</strong></span> <span class='ocrx_word' id='word_1_417' title='bbox 1959 4735 2093 4789; x_wconf 84' lang='lat' dir='ltr'><strong>prae-</strong></span> 
     </span>
    </p>
   </div>
   <div class='ocr_carea' id='block_1_62' title="bbox 511 4785 2099 4877">
    <p class='ocr_par' dir='ltr' id='par_1_62' title="bbox 511 4785 2099 4877">
     <span class='ocr_line' id='line_1_62' title="bbox 511 4785 2099 4877; baseline 0.018 -38"><span class='ocrx_word' id='word_1_418' title='bbox 511 4786 658 4841; x_wconf 90' lang='lat' dir='ltr'><strong>torii.</strong></span> <span class='ocrx_word' id='word_1_419' title='bbox 693 4785 783 4842; x_wconf 86' lang='lat' dir='ltr'><strong>Sic</strong></span> <span class='ocrx_word' id='word_1_420' title='bbox 810 4790 1087 4861; x_wconf 89' lang='lat' dir='ltr'><strong>nimirum,</strong></span> <span class='ocrx_word' id='word_1_421' title='bbox 1136 4797 1215 4852; x_wconf 86' lang='lat' dir='ltr'><strong>sic</strong></span> <span class='ocrx_word' id='word_1_422' title='bbox 1255 4799 1522 4869; x_wconf 89' lang='lat' dir='ltr'><strong>imperiali</strong></span> <span class='ocrx_word' id='word_1_423' title='bbox 1572 4803 1677 4860; x_wconf 87' lang='lat' dir='ltr'><strong>fuit</strong></span> <span class='ocrx_word' id='word_1_424' title='bbox 1730 4808 1934 4877; x_wconf 91' lang='lat' dir='ltr'><strong>pietate</strong></span> <span class='ocrx_word' id='word_1_425' title='bbox 1974 4827 2099 4868; x_wconf 86' lang='lat' dir='ltr'><strong>cor-</strong></span> 
     </span>
    </p>
   </div>
   <div class='ocr_carea' id='block_1_63' title="bbox 510 4880 2100 4971">
    <p class='ocr_par' dir='ltr' id='par_1_63' title="bbox 510 4880 2100 4971">
     <span class='ocr_line' id='line_1_63' title="bbox 510 4880 2100 4971; baseline 0.018 -43"><span class='ocrx_word' id='word_1_426' title='bbox 510 4883 742 4942; x_wconf 80' lang='lat' dir='ltr'><strong>rectum,</strong></span> <span class='ocrx_word' id='word_1_427' title='bbox 768 4880 913 4947; x_wconf 90' lang='lat' dir='ltr'><strong>quod</strong></span> <span class='ocrx_word' id='word_1_428' title='bbox 940 4881 1040 4937; x_wconf 87' lang='lat' dir='ltr'><strong>sub</strong></span> <span class='ocrx_word' id='word_1_429' title='bbox 1070 4887 1350 4955; x_wconf 83' lang='lat' dir='ltr'><strong>tyrannica</strong></span> <span class='ocrx_word' id='word_1_430' title='bbox 1402 4889 1580 4947; x_wconf 86' lang='lat' dir='ltr'><strong>fuerat</strong></span> <span class='ocrx_word' id='word_1_431' title='bbox 1612 4902 1939 4966; x_wconf 89' lang='lat' dir='ltr'><strong>tempestate</strong></span> <span class='ocrx_word' id='word_1_432' title='bbox 1962 4918 2100 4971; x_wconf 70' lang='lat' dir='ltr'><strong>prm-</strong></span> 
     </span>
    </p>
   </div>
   <div class='ocr_carea' id='block_1_64' title="bbox 507 4969 2095 5059">
    <p class='ocr_par' dir='ltr' id='par_1_64' title="bbox 507 4969 2095 5059">
     <span class='ocr_line' id='line_1_64' title="bbox 507 4969 2095 5059; baseline 0.018 -40"><span class='ocrx_word' id='word_1_433' title='bbox 507 4976 805 5037; x_wconf 90' lang='lat' dir='ltr'><strong>sumptum.</strong></span> <span class='ocrx_word' id='word_1_434' title='bbox 838 4969 991 5038; x_wconf 85' lang='lat' dir='ltr'><strong>Quod</strong></span> <span class='ocrx_word' id='word_1_435' title='bbox 1014 4976 1262 5044; x_wconf 89' lang='lat' dir='ltr'><strong>profecto</strong></span> <span class='ocrx_word' id='word_1_436' title='bbox 1301 4980 1506 5038; x_wconf 90' lang='lat' dir='ltr'><strong>idcirco</strong></span> <span class='ocrx_word' id='word_1_437' title='bbox 1548 4984 1895 5044; x_wconf 88' lang='lat' dir='ltr'><strong>referendum</strong></span> <span class='ocrx_word' id='word_1_438' title='bbox 1944 4969 2095 5059; x_wconf 83' lang='lat' dir='ltr'><strong>duxi,</strong></span> 
     </span>
    </p>
   </div>
   <div class='ocr_carea' id='block_1_65' title="bbox 506 5058 2097 5141">
    <p class='ocr_par' dir='ltr' id='par_1_65' title="bbox 506 5058 2097 5141">
     <span class='ocr_line' id='line_1_65' title="bbox 506 5058 2097 5141; baseline 0.02 -34"><span class='ocrx_word' id='word_1_439' title='bbox 506 5066 565 5108; x_wconf 90' lang='lat' dir='ltr'><strong>nt</strong></span> <span class='ocrx_word' id='word_1_440' title='bbox 591 5058 849 5126; x_wconf 84' lang='lat' dir='ltr'><strong>quoniam</strong></span> <span class='ocrx_word' id='word_1_441' title='bbox 899 5072 954 5116; x_wconf 88' lang='lat' dir='ltr'><strong>et</strong></span> <span class='ocrx_word' id='word_1_442' title='bbox 1003 5064 1121 5135; x_wconf 90' lang='lat' dir='ltr'><strong>ipse</strong></span> <span class='ocrx_word' id='word_1_443' title='bbox 1166 5067 1434 5124; x_wconf 82' lang='lat' dir='ltr'><strong>violenter</strong></span> <span class='ocrx_word' id='word_1_444' title='bbox 1479 5082 1749 5131; x_wconf 88' lang='lat' dir='ltr'><strong>attractus</strong></span> <span class='ocrx_word' id='word_1_445' title='bbox 1790 5095 1931 5141; x_wconf 88' lang='lat' dir='ltr'><strong>sum,</strong></span> <span class='ocrx_word' id='word_1_446' title='bbox 1969 5082 2097 5139; x_wconf 89' lang='lat' dir='ltr'><strong>hinc</strong></span> 
     </span>
    </p>
   </div>
   <div class='ocr_carea' id='block_1_66' title="bbox 506 5148 2092 5239">
    <p class='ocr_par' dir='ltr' id='par_1_66' title="bbox 506 5148 2092 5239">
     <span class='ocr_line' id='line_1_66' title="bbox 506 5148 2092 5239; baseline 0.018 -39"><span class='ocrx_word' id='word_1_447' title='bbox 506 5148 687 5203; x_wconf 82' lang='lat' dir='ltr'><strong>valeat</strong></span> <span class='ocrx_word' id='word_1_448' title='bbox 706 5148 907 5220; x_wconf 87' lang='lat' dir='ltr'><strong>colligi,</strong></span> <span class='ocrx_word' id='word_1_449' title='bbox 939 5156 1068 5223; x_wconf 83' lang='lat' dir='ltr'><strong>quid</strong></span> <span class='ocrx_word' id='word_1_450' title='bbox 1093 5158 1256 5213; x_wconf 89' lang='lat' dir='ltr'><strong>etiam</strong></span> <span class='ocrx_word' id='word_1_451' title='bbox 1302 5176 1466 5232; x_wconf 87' lang='lat' dir='ltr'><strong>super</strong></span> <span class='ocrx_word' id='word_1_452' title='bbox 1496 5180 1582 5220; x_wconf 88' lang='lat' dir='ltr'><strong>me</strong></span> <span class='ocrx_word' id='word_1_453' title='bbox 1611 5166 1773 5239; x_wconf 86' lang='lat' dir='ltr'><strong>digne</strong></span> <span class='ocrx_word' id='word_1_454' title='bbox 1804 5170 1999 5227; x_wconf 88' lang='lat' dir='ltr'><strong>debeat</strong></span> <span class='ocrx_word' id='word_1_455' title='bbox 2025 5187 2092 5229; x_wconf 79' lang='lat' dir='ltr'><strong>ex</strong></span> 
     </span>
    </p>
   </div>
   <div class='ocr_carea' id='block_1_67' title="bbox 506 5240 2088 5336">
    <p class='ocr_par' dir='ltr' id='par_1_67' title="bbox 506 5240 2088 5336">
     <span class='ocr_line' id='line_1_67' title="bbox 506 5240 2088 5336; baseline 0.02 -44"><span class='ocrx_word' id='word_1_456' title='bbox 506 5240 746 5310; x_wconf 69' lang='lat' dir='ltr'><strong>antiqua:</strong></span> <span class='ocrx_word' id='word_1_457' title='bbox 788 5247 1131 5304; x_wconf 85' lang='lat' dir='ltr'><strong>auctoritatis</strong></span> <span class='ocrx_word' id='word_1_458' title='bbox 1163 5252 1462 5311; x_wconf 91' lang='lat' dir='ltr'><strong>imitatione</strong></span> <span class='ocrx_word' id='word_1_459' title='bbox 1498 5258 1735 5315; x_wconf 89' lang='lat' dir='ltr'><strong>decerni.</strong></span> <span class='ocrx_word' id='word_1_460' title='bbox 1766 5262 2088 5336; x_wconf 87' lang='lat' dir='ltr'><strong>Quanquam</strong></span> 
     </span>
    </p>
   </div>
   <div class='ocr_carea' id='block_1_68' title="bbox 503 5331 2084 5426">
    <p class='ocr_par' dir='ltr' id='par_1_68' title="bbox 503 5331 2084 5426">
     <span class='ocr_line' id='line_1_68' title="bbox 503 5331 2084 5426; baseline 0.018 -40"><span class='ocrx_word' id='word_1_461' title='bbox 503 5342 556 5386; x_wconf 87' lang='lat' dir='ltr'><strong>et</strong></span> <span class='ocrx_word' id='word_1_462' title='bbox 573 5331 812 5388; x_wconf 80' lang='lat' dir='ltr'><strong>alterius</strong></span> <span class='ocrx_word' id='word_1_463' title='bbox 842 5335 1090 5409; x_wconf 87' lang='lat' dir='ltr'><strong>videatur</strong></span> <span class='ocrx_word' id='word_1_464' title='bbox 1110 5358 1230 5398; x_wconf 90' lang='lat' dir='ltr'><strong>esse</strong></span> <span class='ocrx_word' id='word_1_465' title='bbox 1253 5348 1455 5417; x_wconf 90' lang='lat' dir='ltr'><strong>negotii</strong></span> <span class='ocrx_word' id='word_1_466' title='bbox 1485 5349 1737 5415; x_wconf 83' lang='lat' dir='ltr'><strong>definire,</strong></span> <span class='ocrx_word' id='word_1_467' title='bbox 1756 5331 2084 5426; x_wconf 40' lang='lat' dir='ltr'><strong>ull‘lllll‘IIOC,</strong></span> 
     </span>
    </p>
   </div>
   <div class='ocr_carea' id='block_1_69' title="bbox 502 5425 2087 5512">
    <p class='ocr_par' dir='ltr' id='par_1_69' title="bbox 502 5425 2087 5512">
     <span class='ocr_line' id='line_1_69' title="bbox 502 5425 2087 5512; baseline 0.02 -35"><span class='ocrx_word' id='word_1_468' title='bbox 502 5425 641 5495; x_wconf 79' lang='lat' dir='ltr'><strong>quod</strong></span> <span class='ocrx_word' id='word_1_469' title='bbox 686 5425 781 5480; x_wconf 89' lang='lat' dir='ltr'><strong>ille</strong></span> <span class='ocrx_word' id='word_1_470' title='bbox 830 5425 899 5482; x_wconf 90' lang='lat' dir='ltr'><strong>de</strong></span> <span class='ocrx_word' id='word_1_471' title='bbox 946 5432 1265 5504; x_wconf 81' lang='lat' dir='ltr'><strong>presbytero</strong></span> <span class='ocrx_word' id='word_1_472' title='bbox 1293 5438 1583 5507; x_wconf 73' lang='lat' dir='ltr'><strong>prmfectus</strong></span> <span class='ocrx_word' id='word_1_473' title='bbox 1626 5448 1865 5512; x_wconf 86' lang='lat' dir='ltr'><strong>praetorii</strong></span> <span class='ocrx_word' id='word_1_474' title='bbox 1912 5425 2087 5509; x_wconf 81' lang='lat' dir='ltr'><strong>factus</strong></span> 
     </span>
    </p>
   </div>
   <div class='ocr_carea' id='block_1_70' title="bbox 501 5518 1937 5609">
    <p class='ocr_par' dir='ltr' id='par_1_70' title="bbox 501 5518 1937 5609">
     <span class='ocr_line' id='line_1_70' title="bbox 501 5518 1937 5609; baseline 0.017 -38"><span class='ocrx_word' id='word_1_475' title='bbox 501 5524 601 5583; x_wconf 87' lang='lat' dir='ltr'><strong>est,</strong></span> <span class='ocrx_word' id='word_1_476' title='bbox 630 5518 975 5586; x_wconf 82' lang='lat' dir='ltr'><strong>auctoritati,</strong></span> <span class='ocrx_word' id='word_1_477' title='bbox 1011 5538 1077 5575; x_wconf 89' lang='lat' dir='ltr'><strong>an</strong></span> <span class='ocrx_word' id='word_1_478' title='bbox 1108 5525 1418 5593; x_wconf 69' lang='lat' dir='ltr'><strong>prmjudirio</strong></span> <span class='ocrx_word' id='word_1_479' title='bbox 1442 5534 1635 5589; x_wconf 86' lang='lat' dir='ltr'><strong>debeat</strong></span> <span class='ocrx_word' id='word_1_480' title='bbox 1660 5537 1937 5609; x_wconf 87' lang='lat' dir='ltr'><strong>imputari.</strong></span> 
     </span>
    </p>
   </div>
   <div class='ocr_carea' id='block_1_71' title="bbox 1022 5613 1552 5690">
    <p class='ocr_par' dir='ltr' id='par_1_71' title="bbox 1022 5613 1552 5690">
     <span class='ocr_line' id='line_1_71' title="bbox 1022 5613 1552 5690; baseline 0.023 -20"><span class='ocrx_word' id='word_1_481' title='bbox 1022 5613 1186 5690; x_wconf 64' lang='lat'><strong>424</strong></span> <span class='ocrx_word' id='word_1_482' title='bbox 1223 5619 1450 5679; x_wconf 84' lang='lat' dir='ltr'><strong>CAPUT</strong></span> <span class='ocrx_word' id='word_1_483' title='bbox 1488 5625 1552 5682; x_wconf 84' lang='grc' dir='ltr'><strong>ιι.</strong></span> 
     </span>
    </p>
   </div>
   <div class='ocr_carea' id='block_1_72' title="bbox 535 5700 2043 5793">
    <p class='ocr_par' dir='ltr' id='par_1_72' title="bbox 535 5700 2043 5793">
     <span class='ocr_line' id='line_1_72' title="bbox 535 5700 2043 5793; baseline 0.019 -38"><span class='ocrx_word' id='word_1_484' title='bbox 535 5700 670 5769; x_wconf 75' lang='lat' dir='ltr'><strong>Quid</strong></span> <span class='ocrx_word' id='word_1_485' title='bbox 686 5703 751 5757; x_wconf 85' lang='lat' dir='ltr'><strong>de</strong></span> <span class='ocrx_word' id='word_1_486' title='bbox 770 5702 1085 5761; x_wconf 86' lang='lat' dir='ltr'><strong>dimittenda</strong></span> <span class='ocrx_word' id='word_1_487' title='bbox 1108 5711 1408 5784; x_wconf 81' lang='lat' dir='ltr'><strong>episcopatu</strong></span> <span class='ocrx_word' id='word_1_488' title='bbox 1436 5717 1497 5772; x_wconf 86' lang='grc' dir='ltr'><strong>Β.</strong></span> <span class='ocrx_word' id='word_1_489' title='bbox 1518 5717 1806 5793; x_wconf 78' lang='lat' dir='ltr'><strong>Gregorius</strong></span> <span class='ocrx_word' id='word_1_490' title='bbox 1831 5729 2043 5785; x_wconf 80' lang='lat' dir='ltr'><strong>sentiat.</strong></span> 
     </span>
    </p>
   </div>
   <div class='ocr_carea' id='block_1_73' title="bbox 562 5792 2082 5884">
    <p class='ocr_par' dir='ltr' id='par_1_73' title="bbox 562 5792 2082 5884">
     <span class='ocr_line' id='line_1_73' title="bbox 562 5792 2082 5884; baseline 0.02 -35"><span class='ocrx_word' id='word_1_491' title='bbox 562 5792 729 5853; x_wconf 88' lang='lat' dir='ltr'><strong>Porro</strong></span> <span class='ocrx_word' id='word_1_492' title='bbox 754 5805 945 5850; x_wconf 86' lang='lat' dir='ltr'><strong>autem</strong></span> <span class='ocrx_word' id='word_1_493' title='bbox 974 5795 1164 5855; x_wconf 90' lang='lat' dir='ltr'><strong>beatus</strong></span> <span class='ocrx_word' id='word_1_494' title='bbox 1193 5818 1330 5873; x_wconf 86' lang='lat' dir='ltr'><strong>papa</strong></span> <span class='ocrx_word' id='word_1_495' title='bbox 1349 5792 1670 5884; x_wconf 84' lang='lat' dir='ltr'><strong>Gregorius,</strong></span> <span class='ocrx_word' id='word_1_496' title='bbox 1702 5817 1748 5873; x_wconf 90' lang='lat' dir='ltr'><strong>si</strong></span> <span class='ocrx_word' id='word_1_497' title='bbox 1785 5823 2082 5879; x_wconf 86' lang='lat' dir='ltr'><strong>necessitas</strong></span> 
     </span>
    </p>
   </div>
   <div class='ocr_carea' id='block_1_74' title="bbox 809 5889 1365 5963">
    <p class='ocr_par' dir='ltr' id='par_1_74' title="bbox 809 5889 1365 5963">
     <span class='ocr_line' id='line_1_74' title="bbox 809 5889 1365 5963; baseline 0.025 -12"><span class='ocrx_word' id='word_1_498' title='bbox 809 5889 1092 5955; x_wconf 74' lang='grc' dir='ltr'><strong>ΡΑτιιυι.</strong></span> <span class='ocrx_word' id='word_1_499' title='bbox 1146 5897 1365 5963; x_wconf 67' lang='lat' dir='ltr'><strong>CXLV</strong></span> 
     </span>
    </p>
   </div>
   <div class='ocr_carea' id='block_1_75' title="bbox 2243 1981 2510 2039">
    <p class='ocr_par' dir='ltr' id='par_1_75' title="bbox 2243 1981 2510 2039">
     <span class='ocr_line' id='line_1_75' title="bbox 2243 1981 2510 2039; baseline 0.019 -5"><span class='ocrx_word' id='word_1_500' title='bbox 2243 1981 2366 2035; x_wconf 89' lang='lat' dir='ltr'><strong>dum</strong></span> <span class='ocrx_word' id='word_1_501' title='bbox 2406 1993 2510 2039; x_wconf 87' lang='lat' dir='ltr'><strong>est.</strong></span> 
     </span>
    </p>
   </div>
   <div class='ocr_carea' id='block_1_76' title="bbox 2310 2073 3846 2152">
    <p class='ocr_par' dir='ltr' id='par_1_76' title="bbox 2310 2073 3846 2152">
     <span class='ocr_line' id='line_1_76' title="bbox 2310 2073 3846 2152; baseline 0.015 -25"><span class='ocrx_word' id='word_1_502' title='bbox 2310 2073 2483 2131; x_wconf 87' lang='lat' dir='ltr'><strong>Porro</strong></span> <span class='ocrx_word' id='word_1_503' title='bbox 2510 2076 2643 2131; x_wconf 84' lang='lat' dir='ltr'><strong>etB.</strong></span> <span class='ocrx_word' id='word_1_504' title='bbox 2680 2077 3069 2152; x_wconf 80' lang='lat' dir='ltr'><strong>Hieronymus,</strong></span> <span class='ocrx_word' id='word_1_505' title='bbox 3115 2084 3242 2139; x_wconf 88' lang='lat' dir='ltr'><strong>dum</strong></span> <span class='ocrx_word' id='word_1_506' title='bbox 3277 2087 3344 2141; x_wconf 90' lang='lat' dir='ltr'><strong>de</strong></span> <span class='ocrx_word' id='word_1_507' title='bbox 3372 2088 3552 2146; x_wconf 86' lang='lat' dir='ltr'><strong>otioso</strong></span> <span class='ocrx_word' id='word_1_508' title='bbox 3584 2090 3846 2150; x_wconf 69' lang='lat' dir='ltr'><strong>Ecclesiae</strong></span> 
     </span>
    </p>
   </div>
   <div class='ocr_carea' id='block_1_77' title="bbox 2242 2171 3848 2256">
    <p class='ocr_par' dir='ltr' id='par_1_77' title="bbox 2242 2171 3848 2256">
     <span class='ocr_line' id='line_1_77' title="bbox 2242 2171 3848 2256; baseline 0.016 -37"><span class='ocrx_word' id='word_1_509' title='bbox 2242 2176 2455 2223; x_wconf 85' lang='lat' dir='ltr'><strong>rectore</strong></span> <span class='ocrx_word' id='word_1_510' title='bbox 2476 2177 2760 2238; x_wconf 89' lang='lat' dir='ltr'><strong>tractaret,</strong></span> <span class='ocrx_word' id='word_1_511' title='bbox 2791 2171 2993 2241; x_wconf 87' lang='lat' dir='ltr'><strong>adjecit</strong></span> <span class='ocrx_word' id='word_1_512' title='bbox 3025 2190 3040 2229; x_wconf 89' lang='lat'><strong>:</strong></span> <span class='ocrx_word' id='word_1_513' title='bbox 3072 2176 3241 2241; x_wconf 85' lang='lat' dir='ltr'><strong>Illico,</strong></span> <span class='ocrx_word' id='word_1_514' title='bbox 3272 2180 3469 2250; x_wconf 85' lang='lat' dir='ltr'><strong>inquit,</strong></span> <span class='ocrx_word' id='word_1_515' title='bbox 3504 2184 3848 2256; x_wconf 85' lang='lat' dir='ltr'><strong>indignantis</strong></span> 
     </span>
    </p>
   </div>
   <div class='ocr_carea' id='block_1_78' title="bbox 2238 2256 3843 2350">
    <p class='ocr_par' dir='ltr' id='par_1_78' title="bbox 2238 2256 3843 2350">
     <span class='ocr_line' id='line_1_78' title="bbox 2238 2256 3843 2350; baseline 0.014 -38"><span class='ocrx_word' id='word_1_516' title='bbox 2238 2256 2453 2315; x_wconf 87' lang='lat' dir='ltr'><strong>Domini</strong></span> <span class='ocrx_word' id='word_1_517' title='bbox 2509 2265 2868 2335; x_wconf 62' lang='lat' dir='ltr'><strong>responsione</strong></span> <span class='ocrx_word' id='word_1_518' title='bbox 2924 2266 3153 2324; x_wconf 89' lang='lat' dir='ltr'><strong>ferietur</strong></span> <span class='ocrx_word' id='word_1_519' title='bbox 3210 2286 3225 2324; x_wconf 91' lang='lat'><strong>:</strong></span> <span class='ocrx_word' id='word_1_520' title='bbox 3280 2292 3299 2325; x_wconf 72' lang='grc' dir='ltr'>ί</span> <span class='ocrx_word' id='word_1_521' title='bbox 3355 2274 3526 2331; x_wconf 85' lang='lat' dir='ltr'><strong>Serve</strong></span> <span class='ocrx_word' id='word_1_522' title='bbox 3581 2292 3843 2350; x_wconf 86' lang='lat' dir='ltr'><strong>nequam,</strong></span> 
     </span>
    </p>
   </div>
   <div class='ocr_carea' id='block_1_79' title="bbox 2237 2355 3849 2437">
    <p class='ocr_par' dir='ltr' id='par_1_79' title="bbox 2237 2355 3849 2437">
     <span class='ocr_line' id='line_1_79' title="bbox 2237 2355 3849 2437; baseline 0.016 -34"><span class='ocrx_word' id='word_1_523' title='bbox 2237 2365 2409 2419; x_wconf 89' lang='lat' dir='ltr'><strong>quare</strong></span> <span class='ocrx_word' id='word_1_524' title='bbox 2439 2368 2547 2407; x_wconf 92' lang='lat' dir='ltr'><strong>non</strong></span> <span class='ocrx_word' id='word_1_525' title='bbox 2579 2355 2780 2411; x_wconf 87' lang='lat' dir='ltr'><strong>dedisti</strong></span> <span class='ocrx_word' id='word_1_526' title='bbox 2824 2360 3113 2426; x_wconf 90' lang='lat' dir='ltr'><strong>pecuniam</strong></span> <span class='ocrx_word' id='word_1_527' title='bbox 3146 2358 3323 2418; x_wconf 85' lang='lat' dir='ltr'><strong>meam</strong></span> <span class='ocrx_word' id='word_1_528' title='bbox 3369 2367 3437 2420; x_wconf 89' lang='lat' dir='ltr'><strong>ad</strong></span> <span class='ocrx_word' id='word_1_529' title='bbox 3481 2384 3755 2437; x_wconf 90' lang='lat' dir='ltr'><strong>mensam,</strong></span> <span class='ocrx_word' id='word_1_530' title='bbox 3784 2382 3849 2428; x_wconf 79' lang='lat' dir='ltr'><strong>ut</strong></span> 
     </span>
    </p>
   </div>
   <div class='ocr_carea' id='block_1_80' title="bbox 2238 2445 3839 2535">
    <p class='ocr_par' dir='ltr' id='par_1_80' title="bbox 2238 2445 3839 2535">
     <span class='ocr_line' id='line_1_80' title="bbox 2238 2445 3839 2535; baseline 0.015 -40"><span class='ocrx_word' id='word_1_531' title='bbox 2238 2457 2339 2513; x_wconf 86' lang='lat' dir='ltr'><strong>ego</strong></span> <span class='ocrx_word' id='word_1_532' title='bbox 2357 2445 2608 2512; x_wconf 90' lang='lat' dir='ltr'><strong>veniens,</strong></span> <span class='ocrx_word' id='word_1_533' title='bbox 2624 2463 2749 2502; x_wconf 91' lang='lat' dir='ltr'><strong>cum</strong></span> <span class='ocrx_word' id='word_1_534' title='bbox 2773 2451 2955 2507; x_wconf 89' lang='lat' dir='ltr'><strong>usuris</strong></span> <span class='ocrx_word' id='word_1_535' title='bbox 2973 2455 3275 2524; x_wconf 79' lang='lat' dir='ltr'><strong>exegissem</strong></span> <span class='ocrx_word' id='word_1_536' title='bbox 3294 2457 3477 2513; x_wconf 88' lang='lat' dir='ltr'><strong>illam?</strong></span> <span class='ocrx_word' id='word_1_537' title='bbox 3496 2480 3507 2512; x_wconf 91' lang='grc' dir='ltr'>ι</span> <span class='ocrx_word' id='word_1_538' title='bbox 3536 2460 3839 2535; x_wconf 79' lang='lat' dir='ltr'><strong>(Luc.xix.)</strong></span> 
     </span>
    </p>
   </div>
   <div class='ocr_carea' id='block_1_81' title="bbox 2238 2535 3846 2629">
    <p class='ocr_par' dir='ltr' id='par_1_81' title="bbox 2238 2535 3846 2629">
     <span class='ocr_line' id='line_1_81' title="bbox 2238 2535 3846 2629; baseline 0.017 -40"><span class='ocrx_word' id='word_1_539' title='bbox 2238 2535 2393 2603; x_wconf 88' lang='lat' dir='ltr'><strong>Quod</strong></span> <span class='ocrx_word' id='word_1_540' title='bbox 2423 2537 2618 2595; x_wconf 90' lang='lat' dir='ltr'><strong>doctor</strong></span> <span class='ocrx_word' id='word_1_541' title='bbox 2648 2543 2902 2612; x_wconf 91' lang='lat' dir='ltr'><strong>protinus</strong></span> <span class='ocrx_word' id='word_1_542' title='bbox 2958 2562 3262 2617; x_wconf 80' lang='lat' dir='ltr'><strong>exponens,</strong></span> <span class='ocrx_word' id='word_1_543' title='bbox 3295 2554 3373 2607; x_wconf 88' lang='lat' dir='ltr'><strong>ait</strong></span> <span class='ocrx_word' id='word_1_544' title='bbox 3406 2573 3419 2608; x_wconf 92' lang='lat'><strong>:</strong></span> <span class='ocrx_word' id='word_1_545' title='bbox 3456 2553 3514 2611; x_wconf 91' lang='lat' dir='ltr'><strong>ld</strong></span> <span class='ocrx_word' id='word_1_546' title='bbox 3543 2571 3648 2623; x_wconf 89' lang='lat' dir='ltr'><strong>est,</strong></span> <span class='ocrx_word' id='word_1_547' title='bbox 3676 2560 3846 2629; x_wconf 81' lang='lat' dir='ltr'><strong>depo-</strong></span> 
     </span>
    </p>
   </div>
   <div class='ocr_carea' id='block_1_82' title="bbox 2236 2627 3837 2715">
    <p class='ocr_par' dir='ltr' id='par_1_82' title="bbox 2236 2627 3837 2715">
     <span class='ocr_line' id='line_1_82' title="bbox 2236 2627 3837 2715; baseline 0.019 -36"><span class='ocrx_word' id='word_1_548' title='bbox 2236 2627 2445 2684; x_wconf 88' lang='lat' dir='ltr'><strong>suisses</strong></span> <span class='ocrx_word' id='word_1_549' title='bbox 2494 2630 2561 2685; x_wconf 89' lang='lat' dir='ltr'><strong>ad</strong></span> <span class='ocrx_word' id='word_1_550' title='bbox 2615 2632 2807 2701; x_wconf 87' lang='lat' dir='ltr'><strong>altare,</strong></span> <span class='ocrx_word' id='word_1_551' title='bbox 2846 2640 2991 2706; x_wconf 91' lang='lat' dir='ltr'><strong>quod</strong></span> <span class='ocrx_word' id='word_1_552' title='bbox 3046 2639 3191 2695; x_wconf 84' lang='lat' dir='ltr'><strong>ferre</strong></span> <span class='ocrx_word' id='word_1_553' title='bbox 3244 2660 3351 2699; x_wconf 87' lang='lat' dir='ltr'><strong>non</strong></span> <span class='ocrx_word' id='word_1_554' title='bbox 3402 2658 3645 2715; x_wconf 83' lang='lat' dir='ltr'><strong>poteras.</strong></span> <span class='ocrx_word' id='word_1_555' title='bbox 3700 2652 3837 2709; x_wconf 90' lang='lat' dir='ltr'><strong>Dum</strong></span> 
     </span>
    </p>
   </div>
   <div class='ocr_carea' id='block_1_83' title="bbox 2232 2717 3833 2806">
    <p class='ocr_par' dir='ltr' id='par_1_83' title="bbox 2232 2717 3833 2806">
     <span class='ocr_line' id='line_1_83' title="bbox 2232 2717 3833 2806; baseline 0.017 -36"><span class='ocrx_word' id='word_1_556' title='bbox 2232 2717 2379 2772; x_wconf 91' lang='lat' dir='ltr'><strong>enim</strong></span> <span class='ocrx_word' id='word_1_557' title='bbox 2410 2729 2463 2774; x_wconf 92' lang='lat' dir='ltr'><strong>tu</strong></span> <span class='ocrx_word' id='word_1_558' title='bbox 2518 2720 2745 2791; x_wconf 88' lang='lat' dir='ltr'><strong>ignavus</strong></span> <span class='ocrx_word' id='word_1_559' title='bbox 2807 2730 3117 2798; x_wconf 89' lang='lat' dir='ltr'><strong>negotiator</strong></span> <span class='ocrx_word' id='word_1_560' title='bbox 3153 2729 3438 2790; x_wconf 86' lang='lat' dir='ltr'><strong>denarium</strong></span> <span class='ocrx_word' id='word_1_561' title='bbox 3478 2747 3657 2806; x_wconf 81' lang='lat' dir='ltr'><strong>tenes,</strong></span> <span class='ocrx_word' id='word_1_562' title='bbox 3693 2743 3833 2798; x_wconf 80' lang='lat' dir='ltr'><strong>alte-</strong></span> 
     </span>
    </p>
   </div>
   <div class='ocr_carea' id='block_1_84' title="bbox 2235 2808 3835 2900">
    <p class='ocr_par' dir='ltr' id='par_1_84' title="bbox 2235 2808 3835 2900">
     <span class='ocr_line' id='line_1_84' title="bbox 2235 2808 3835 2900; baseline 0.019 -39"><span class='ocrx_word' id='word_1_563' title='bbox 2235 2808 2349 2864; x_wconf 91' lang='lat' dir='ltr'><strong>rius</strong></span> <span class='ocrx_word' id='word_1_564' title='bbox 2386 2811 2586 2880; x_wconf 89' lang='lat' dir='ltr'><strong>locum,</strong></span> <span class='ocrx_word' id='word_1_565' title='bbox 2638 2817 2729 2885; x_wconf 88' lang='lat' dir='ltr'><strong>qui</strong></span> <span class='ocrx_word' id='word_1_566' title='bbox 2758 2821 3048 2887; x_wconf 90' lang='lat' dir='ltr'><strong>pecuniam</strong></span> <span class='ocrx_word' id='word_1_567' title='bbox 3073 2821 3356 2894; x_wconf 84' lang='lat' dir='ltr'><strong>duplicare</strong></span> <span class='ocrx_word' id='word_1_568' title='bbox 3401 2839 3640 2900; x_wconf 84' lang='lat' dir='ltr'><strong>poterat,</strong></span> <span class='ocrx_word' id='word_1_569' title='bbox 3667 2849 3835 2891; x_wconf 73' lang='lat' dir='ltr'><strong>occu-</strong></span> 
     </span>
    </p>
   </div>
   <div class='ocr_carea' id='block_1_85' title="bbox 2232 2900 2395 2967">
    <p class='ocr_par' dir='ltr' id='par_1_85' title="bbox 2232 2900 2395 2967">
     <span class='ocr_line' id='line_1_85' title="bbox 2232 2900 2395 2967; baseline 0.018 -17"><span class='ocrx_word' id='word_1_570' title='bbox 2232 2900 2395 2967; x_wconf 73' lang='lat' dir='ltr'><strong>pasﬁ.</strong></span> 
     </span>
    </p>
   </div>
   <div class='ocr_carea' id='block_1_86' title="bbox 2303 2990 3837 3083">
    <p class='ocr_par' dir='ltr' id='par_1_86' title="bbox 2303 2990 3837 3083">
     <span class='ocr_line' id='line_1_86' title="bbox 2303 2990 3837 3083; baseline 0.02 -38"><span class='ocrx_word' id='word_1_571' title='bbox 2303 2990 2445 3060; x_wconf 89' lang='lat' dir='ltr'><strong>Quid</strong></span> <span class='ocrx_word' id='word_1_572' title='bbox 2500 2995 2738 3053; x_wconf 90' lang='lat' dir='ltr'><strong>referam</strong></span> <span class='ocrx_word' id='word_1_573' title='bbox 2790 2997 3208 3073; x_wconf 87' lang='lat' dir='ltr'><strong>Lugdunensem</strong></span> <span class='ocrx_word' id='word_1_574' title='bbox 3241 3010 3581 3083; x_wconf 82' lang='lat' dir='ltr'><strong>episc0pum,</strong></span> <span class='ocrx_word' id='word_1_575' title='bbox 3613 3019 3723 3073; x_wconf 84' lang='lat' dir='ltr'><strong>vita</strong></span> <span class='ocrx_word' id='word_1_576' title='bbox 3776 3028 3837 3076; x_wconf 85' lang='lat' dir='ltr'><strong>et</strong></span> 
     </span>
    </p>
   </div>
   <div class='ocr_carea' id='block_1_87' title="bbox 2235 3083 3827 3177">
    <p class='ocr_par' dir='ltr' id='par_1_87' title="bbox 2235 3083 3827 3177">
     <span class='ocr_line' id='line_1_87' title="bbox 2235 3083 3827 3177; baseline 0.021 -44"><span class='ocrx_word' id='word_1_577' title='bbox 2235 3083 2501 3141; x_wconf 87' lang='lat' dir='ltr'><strong>vocabulo</strong></span> <span class='ocrx_word' id='word_1_578' title='bbox 2527 3087 2767 3157; x_wconf 78' lang='lat' dir='ltr'><strong>Justum,</strong></span> <span class='ocrx_word' id='word_1_579' title='bbox 2798 3090 2889 3163; x_wconf 89' lang='lat' dir='ltr'><strong>qui</strong></span> <span class='ocrx_word' id='word_1_580' title='bbox 2920 3092 3272 3155; x_wconf 86' lang='lat' dir='ltr'><strong>commissum</strong></span> <span class='ocrx_word' id='word_1_581' title='bbox 3320 3105 3421 3159; x_wconf 89' lang='lat' dir='ltr'><strong>sibi</strong></span> <span class='ocrx_word' id='word_1_582' title='bbox 3472 3108 3827 3177; x_wconf 85' lang='lat' dir='ltr'><strong>pontificatus</strong></span> 
     </span>
    </p>
   </div>
   <div class='ocr_carea' id='block_1_88' title="bbox 2153 3172 3833 3289">
    <p class='ocr_par' dir='ltr' id='par_1_88' title="bbox 2153 3172 3833 3289">
     <span class='ocr_line' id='line_1_88' title="bbox 2153 3172 3833 3289; baseline 0.017 -60"><span class='ocrx_word' id='word_1_583' title='bbox 2153 3228 2199 3289; x_wconf 80' lang='lat' dir='ltr'><strong><em>C</em></strong></span> <span class='ocrx_word' id='word_1_584' title='bbox 2234 3172 2475 3232; x_wconf 83' lang='lat' dir='ltr'><strong>oﬂieium</strong></span> <span class='ocrx_word' id='word_1_585' title='bbox 2523 3189 2576 3235; x_wconf 90' lang='lat' dir='ltr'><strong>et</strong></span> <span class='ocrx_word' id='word_1_586' title='bbox 2608 3179 2952 3258; x_wconf 76' lang='lat' dir='ltr'><strong>laudabiliter</strong></span> <span class='ocrx_word' id='word_1_587' title='bbox 2996 3189 3159 3254; x_wconf 83' lang='lat' dir='ltr'><strong>rexit,</strong></span> <span class='ocrx_word' id='word_1_588' title='bbox 3191 3202 3247 3247; x_wconf 93' lang='lat' dir='ltr'><strong>et</strong></span> <span class='ocrx_word' id='word_1_589' title='bbox 3272 3210 3377 3249; x_wconf 92' lang='lat' dir='ltr'><strong>non</strong></span> <span class='ocrx_word' id='word_1_590' title='bbox 3409 3197 3531 3253; x_wconf 88' lang='lat' dir='ltr'><strong>sine</strong></span> <span class='ocrx_word' id='word_1_591' title='bbox 3550 3194 3710 3256; x_wconf 90' lang='lat' dir='ltr'><strong>laude</strong></span> <span class='ocrx_word' id='word_1_592' title='bbox 3737 3204 3833 3258; x_wconf 86' lang='lat' dir='ltr'><strong>de-</strong></span> 
     </span>
     <span class='ocr_line' id='line_1_89' title="bbox 2232 3264 3283 3289; baseline 0 0"><span class='ocrx_word' id='word_1_593' title='bbox 2232 3264 2438 3289; x_wconf 57' lang='grc' dir='ltr'><strong>’.μικκὶιο</strong></span> <span class='ocrx_word' id='word_1_594' title='bbox 2469 3267 2590 3289; x_wconf 41' lang='lat'><strong>“1-4</strong></span> <span class='ocrx_word' id='word_1_595' title='bbox 2612 3287 2622 3289; x_wconf 67' lang='lat'><strong><em>_</em></strong></span> <span class='ocrx_word' id='word_1_596' title='bbox 2671 3273 2713 3289; x_wconf 58' lang='lat' dir='ltr'><strong>,a</strong></span> <span class='ocrx_word' id='word_1_597' title='bbox 2840 3277 2915 3289; x_wconf 74' lang='lat' dir='ltr'><strong>.o..</strong></span> <span class='ocrx_word' id='word_1_598' title='bbox 3086 3279 3098 3289; x_wconf 77' lang='lat'>.</span> <span class='ocrx_word' id='word_1_599' title='bbox 3125 3282 3136 3289; x_wconf 91' lang='lat'><strong>.</strong></span> <span class='ocrx_word' id='word_1_600' title='bbox 3275 3286 3283 3289; x_wconf 82' lang='lat'><strong>.</strong></span> 
     </span>
    </p>
   </div>
   <div class='ocr_carea' id='block_1_89' title="bbox 2231 3264 3826 3349">
    <p class='ocr_par' dir='ltr' id='par_1_89' title="bbox 2231 3264 3826 3349">
     <span class='ocr_line' id='line_1_90' title="bbox 2231 3264 3826 3349; baseline 0.021 -32"><span class='ocrx_word' id='word_1_601' title='bbox 2231 3264 2438 3321; x_wconf 79' lang='lat' dir='ltr'><strong>seruit?</strong></span> <span class='ocrx_word' id='word_1_602' title='bbox 2467 3267 2632 3326; x_wconf 89' lang='lat' dir='ltr'><strong>Plane</strong></span> <span class='ocrx_word' id='word_1_603' title='bbox 2662 3273 2985 3345; x_wconf 83' lang='lat' dir='ltr'><strong>abreptitius</strong></span> <span class='ocrx_word' id='word_1_604' title='bbox 3008 3279 3228 3348; x_wconf 90' lang='lat' dir='ltr'><strong>quidam</strong></span> <span class='ocrx_word' id='word_1_605' title='bbox 3274 3286 3323 3338; x_wconf 93' lang='lat' dir='ltr'><strong>in</strong></span> <span class='ocrx_word' id='word_1_606' title='bbox 3362 3296 3567 3343; x_wconf 89' lang='lat' dir='ltr'><strong>tantam</strong></span> <span class='ocrx_word' id='word_1_607' title='bbox 3602 3291 3826 3349; x_wconf 69' lang='lat' dir='ltr'><strong>furiosae</strong></span> 
     </span>
    </p>
   </div>
   <div class='ocr_carea' id='block_1_90' title="bbox 2229 3358 3833 3450">
    <p class='ocr_par' dir='ltr' id='par_1_90' title="bbox 2229 3358 3833 3450">
     <span class='ocr_line' id='line_1_91' title="bbox 2229 3358 3833 3450; baseline 0.019 -43"><span class='ocrx_word' id='word_1_608' title='bbox 2229 3358 2433 3413; x_wconf 85' lang='lat' dir='ltr'><strong>mentis</strong></span> <span class='ocrx_word' id='word_1_609' title='bbox 2463 3363 2713 3431; x_wconf 86' lang='lat' dir='ltr'><strong>prorupit</strong></span> <span class='ocrx_word' id='word_1_610' title='bbox 2759 3364 3050 3433; x_wconf 85' lang='lat' dir='ltr'><strong>insaniam,</strong></span> <span class='ocrx_word' id='word_1_611' title='bbox 3101 3382 3160 3425; x_wconf 92' lang='lat' dir='ltr'><strong>ut</strong></span> <span class='ocrx_word' id='word_1_612' title='bbox 3205 3374 3396 3431; x_wconf 82' lang='lat' dir='ltr'><strong>obvios</strong></span> <span class='ocrx_word' id='word_1_613' title='bbox 3438 3388 3684 3450; x_wconf 81' lang='lat' dir='ltr'><strong>quosque</strong></span> <span class='ocrx_word' id='word_1_614' title='bbox 3713 3384 3833 3438; x_wconf 82' lang='lat' dir='ltr'><strong>vio-</strong></span> 
     </span>
    </p>
   </div>
   <div class='ocr_carea' id='block_1_91' title="bbox 2226 3444 3830 3542">
    <p class='ocr_par' dir='ltr' id='par_1_91' title="bbox 2226 3444 3830 3542">
     <span class='ocr_line' id='line_1_92' title="bbox 2226 3444 3830 3542; baseline 0.02 -44"><span class='ocrx_word' id='word_1_615' title='bbox 2226 3444 2407 3503; x_wconf 89' lang='lat' dir='ltr'><strong>lentus</strong></span> <span class='ocrx_word' id='word_1_616' title='bbox 2468 3447 2789 3522; x_wconf 84' lang='lat' dir='ltr'><strong>impeteret,</strong></span> <span class='ocrx_word' id='word_1_617' title='bbox 2851 3456 3142 3516; x_wconf 88' lang='lat' dir='ltr'><strong>verberum</strong></span> <span class='ocrx_word' id='word_1_618' title='bbox 3202 3464 3487 3525; x_wconf 90' lang='lat' dir='ltr'><strong>collisione</strong></span> <span class='ocrx_word' id='word_1_619' title='bbox 3541 3481 3830 3542; x_wconf 86' lang='lat' dir='ltr'><strong>mactaret,</strong></span> 
     </span>
    </p>
   </div>
   <div class='ocr_carea' id='block_1_92' title="bbox 2222 3536 3831 3631">
    <p class='ocr_par' dir='ltr' id='par_1_92' title="bbox 2222 3536 3831 3631">
     <span class='ocr_line' id='line_1_93' title="bbox 2222 3536 3831 3631; baseline 0.021 -43"><span class='ocrx_word' id='word_1_620' title='bbox 2222 3536 2502 3610; x_wconf 85' lang='lat' dir='ltr'><strong>plerisque</strong></span> <span class='ocrx_word' id='word_1_621' title='bbox 2551 3545 2794 3600; x_wconf 88' lang='lat' dir='ltr'><strong>membra</strong></span> <span class='ocrx_word' id='word_1_622' title='bbox 2841 3545 3185 3617; x_wconf 73' lang='lat' dir='ltr'><strong>prmcideret.</strong></span> <span class='ocrx_word' id='word_1_623' title='bbox 3248 3568 3486 3614; x_wconf 86' lang='lat' dir='ltr'><strong>mortem</strong></span> <span class='ocrx_word' id='word_1_624' title='bbox 3543 3574 3831 3631; x_wconf 84' lang='lat' dir='ltr'><strong>postremo</strong></span> 
     </span>
    </p>
   </div>
   <div class='ocr_carea' id='block_1_93' title="bbox 2224 3633 3831 3717">
    <p class='ocr_par' dir='ltr' id='par_1_93' title="bbox 2224 3633 3831 3717">
     <span class='ocr_line' id='line_1_94' title="bbox 2224 3633 3831 3717; baseline 0.019 -33"><span class='ocrx_word' id='word_1_625' title='bbox 2224 3633 2502 3690; x_wconf 85' lang='lat' dir='ltr'><strong>nonnullis</strong></span> <span class='ocrx_word' id='word_1_626' title='bbox 2532 3635 2782 3692; x_wconf 80' lang='lat' dir='ltr'><strong>inferret.</strong></span> <span class='ocrx_word' id='word_1_627' title='bbox 2813 3639 2913 3696; x_wconf 87' lang='lat' dir='ltr'><strong>Hic</strong></span> <span class='ocrx_word' id='word_1_628' title='bbox 2944 3643 3241 3715; x_wconf 90' lang='lat' dir='ltr'><strong>aliquando</strong></span> <span class='ocrx_word' id='word_1_629' title='bbox 3275 3650 3527 3717; x_wconf 74' lang='lat' dir='ltr'><strong>plurimis</strong></span> <span class='ocrx_word' id='word_1_630' title='bbox 3553 3656 3831 3714; x_wconf 78' lang='lat' dir='ltr'><strong>insectan-</strong></span> 
     </span>
    </p>
   </div>
   <div class='ocr_carea' id='block_1_94' title="bbox 2223 3721 3824 3817">
    <p class='ocr_par' dir='ltr' id='par_1_94' title="bbox 2223 3721 3824 3817">
     <span class='ocr_line' id='line_1_95' title="bbox 2223 3721 3824 3817; baseline 0.021 -43"><span class='ocrx_word' id='word_1_631' title='bbox 2223 3721 2388 3789; x_wconf 78' lang='lat' dir='ltr'><strong>tibus,</strong></span> <span class='ocrx_word' id='word_1_632' title='bbox 2415 3722 2674 3785; x_wconf 70' lang='lat' dir='ltr'><strong>Ecclesiae</strong></span> <span class='ocrx_word' id='word_1_633' title='bbox 2705 3729 2853 3788; x_wconf 87' lang='lat' dir='ltr'><strong>fores</strong></span> <span class='ocrx_word' id='word_1_634' title='bbox 2874 3734 3275 3809; x_wconf 88' lang='lat' dir='ltr'><strong>irrupit,seqne</strong></span> <span class='ocrx_word' id='word_1_635' title='bbox 3303 3742 3443 3798; x_wconf 92' lang='lat' dir='ltr'><strong>tueri</strong></span> <span class='ocrx_word' id='word_1_636' title='bbox 3474 3748 3662 3817; x_wconf 71' lang='lat' dir='ltr'><strong>cmpit.</strong></span> <span class='ocrx_word' id='word_1_637' title='bbox 3685 3750 3824 3808; x_wconf 87' lang='lat' dir='ltr'><strong>Nam</strong></span> 
     </span>
    </p>
   </div>
   <div class='ocr_carea' id='block_1_95' title="bbox 2224 3820 3821 3905">
    <p class='ocr_par' dir='ltr' id='par_1_95' title="bbox 2224 3820 3821 3905">
     <span class='ocr_line' id='line_1_96' title="bbox 2224 3820 3821 3905; baseline 0.021 -40"><span class='ocrx_word' id='word_1_638' title='bbox 2224 3820 2351 3869; x_wconf 89' lang='lat' dir='ltr'><strong>tunc</strong></span> <span class='ocrx_word' id='word_1_639' title='bbox 2391 3829 2517 3871; x_wconf 88' lang='lat' dir='ltr'><strong>eum</strong></span> <span class='ocrx_word' id='word_1_640' title='bbox 2568 3823 2873 3879; x_wconf 75' lang='lat' dir='ltr'><strong>necessitas</strong></span> <span class='ocrx_word' id='word_1_641' title='bbox 2912 3822 3184 3885; x_wconf 87' lang='lat' dir='ltr'><strong>edocebat</strong></span> <span class='ocrx_word' id='word_1_642' title='bbox 3217 3830 3285 3885; x_wconf 90' lang='lat' dir='ltr'><strong>ad</strong></span> <span class='ocrx_word' id='word_1_643' title='bbox 3336 3848 3435 3887; x_wconf 86' lang='lat' dir='ltr'><strong>cor</strong></span> <span class='ocrx_word' id='word_1_644' title='bbox 3467 3838 3665 3905; x_wconf 86' lang='lat' dir='ltr'><strong>redire,</strong></span> <span class='ocrx_word' id='word_1_645' title='bbox 3695 3856 3821 3897; x_wconf 90' lang='lat' dir='ltr'><strong>cum</strong></span> 
     </span>
    </p>
   </div>
   <div class='ocr_carea' id='block_1_96' title="bbox 2212 3903 3822 3989">
    <p class='ocr_par' dir='ltr' id='par_1_96' title="bbox 2212 3903 3822 3989">
     <span class='ocr_line' id='line_1_97' title="bbox 2212 3903 3822 3989; baseline 0.02 -31"><span class='ocrx_word' id='word_1_646' title='bbox 2212 3903 2325 3974; x_wconf 86' lang='lat' dir='ltr'><strong>jam</strong></span> <span class='ocrx_word' id='word_1_647' title='bbox 2350 3907 2646 3979; x_wconf 82' lang='lat' dir='ltr'><strong>cogebatur</strong></span> <span class='ocrx_word' id='word_1_648' title='bbox 2668 3928 2697 3966; x_wconf 89' lang='lat' dir='ltr'><strong>a</strong></span> <span class='ocrx_word' id='word_1_649' title='bbox 2730 3914 2840 3968; x_wconf 91' lang='lat' dir='ltr'><strong>vita</strong></span> <span class='ocrx_word' id='word_1_650' title='bbox 2878 3917 3192 3987; x_wconf 84' lang='lat' dir='ltr'><strong>discedere;</strong></span> <span class='ocrx_word' id='word_1_651' title='bbox 3245 3936 3374 3979; x_wconf 85' lang='lat' dir='ltr'><strong>ecce</strong></span> <span class='ocrx_word' id='word_1_652' title='bbox 3403 3931 3662 3987; x_wconf 85' lang='lat' dir='ltr'><strong>sacerdos</strong></span> <span class='ocrx_word' id='word_1_653' title='bbox 3691 3949 3822 3989; x_wconf 88' lang='lat' dir='ltr'><strong>san-</strong></span> 
     </span>
    </p>
   </div>
   <div class='ocr_carea' id='block_1_97' title="bbox 2218 3999 3823 4094">
    <p class='ocr_par' dir='ltr' id='par_1_97' title="bbox 2218 3999 3823 4094">
     <span class='ocr_line' id='line_1_98' title="bbox 2218 3999 3823 4094; baseline 0.02 -47"><span class='ocrx_word' id='word_1_654' title='bbox 2218 4003 2342 4049; x_wconf 90' lang='lat' dir='ltr'><strong>ctus</strong></span> <span class='ocrx_word' id='word_1_655' title='bbox 2366 3999 2618 4056; x_wconf 87' lang='lat' dir='ltr'><strong>concitus</strong></span> <span class='ocrx_word' id='word_1_656' title='bbox 2639 4002 2705 4056; x_wconf 92' lang='lat' dir='ltr'><strong>ad</strong></span> <span class='ocrx_word' id='word_1_657' title='bbox 2738 4003 2840 4058; x_wconf 92' lang='lat' dir='ltr'><strong>ista</strong></span> <span class='ocrx_word' id='word_1_658' title='bbox 2866 4007 3203 4075; x_wconf 79' lang='lat' dir='ltr'><strong>prosiliit,’et</strong></span> <span class='ocrx_word' id='word_1_659' title='bbox 3220 4013 3478 4071; x_wconf 77' lang='lat' dir='ltr'><strong>Ecclesia:</strong></span> <span class='ocrx_word' id='word_1_660' title='bbox 3505 4020 3823 4094; x_wconf 87' lang='lat' dir='ltr'><strong>confugium</strong></span> 
     </span>
    </p>
   </div>
   <div class='ocr_carea' id='block_1_98' title="bbox 2216 4089 3784 4186">
    <p class='ocr_par' dir='ltr' id='par_1_98' title="bbox 2216 4089 3784 4186">
     <span class='ocr_line' id='line_1_99' title="bbox 2216 4089 3784 4186; baseline 0.02 -47"><span class='ocrx_word' id='word_1_661' title='bbox 2216 4089 2421 4154; x_wconf 89' lang='lat' dir='ltr'><strong>petenti</strong></span> <span class='ocrx_word' id='word_1_662' title='bbox 2450 4106 2510 4145; x_wconf 92' lang='lat' dir='ltr'><strong>se</strong></span> <span class='ocrx_word' id='word_1_663' title='bbox 2532 4091 2788 4150; x_wconf 89' lang='lat' dir='ltr'><strong>defensor</strong></span> <span class='ocrx_word' id='word_1_664' title='bbox 2818 4097 3037 4166; x_wconf 91' lang='lat' dir='ltr'><strong>objecit.</strong></span> <span class='ocrx_word' id='word_1_665' title='bbox 3062 4100 3101 4156; x_wconf 89' lang='lat' dir='ltr'><strong>li</strong></span> <span class='ocrx_word' id='word_1_666' title='bbox 3145 4119 3294 4169; x_wconf 88' lang='lat' dir='ltr'><strong>vero,</strong></span> <span class='ocrx_word' id='word_1_667' title='bbox 3319 4122 3555 4177; x_wconf 91' lang='lat' dir='ltr'><strong>quorum</strong></span> <span class='ocrx_word' id='word_1_668' title='bbox 3588 4089 3784 4186; x_wconf 75' lang='lat' dir='ltr'><strong>propin</strong></span> 
     </span>
    </p>
   </div>
   <div class='ocr_carea' id='block_1_99' title="bbox 2215 4177 3821 4264">
    <p class='ocr_par' dir='ltr' id='par_1_99' title="bbox 2215 4177 3821 4264">
     <span class='ocr_line' id='line_1_100' title="bbox 2215 4177 3821 4264; baseline 0.023 -38"><span class='ocrx_word' id='word_1_669' title='bbox 2215 4177 2307 4246; x_wconf 87' lang='lat' dir='ltr'><strong>qui</strong></span> <span class='ocrx_word' id='word_1_670' title='bbox 2338 4180 2421 4233; x_wconf 92' lang='lat' dir='ltr'><strong>vel</strong></span> <span class='ocrx_word' id='word_1_671' title='bbox 2447 4184 2706 4239; x_wconf 81' lang='lat' dir='ltr'><strong>exstincti</strong></span> <span class='ocrx_word' id='word_1_672' title='bbox 2754 4183 2993 4256; x_wconf 87' lang='lat' dir='ltr'><strong>fuerant,</strong></span> <span class='ocrx_word' id='word_1_673' title='bbox 3048 4193 3134 4248; x_wconf 86' lang='lat' dir='ltr'><strong>vel</strong></span> <span class='ocrx_word' id='word_1_674' title='bbox 3169 4200 3430 4264; x_wconf 92' lang='lat' dir='ltr'><strong>truncati,</strong></span> <span class='ocrx_word' id='word_1_675' title='bbox 3462 4177 3821 4262; x_wconf 75' lang='lat' dir='ltr'><strong>vehementer</strong></span> 
     </span>
    </p>
   </div>
   <div class='ocr_carea' id='block_1_100' title="bbox 2216 4265 3816 4359">
    <p class='ocr_par' dir='ltr' id='par_1_100' title="bbox 2216 4265 3816 4359">
     <span class='ocr_line' id='line_1_101' title="bbox 2216 4265 3816 4359; baseline 0.023 -41"><span class='ocrx_word' id='word_1_676' title='bbox 2216 4265 2517 4337; x_wconf 88' lang='lat' dir='ltr'><strong>instabant,</strong></span> <span class='ocrx_word' id='word_1_677' title='bbox 2549 4282 2607 4328; x_wconf 92' lang='lat' dir='ltr'><strong>et</strong></span> <span class='ocrx_word' id='word_1_678' title='bbox 2657 4290 2810 4331; x_wconf 89' lang='lat' dir='ltr'><strong>reum</strong></span> <span class='ocrx_word' id='word_1_679' title='bbox 2842 4280 2909 4334; x_wconf 90' lang='lat' dir='ltr'><strong>ad</strong></span> <span class='ocrx_word' id='word_1_680' title='bbox 2954 4282 3216 4353; x_wconf 87' lang='lat' dir='ltr'><strong>supplicia</strong></span> <span class='ocrx_word' id='word_1_681' title='bbox 3269 4288 3579 4359; x_wconf 89' lang='lat' dir='ltr'><strong>importuna</strong></span> <span class='ocrx_word' id='word_1_682' title='bbox 3607 4300 3816 4353; x_wconf 89' lang='lat' dir='ltr'><strong>consti-</strong></span> 
     </span>
    </p>
   </div>
   <div class='ocr_carea' id='block_1_101' title="bbox 2212 4358 3814 4447">
    <p class='ocr_par' dir='ltr' id='par_1_101' title="bbox 2212 4358 3814 4447">
     <span class='ocr_line' id='line_1_102' title="bbox 2212 4358 3814 4447; baseline 0.022 -37"><span class='ocrx_word' id='word_1_683' title='bbox 2212 4358 2434 4426; x_wconf 89' lang='lat' dir='ltr'><strong>patione</strong></span> <span class='ocrx_word' id='word_1_684' title='bbox 2460 4363 2804 4432; x_wconf 67' lang='lat' dir='ltr'><strong>quaerebant.</strong></span> <span class='ocrx_word' id='word_1_685' title='bbox 2856 4368 2998 4438; x_wconf 83' lang='lat' dir='ltr'><strong>Quid</strong></span> <span class='ocrx_word' id='word_1_686' title='bbox 3057 4374 3250 4444; x_wconf 84' lang='lat' dir='ltr'><strong>plura?</strong></span> <span class='ocrx_word' id='word_1_687' title='bbox 3299 4358 3543 4438; x_wconf 86' lang='lat' dir='ltr'><strong>Tandem</strong></span> <span class='ocrx_word' id='word_1_688' title='bbox 3589 4389 3657 4442; x_wconf 89' lang='lat' dir='ltr'><strong>ad</strong></span> <span class='ocrx_word' id='word_1_689' title='bbox 3708 4390 3814 4447; x_wconf 84' lang='lat' dir='ltr'><strong>hoc</strong></span> 
     </span>
    </p>
   </div>
   <div class='ocr_carea' id='block_1_102' title="bbox 2208 4459 3815 4550">
    <p class='ocr_par' dir='ltr' id='par_1_102' title="bbox 2208 4459 3815 4550">
     <span class='ocr_line' id='line_1_103' title="bbox 2208 4459 3815 4550; baseline 0.022 -49"><span class='ocrx_word' id='word_1_690' title='bbox 2208 4461 2533 4517; x_wconf 85' lang='lat' dir='ltr'><strong>perventum</strong></span> <span class='ocrx_word' id='word_1_691' title='bbox 2552 4467 2657 4521; x_wconf 89' lang='lat' dir='ltr'><strong>est,</strong></span> <span class='ocrx_word' id='word_1_692' title='bbox 2675 4467 2733 4511; x_wconf 94' lang='lat' dir='ltr'><strong>ut</strong></span> <span class='ocrx_word' id='word_1_693' title='bbox 2754 4459 2877 4529; x_wconf 90' lang='lat' dir='ltr'><strong>pius</strong></span> <span class='ocrx_word' id='word_1_694' title='bbox 2900 4464 3147 4531; x_wconf 78' lang='lat' dir='ltr'><strong>pontifex</strong></span> <span class='ocrx_word' id='word_1_695' title='bbox 3170 4469 3531 4529; x_wconf 85' lang='lat' dir='ltr'><strong>satisdatione</strong></span> <span class='ocrx_word' id='word_1_696' title='bbox 3557 4490 3815 4550; x_wconf 86' lang='lat' dir='ltr'><strong>suscepta</strong></span> 
     </span>
    </p>
   </div>
   <div class='ocr_carea' id='block_1_103' title="bbox 2135 4546 3811 4637">
    <p class='ocr_par' dir='ltr' id='par_1_103' title="bbox 2135 4546 3811 4637">
     <span class='ocr_line' id='line_1_104' title="bbox 2135 4546 3811 4637; baseline 0.023 -49"><span class='ocrx_word' id='word_1_697' title='bbox 2135 4576 2180 4635; x_wconf 69' lang='grc' dir='ltr'>υ</span> <span class='ocrx_word' id='word_1_698' title='bbox 2210 4553 2277 4593; x_wconf 92' lang='lat' dir='ltr'><strong>ne</strong></span> <span class='ocrx_word' id='word_1_699' title='bbox 2310 4554 2436 4595; x_wconf 89' lang='lat' dir='ltr'><strong>reus</strong></span> <span class='ocrx_word' id='word_1_700' title='bbox 2485 4546 2680 4601; x_wconf 88' lang='lat' dir='ltr'><strong>mortis</strong></span> <span class='ocrx_word' id='word_1_701' title='bbox 2730 4552 2893 4604; x_wconf 90' lang='lat' dir='ltr'><strong>morti</strong></span> <span class='ocrx_word' id='word_1_702' title='bbox 2946 4559 3350 4626; x_wconf 86' lang='lat' dir='ltr'><strong>succumberet,</strong></span> <span class='ocrx_word' id='word_1_703' title='bbox 3401 4566 3555 4632; x_wconf 89' lang='lat' dir='ltr'><strong>quasi</strong></span> <span class='ocrx_word' id='word_1_704' title='bbox 3582 4582 3683 4637; x_wconf 89' lang='lat' dir='ltr'><strong>pro</strong></span> <span class='ocrx_word' id='word_1_705' title='bbox 3720 4546 3811 4626; x_wconf 78' lang='lat' dir='ltr'><strong>sa-</strong></span> 
     </span>
    </p>
   </div>
   <div class='ocr_carea' id='block_1_104' title="bbox 2210 4629 3807 4716">
    <p class='ocr_par' dir='ltr' id='par_1_104' title="bbox 2210 4629 3807 4716">
     <span class='ocr_line' id='line_1_105' title="bbox 2210 4629 3807 4716; baseline 0.021 -34"><span class='ocrx_word' id='word_1_706' title='bbox 2210 4629 2517 4690; x_wconf 90' lang='lat' dir='ltr'><strong>tisfactione</strong></span> <span class='ocrx_word' id='word_1_707' title='bbox 2542 4636 2811 4705; x_wconf 66' lang='lat' dir='ltr'><strong>victoriae,</strong></span> <span class='ocrx_word' id='word_1_708' title='bbox 2840 4657 3029 4699; x_wconf 89' lang='lat' dir='ltr'><strong>eorum</strong></span> <span class='ocrx_word' id='word_1_709' title='bbox 3078 4648 3224 4705; x_wconf 92' lang='lat' dir='ltr'><strong>hunc</strong></span> <span class='ocrx_word' id='word_1_710' title='bbox 3271 4653 3526 4711; x_wconf 88' lang='lat' dir='ltr'><strong>manibus</strong></span> <span class='ocrx_word' id='word_1_711' title='bbox 3552 4660 3807 4716; x_wconf 88' lang='lat' dir='ltr'><strong>tradidis-</strong></span> 
     </span>
    </p>
   </div>
   <div class='ocr_carea' id='block_1_105' title="bbox 2206 4722 3805 4819">
    <p class='ocr_par' dir='ltr' id='par_1_105' title="bbox 2206 4722 3805 4819">
     <span class='ocr_line' id='line_1_106' title="bbox 2206 4722 3805 4819; baseline 0.021 -44"><span class='ocrx_word' id='word_1_712' title='bbox 2206 4732 2290 4777; x_wconf 90' lang='lat' dir='ltr'><strong>set</strong></span> <span class='ocrx_word' id='word_1_713' title='bbox 2320 4722 2387 4795; x_wconf 81' lang='lat' dir='ltr'><strong>[f.</strong></span> <span class='ocrx_word' id='word_1_714' title='bbox 2420 4727 2738 4803; x_wconf 88' lang='lat' dir='ltr'><strong>traderet,];</strong></span> <span class='ocrx_word' id='word_1_715' title='bbox 2773 4734 2866 4788; x_wconf 92' lang='lat' dir='ltr'><strong>sed</strong></span> <span class='ocrx_word' id='word_1_716' title='bbox 2895 4751 3020 4791; x_wconf 85' lang='lat' dir='ltr'><strong>mox</strong></span> <span class='ocrx_word' id='word_1_717' title='bbox 3064 4748 3123 4792; x_wconf 91' lang='lat' dir='ltr'><strong>ut</strong></span> <span class='ocrx_word' id='word_1_718' title='bbox 3162 4741 3217 4795; x_wconf 91' lang='lat' dir='ltr'><strong>in</strong></span> <span class='ocrx_word' id='word_1_719' title='bbox 3258 4759 3448 4800; x_wconf 90' lang='lat' dir='ltr'><strong>eorum</strong></span> <span class='ocrx_word' id='word_1_720' title='bbox 3477 4758 3805 4819; x_wconf 87' lang='lat' dir='ltr'><strong>potestatem</strong></span> 
     </span>
    </p>
   </div>
   <div class='ocr_carea' id='block_1_106' title="bbox 2206 4814 3805 4899">
    <p class='ocr_par' dir='ltr' id='par_1_106' title="bbox 2206 4814 3805 4899">
     <span class='ocr_line' id='line_1_107' title="bbox 2206 4814 3805 4899; baseline 0.019 -30"><span class='ocrx_word' id='word_1_721' title='bbox 2206 4814 2448 4884; x_wconf 91' lang='lat' dir='ltr'><strong>devenit,</strong></span> <span class='ocrx_word' id='word_1_722' title='bbox 2478 4820 2785 4878; x_wconf 83' lang='lat' dir='ltr'><strong>exstinctus</strong></span> <span class='ocrx_word' id='word_1_723' title='bbox 2829 4824 3056 4882; x_wconf 89' lang='lat' dir='ltr'><strong>interiit.</strong></span> <span class='ocrx_word' id='word_1_724' title='bbox 3101 4829 3359 4891; x_wconf 86' lang='lat' dir='ltr'><strong>Protinus</strong></span> <span class='ocrx_word' id='word_1_725' title='bbox 3391 4814 3493 4893; x_wconf 41' lang='lat' dir='ltr'><strong>vir—</strong></span> <span class='ocrx_word' id='word_1_726' title='bbox 3526 4841 3621 4898; x_wconf 86' lang='lat' dir='ltr'><strong>Dei</strong></span> <span class='ocrx_word' id='word_1_727' title='bbox 3679 4852 3805 4899; x_wconf 87' lang='lat' dir='ltr'><strong>tan-</strong></span> 
     </span>
    </p>
   </div>
   <div class='ocr_carea' id='block_1_107' title="bbox 2204 4910 3807 5007">
    <p class='ocr_par' dir='ltr' id='par_1_107' title="bbox 2204 4910 3807 5007">
     <span class='ocr_line' id='line_1_108' title="bbox 2204 4910 3807 5007; baseline 0.021 -48"><span class='ocrx_word' id='word_1_728' title='bbox 2204 4922 2370 4977; x_wconf 88' lang='lat' dir='ltr'><strong>quam</strong></span> <span class='ocrx_word' id='word_1_729' title='bbox 2406 4911 2449 4965; x_wconf 93' lang='lat' dir='ltr'><strong>si</strong></span> <span class='ocrx_word' id='word_1_730' title='bbox 2482 4910 2600 4982; x_wconf 90' lang='lat' dir='ltr'><strong>ipse</strong></span> <span class='ocrx_word' id='word_1_731' title='bbox 2650 4915 2813 4985; x_wconf 90' lang='lat' dir='ltr'><strong>hujus</strong></span> <span class='ocrx_word' id='word_1_732' title='bbox 2866 4920 3147 4978; x_wconf 87' lang='lat' dir='ltr'><strong>homicidii</strong></span> <span class='ocrx_word' id='word_1_733' title='bbox 3196 4938 3391 4985; x_wconf 89' lang='lat' dir='ltr'><strong>auctor</strong></span> <span class='ocrx_word' id='word_1_734' title='bbox 3446 4943 3613 5002; x_wconf 92' lang='lat' dir='ltr'><strong>esset,</strong></span> <span class='ocrx_word' id='word_1_735' title='bbox 3643 4951 3807 5007; x_wconf 83' lang='lat' dir='ltr'><strong>pave-</strong></span> 
     </span>
    </p>
   </div>
   <div class='ocr_carea' id='block_1_108' title="bbox 2203 4994 3805 5100">
    <p class='ocr_par' dir='ltr' id='par_1_108' title="bbox 2203 4994 3805 5100">
     <span class='ocr_line' id='line_1_109' title="bbox 2203 4994 3805 5100; baseline 0.019 -48"><span class='ocrx_word' id='word_1_736' title='bbox 2203 4994 2381 5056; x_wconf 77' lang='lat' dir='ltr'><strong>factus</strong></span> <span class='ocrx_word' id='word_1_737' title='bbox 2431 5001 2737 5072; x_wconf 88' lang='lat' dir='ltr'><strong>intremuit,</strong></span> <span class='ocrx_word' id='word_1_738' title='bbox 2771 5008 3072 5068; x_wconf 88' lang='lat' dir='ltr'><strong>Ecclesiam</strong></span> <span class='ocrx_word' id='word_1_739' title='bbox 3105 5016 3335 5085; x_wconf 87' lang='lat' dir='ltr'><strong>dimisit,</strong></span> <span class='ocrx_word' id='word_1_740' title='bbox 3377 5032 3431 5077; x_wconf 89' lang='lat' dir='ltr'><strong>et</strong></span> <span class='ocrx_word' id='word_1_741' title='bbox 3490 5028 3541 5077; x_wconf 91' lang='lat' dir='ltr'><strong>in</strong></span> <span class='ocrx_word' id='word_1_742' title='bbox 3583 4994 3805 5100; x_wconf 42' lang='lat' dir='ltr'><strong>iE&#39;gypti</strong></span> 
     </span>
    </p>
   </div>
   <div class='ocr_carea' id='block_1_109' title="bbox 2203 5091 3803 5173">
    <p class='ocr_par' dir='ltr' id='par_1_109' title="bbox 2203 5091 3803 5173">
     <span class='ocr_line' id='line_1_110' title="bbox 2203 5091 3803 5173; baseline 0.019 -30"><span class='ocrx_word' id='word_1_743' title='bbox 2203 5091 2452 5158; x_wconf 89' lang='lat' dir='ltr'><strong>partibus</strong></span> <span class='ocrx_word' id='word_1_744' title='bbox 2490 5097 2836 5163; x_wconf 89' lang='lat' dir='ltr'><strong>postmodum</strong></span> <span class='ocrx_word' id='word_1_745' title='bbox 2880 5104 3228 5161; x_wconf 63' lang='lat' dir='ltr'><strong>&#39;eremiticam</strong></span> <span class='ocrx_word' id='word_1_746' title='bbox 3282 5112 3450 5165; x_wconf 89' lang='lat' dir='ltr'><strong>vitam</strong></span> <span class='ocrx_word' id='word_1_747' title='bbox 3478 5091 3803 5173; x_wconf 31' lang='lat' dir='ltr'><strong>duxitJll-oc</strong></span> 
     </span>
    </p>
   </div>
   <div class='ocr_carea' id='block_1_110' title="bbox 2202 5182 3800 5264">
    <p class='ocr_par' dir='ltr' id='par_1_110' title="bbox 2202 5182 3800 5264">
     <span class='ocr_line' id='line_1_111' title="bbox 2202 5182 3800 5264; baseline 0.018 -30"><span class='ocrx_word' id='word_1_748' title='bbox 2202 5182 2461 5238; x_wconf 89' lang='lat' dir='ltr'><strong>nimirum</strong></span> <span class='ocrx_word' id='word_1_749' title='bbox 2504 5185 2578 5241; x_wconf 90' lang='lat' dir='ltr'><strong>ita</strong></span> <span class='ocrx_word' id='word_1_750' title='bbox 2621 5186 2818 5245; x_wconf 87' lang='lat' dir='ltr'><strong>litteris</strong></span> <span class='ocrx_word' id='word_1_751' title='bbox 2853 5194 3073 5260; x_wconf 86' lang='lat' dir='ltr'><strong>tradidi,</strong></span> <span class='ocrx_word' id='word_1_752' title='bbox 3107 5209 3164 5252; x_wconf 93' lang='lat' dir='ltr'><strong>ut</strong></span> <span class='ocrx_word' id='word_1_753' title='bbox 3194 5216 3388 5258; x_wconf 88' lang='lat' dir='ltr'><strong>servus</strong></span> <span class='ocrx_word' id='word_1_754' title='bbox 3418 5205 3509 5260; x_wconf 84' lang='lat' dir='ltr'><strong>Dei</strong></span> <span class='ocrx_word' id='word_1_755' title='bbox 3546 5208 3800 5264; x_wconf 78' lang='lat' dir='ltr'><strong>dominus</strong></span> 
     </span>
    </p>
   </div>
   <div class='ocr_carea' id='block_1_111' title="bbox 2200 5269 3871 5369">
    <p class='ocr_par' dir='ltr' id='par_1_111' title="bbox 2200 5269 3871 5369">
     <span class='ocr_line' id='line_1_112' title="bbox 2200 5269 3871 5369; baseline 0.022 -45"><span class='ocrx_word' id='word_1_756' title='bbox 2200 5269 2530 5343; x_wconf 88' lang='lat' dir='ltr'><strong>Stephanus,</strong></span> <span class='ocrx_word' id='word_1_757' title='bbox 2590 5280 2682 5348; x_wconf 91' lang='lat' dir='ltr'><strong>qui</strong></span> <span class='ocrx_word' id='word_1_758' title='bbox 2745 5284 3217 5355; x_wconf 81' lang='lat' dir='ltr'><strong>vestris_assistit</strong></span> <span class='ocrx_word' id='word_1_759' title='bbox 3276 5299 3609 5369; x_wconf 80' lang='lat' dir='ltr'><strong>aspcc1ibus,</strong></span> <span class='ocrx_word' id='word_1_760' title='bbox 3673 5303 3801 5358; x_wconf 84' lang='lat' dir='ltr'><strong>inti-</strong></span> <span class='ocrx_word' id='word_1_761' title='bbox 3868 5328 3871 5331; x_wconf 93' lang='grc'><strong>·</strong></span> 
     </span>
    </p>
   </div>
   <div class='ocr_carea' id='block_1_112' title="bbox 2198 5367 2385 5419">
    <p class='ocr_par' dir='ltr' id='par_1_112' title="bbox 2198 5367 2385 5419">
     <span class='ocr_line' id='line_1_113' title="bbox 2198 5367 2385 5419; baseline 0.021 -4"><span class='ocrx_word' id='word_1_762' title='bbox 2198 5367 2385 5419; x_wconf 84' lang='lat' dir='ltr'><strong>Inavit.</strong></span> 
     </span>
    </p>
   </div>
   <div class='ocr_carea' id='block_1_113' title="bbox 2269 5460 3797 5547">
    <p class='ocr_par' dir='ltr' id='par_1_113' title="bbox 2269 5460 3797 5547">
     <span class='ocr_line' id='line_1_114' title="bbox 2269 5460 3797 5547; baseline 0.022 -34"><span class='ocrx_word' id='word_1_763' title='bbox 2269 5460 2466 5519; x_wconf 83' lang='lat' dir='ltr'><strong>Petrus</strong></span> <span class='ocrx_word' id='word_1_764' title='bbox 2495 5466 2661 5522; x_wconf 90' lang='lat' dir='ltr'><strong>etiam</strong></span> <span class='ocrx_word' id='word_1_765' title='bbox 2694 5471 3146 5547; x_wconf 88' lang='lat' dir='ltr'><strong>archiepiscopus</strong></span> <span class='ocrx_word' id='word_1_766' title='bbox 3190 5478 3564 5541; x_wconf 83' lang='lat' dir='ltr'><strong>Ravennatem</strong></span> <span class='ocrx_word' id='word_1_767' title='bbox 3591 5488 3797 5546; x_wconf 88' lang='lat' dir='ltr'><strong>dimisit</strong></span> 
     </span>
    </p>
   </div>
   <div class='ocr_carea' id='block_1_114' title="bbox 2194 5549 3797 5654">
    <p class='ocr_par' dir='ltr' id='par_1_114' title="bbox 2194 5549 3797 5654">
     <span class='ocr_line' id='line_1_115' title="bbox 2194 5549 3797 5654; baseline 0.021 -49"><span class='ocrx_word' id='word_1_768' title='bbox 2194 5549 2518 5622; x_wconf 88' lang='lat' dir='ltr'><strong>Ecclesiam,</strong></span> <span class='ocrx_word' id='word_1_769' title='bbox 2548 5559 2633 5614; x_wconf 93' lang='lat' dir='ltr'><strong>cui</strong></span> <span class='ocrx_word' id='word_1_770' title='bbox 2661 5577 2784 5617; x_wconf 85' lang='lat' dir='ltr'><strong>mox</strong></span> <span class='ocrx_word' id='word_1_771' title='bbox 2818 5566 2997 5623; x_wconf 87' lang='lat' dir='ltr'><strong>adhuc</strong></span> <span class='ocrx_word' id='word_1_772' title='bbox 3045 5576 3324 5642; x_wconf 87' lang='lat' dir='ltr'><strong>superstiti</strong></span> <span class='ocrx_word' id='word_1_773' title='bbox 3370 5576 3658 5647; x_wconf 85' lang='lat' dir='ltr'><strong>Honestus,</strong></span> <span class='ocrx_word' id='word_1_774' title='bbox 3685 5586 3797 5654; x_wconf 87' lang='lat' dir='ltr'><strong>pri-</strong></span> 
     </span>
    </p>
   </div>
   <div class='ocr_carea' id='block_1_115' title="bbox 2196 5647 3792 5744">
    <p class='ocr_par' dir='ltr' id='par_1_115' title="bbox 2196 5647 3792 5744">
     <span class='ocr_line' id='line_1_116' title="bbox 2196 5647 3792 5744; baseline 0.023 -49"><span class='ocrx_word' id='word_1_775' title='bbox 2196 5659 2285 5696; x_wconf 87' lang='lat' dir='ltr'><strong>mo</strong></span> <span class='ocrx_word' id='word_1_776' title='bbox 2339 5647 2591 5706; x_wconf 84' lang='lat' dir='ltr'><strong>videlicet</strong></span> <span class='ocrx_word' id='word_1_777' title='bbox 2629 5651 2829 5711; x_wconf 80' lang='lat' dir='ltr'><strong>Ottbnc</strong></span> <span class='ocrx_word' id='word_1_778' title='bbox 2881 5659 3124 5719; x_wconf 89' lang='lat' dir='ltr'><strong>habenas</strong></span> <span class='ocrx_word' id='word_1_779' title='bbox 3170 5666 3384 5738; x_wconf 89' lang='lat' dir='ltr'><strong>imperii</strong></span> <span class='ocrx_word' id='word_1_780' title='bbox 3434 5647 3792 5744; x_wconf 81' lang='lat' dir='ltr'><strong>gubernante,</strong></span> 
     </span>
    </p>
   </div>
   <div class='ocr_carea' id='block_1_116' title="bbox 2193 5739 2475 5794">
    <p class='ocr_par' dir='ltr' id='par_1_116' title="bbox 2193 5739 2475 5794">
     <span class='ocr_line' id='line_1_117' title="bbox 2193 5739 2475 5794; baseline 0.018 -5"><span class='ocrx_word' id='word_1_781' title='bbox 2193 5739 2475 5794; x_wconf 79' lang='lat' dir='ltr'><strong>successit.</strong></span> 
     </span>
    </p>
   </div>
   <div class='ocr_carea' id='block_1_117' title="bbox 2261 5828 3793 5929">
    <p class='ocr_par' dir='ltr' id='par_1_117' title="bbox 2261 5828 3793 5929">
     <span class='ocr_line' id='line_1_118' title="bbox 2261 5828 3793 5929; baseline 0.022 -45"><span class='ocrx_word' id='word_1_782' title='bbox 2261 5828 2425 5902; x_wconf 68' lang='grc'><strong>425</strong></span> <span class='ocrx_word' id='word_1_783' title='bbox 2469 5834 2759 5897; x_wconf 79' lang='lat' dir='ltr'><strong>Enimvero</strong></span> <span class='ocrx_word' id='word_1_784' title='bbox 2784 5853 2839 5899; x_wconf 90' lang='lat' dir='ltr'><strong>et</strong></span> <span class='ocrx_word' id='word_1_785' title='bbox 2866 5846 3091 5920; x_wconf 83' lang='lat' dir='ltr'><strong>insignis</strong></span> <span class='ocrx_word' id='word_1_786' title='bbox 3119 5852 3208 5906; x_wconf 88' lang='lat' dir='ltr'><strong>ille</strong></span> <span class='ocrx_word' id='word_1_787' title='bbox 3235 5853 3532 5929; x_wconf 77' lang='lat' dir='ltr'><strong>Gregorius</strong></span> <span class='ocrx_word' id='word_1_788' title='bbox 3559 5858 3793 5917; x_wconf 82' lang='lat' dir='ltr'><strong>Nazian-</strong></span> 
     </span>
    </p>
   </div>
   <div class='ocr_carea' id='block_1_118' title="bbox 3197 5947 3267 6008">
    <p class='ocr_par' dir='ltr' id='par_1_118' title="bbox 3197 5947 3267 6008">
     <span class='ocr_line' id='line_1_119' title="bbox 3197 5947 3267 6008; baseline -0.014 0"><span class='ocrx_word' id='word_1_789' title='bbox 3197 5947 3267 6008; x_wconf 71' lang='lat' dir='ltr'><strong>‘Us</strong></span> 
     </span>
    </p>
   </div>
   <div class='ocr_carea' id='block_1_119' title="bbox 4814 6194 5126 6432">
    <p class='ocr_par' dir='ltr' id='par_1_119' title="bbox 4818 6198 5122 6428">
     <span class='ocr_line' id='line_1_120' title="bbox 4818 6198 5122 6428; baseline 0.02 -26"><span class='ocrx_word' id='word_1_790' title='bbox 4818 6198 5122 6428; x_wconf 62' lang='grc' dir='ltr'><em>α</em></span> 
     </span>
    </p>
   </div>
  </div>
