5514 6660
2039 546 2143 601 427

2494 544 2552 600 S.
2591 544 2794 601 PETRI
2838 544 3116 602 DAMIANI
3154 544 3303 599 OPP.
3338 543 3577 601 TOMUS
3620 543 3752 601 SEU
3794 542 3975 600 PARS
4011 543 4096 599 ιιι.
4126 573 4197 584 —-
4232 541 4598 600 OPUSCULA
4640 544 4868 600 VARIA.

5187 547 5285 605 428

2035 675 2224 725 uenus,
2250 659 2336 729 qui
2383 671 2451 715 an
2477 658 2926 728 historiographis
2972 658 3259 728 Deiloquus
3290 660 3610 729 appellatur,
3642 666 3688 721 Α
3718 657 3861 711 illius
3884 655 4083 711 audivi.
4114 656 4217 712 Sed
4241 656 4499 726 quoniam
4543 670 4786 725 persona
4816 665 4953 723 istae,
4984 658 5286 715 Desiderins

2033 749 2681 818 Censtantinopolitanam
2728 748 3025 803 Ecclesiam
3081 750 3489 817 contempsisse,
3514 749 3611 803 im-

2037 848 2256 908 perante
2279 839 2549 909 religioso,
2569 849 2727 908 atque
2744 840 3011 892 catholico
3032 838 3272 907 principe
3288 838 3609 904 Theodosio,

2038 929 2291 983 traditur.
2324 930 2475 998 Quod
2511 931 2556 983 si
2582 928 2735 983 nobis
2756 928 2893 983 forte
2916 944 3021 982 non
3047 930 3305 993 creditur,
3335 929 3503 999 ipsius
3525 930 3614 985 hic

2035 1019 2277 1075 historia:
2322 1022 2485 1075 verba
2531 1031 2833 1089 ponantur:
2876 1018 3102 1084 Sancta,
3135 1022 3325 1090 inquit,
3374 1022 3613 1093 synodus

2036 1106 2293 1178 Gregorio
2348 1107 2606 1178 Deiloquo
2658 1109 3021 1178 episc0patum
3072 1108 3613 1179 Constantinopoleos

2034 1197 2328 1260 roboravit,
2356 1197 2572 1251 ethunc
2604 1199 2826 1251 invitum
2857 1198 2909 1251 in
2953 1202 3148 1250 throno
3179 1197 3396 1263 locavit,
3430 1210 3612 1268 utpote

2034 1286 2258 1340 multum
2308 1286 2662 1353 laborantem,
2711 1298 2765 1341 et
2808 1289 2994 1341 urbem
3022 1302 3052 1340 a
3094 1288 3307 1343 laesione
3338 1291 3607 1343 brereseon

2029 1376 2369 1431 liberantem.
2398 1377 2638 1447 Cumque
2666 1378 2956 1439 didicisset,
2991 1380 3250 1446 quosdam
3278 1394 3345 1433 ex
3380 1379 3608 1451 Aﬁgypto

2026 1471 2466 1540 sapientissimus
2514 1478 2566 1524 et
2592 1470 2935 1523 beatissimus
2961 1469 3061 1523 iste
3085 1470 3207 1524 huic
3240 1470 3317 1525 rei
3347 1471 3606 1535 invidere,

2028 1560 2420 1628 eompositorio
2451 1574 2703 1613 sermone
2746 1568 2985 1622 ostenso,
3015 1568 3307 1629 spontanee
3343 1575 3373 1612 a
3414 1561 3607 1614 throno

2028 1648 2308 1717 regnantis
2352 1648 2500 1701 urbis
2538 1647 2820 1701 abscessit.
2857 1645 2973 1713 Quo
3021 1649 3267 1702 thronum
3316 1646 3604 1711 rcfutante,

2029 1735 2338 1792 Nectarium
2409 1738 2725 1806 imperator,
2778 1749 2834 1793 et
2880 1739 3115 1808 synodus
3167 1739 3436 1808 provehit.
3484 1739 3606 1793 llaec

2028 1840 2192 1895 porro
2218 1842 2322 1882 non
2348 1837 2552 1895 nostra,
2584 1828 2679 1883 sed
2714 1828 2884 1899 ipsius
2914 1828 3148 1882 historiae
3196 1828 3361 1884 verba
3389 1839 3533 1884 sunt.

2642 1941 2868 1997 CAPUT
2906 1942 2985 1997 lli.

2028 2027 2182 2092 Quod
2219 2030 2409 2083 (minus
2453 2032 2696 2098 gehennae
2738 2032 3005 2099 suppliciis
3039 2034 3267 2100 traditae,
3313 2033 3600 2088 Dominicis

2418 2100 2598 2153 diebus
2626 2102 2893 2170 rejrigeno
2920 2104 3209 2169 potiuntur.

2094 2184 2227 2240 Illud
2247 2186 2432 2253 etiam,
2461 2190 2601 2257 quod
2632 2188 2913 2244 llumberti
2938 2192 3350 2263 archiepiscopi,
3382 2209 3603 2249 summa:

2024 2274 2275 2330 videlicet
2300 2280 2636 2333 auctoritatis
2661 2280 2781 2344 viri,
2815 2284 3125 2338 narratione
3163 2285 3411 2355 cognovi,
3442 2286 3605 2340 silen-

2024 2366 2103 2421 tio
2128 2369 2445 2423 tradendum
2469 2385 2588 2424 esse
2618 2386 2721 2425 non
2756 2373 3020 2427 arbitror.
3044 2373 3178 2427 Nam
3203 2391 3324 2429 cum
3347 2393 3375 2429 a
3408 2376 3617 2432 linitms'

2025 2465 2392 2510 reverteretur
2433 2458 2655 2525 Apellen,
2700 2461 2972 2514 asserebat
3022 2462 3073 2516 in
3121 2464 3429 2531 regionibus
3482 2480 3603 2534 quae

2014 2544 2263 2602 Puteolis
2293 2548 2557 2615 adjacent,
2588 2551 2728 2605 inter
2750 2567 2918 2621 aquas
2946 2553 3127 2623 nigras
3152 2564 3205 2608 et
3231 2554 3443 2619 fetidas,
3472 2574 3597 2626 pru-

2030 2637 2354 2691 montorium
2384 2640 2623 2694 eminere
2665 2656 2915 2695 saxosum
2944 2651 2998 2695 et
3037 2658 3344 2713 scrupeum.
3376 2644 3451 2698 Ex
3478 2648 3593 2715 qui-

2025 2725 2128 2780 bus
2187 2727 2434 2781 videlicet
2503 2728 2882 2784 exhalantibus
2935 2734 3089 2801 aquis
3144 2742 3403 2789 consueto
3453 2750 3601 2791 more

2026 2817 2315 2871 teterrimae
2360 2819 2606 2873 videntur
2636 2820 2860 2875 aviculae
2907 2832 3127 2891 repente
3176 2838 3520 2894 consurgere,
3548 2836 3603 2882 et

2020 2919 2049 2957 a
2083 2906 2391 2975 vespertina
2425 2906 2646 2963 Sabbati
2679 2911 2808 2962 hora
2838 2926 3003 2979 usque
3043 2912 3112 2965 od
3141 2924 3319 2967 ortum
3350 2916 3602 2970 secundae

2021 2995 2193 3061 l'erize,
2224 2996 2393 3051 solitae
2415 3007 2538 3051 sunt
2564 2998 2813 3053 humanis
2841 3001 3145 3069 aspectibus
3179 3017 3457 3071 apparere.
3483 3004 3601 3071 Quo

2006 3086 2212 3141 .inalulti
2240 3089 2495 3156 temporis
2515 3090 2688 3157 spatio
2718 3090 2978 3144 'vidcntur
3002 3093 3131 3147 hinc
3157 3093 3279 3148 inde
3308 3109 3406 3165 per
3448 3113 3597 3152 mon-

2011 3184 2131 3230 .tem
2160 3178 2297 3232 :elnt
2325 3180 2510 3235 soluta:
2538 3180 2765 3235 vinculis
2794 3180 2961 3237 libere
2985 3183 3228 3253 spatiari.
3261 3186 3389 3240 Alas
3410 3196 3601 3241 extena

2009 3268 2181 3334 dunt,
2223 3269 2434 3325 alumas
2488 3284 2667 3325 rosuo
2704 3284 3063 3341 prosequente
3103 3274 3406 3342 depectunt.
3450 3285 3503 3331 et
3543 3277 3598 3331 in

3713 746 3960 802 videlicet
4006 758 4061 802 et
4108 746 4455 813 Humbertus,
4504 756 4666 801 tanta:
4705 748 5045 803 auctoritatis
5089 752 5198 804 sint
5230 760 5284 806 ut

3713 841 3890 893 neutri
3924 856 4109 894 eorum
4146 840 4279 893 fides
4320 840 4515 894 debeat
4552 840 4847 909 denegari,
4899 855 4998 910 ego
5054 856 5281 911 quoque.

3712 933 3854 999 quod
3883 932 4096 1001 scripsi,
4124 931 4428 1001 procaciter
4458 946 4562 985 non
4593 929 4821 997 afﬁrmo,
4874 934 4967 987 sed
4994 943 5172 987 utrum
5200 949 5283 988 ve-

3713 1035 3829 1072 rum
3857 1021 3927 1074 sit
3954 1036 4143 1086 necne,
4174 1020 4464 1091 legentium
4501 1020 4837 1091 inquisitioni
4878 1021 5279 1092 relinquendum

3710 1123 3831 1163 esse
3854 1108 4106 1164 decerno.

3784 1194 3851 1251 Ut
3880 1196 4044 1266 igitur
4068 1196 4197 1251 illud
4219 1195 4470 1262 inferam,
4500 1208 4720 1269 propter
4740 1198 4885 1269 quod
4903 1200 5004 1254 ista
5030 1198 5279 1269 praemisi,

3708 1286 4015 1355 episcopus,
4068 1287 4161 1355 qui
4218 1296 4433 1353 tamen,
4479 1288 4525 1342 si
4592 1297 4741 1343 recte
4802 1299 4980 1355 teneo,
5052 1289 5281 1359 Capraeis

3709 1384 3958 1444 praeerat,
3986 1376 4120 1430 vidit
4146 1376 4404 1443 majorem
4440 1376 4789 1433 Benedictum
4818 1395 5032 1449 papam,
5058 1382 5147 1450 qui
5170 1378 5277 1447 jam

3706 1466 3934 1525 obierat.
3977 1467 4132 1536 nigro
4192 1483 4331 1535 equo
4378 1471 4529 1537 quasi
4561 1470 4919 1539 corporaliter
4944 1470 5274 1526 insidentem.

3706 1556 3946 1625 Curaque
3974 1556 4122 1610 illum
4156 1568 4392 1627 emptum
4423 1559 4528 1613 iter
4560 1575 4784 1629 carpere
4822 1569 5090 1622 cerneret.
5118 1559 5276 1623 licus,

3708 1645 3903 1715 inquit,
3932 1661 4109 1701 nonne
4136 1657 4188 1700 tu
4204 1663 4261 1701 es
4278 1662 4410 1717 papa
4429 1648 4768 1712 Benedictus,
4794 1666 4950 1718 quem
4976 1649 5276 1705 defunctum

3708 1736 3909 1805 liquido
3940 1737 4224 1791 novimus?
4254 1738 4393 1808 Ipse,
4439 1739 4637 1808 inquit,
4686 1739 4869 1794 infelix
4902 1755 5001 1809 ego
5046 1756 5184 1794 sum.
5215 1740 5280 1794 Et

3708 1825 4116 1892 illezQuomodo
4146 1827 4242 1881 tibi
4273 1838 4375 1891 est,
4398 1827 4595 1883 Pater?
4622 1828 5015 1894 Gravibus,an,
5046 1837 5279 1883 tormen-

3709 1916 3777 1969 tis
3806 1914 4031 1979 aﬂicior,
4073 1930 4168 1985 sne
4202 1925 4404 1981 tamen,
4434 1917 4478 1971 si
4511 1917 4836 1987 adjutorium
4870 1919 5186 1987 prmbeatur,
5214 1918 5283 1972 de

3634 2001 3677 2059 Β
3708 2019 3823 2058 mea
3856 2006 4265 2072 rccuperatione
4295 2020 4400 2059 non
4446 2005 4668 2073 privor;
4717 2004 4811 2060 sed
4844 2020 5023 2075 perge,
5072 2018 5273 2074 quaeso,

3707 2097 3773 2148 ad
3802 2094 4023 2149 fratrem
4066 2111 4243 2149 meum
4294 2094 4578 2158 Joannem,
4610 2097 4702 2165 qui
4747 2112 4889 2150 nunc
4938 2095 5276 2165 apostolicam

3704 2194 3935 2252 occupat
3963 2184 4165 2246 sedem,
4196 2184 4354 2253 eique
4394 2199 4510 2239 mea
4538 2184 4757 2239 functus
4785 2186 5049 2255 legatione
5074 2186 5275 2241 denun-

3707 2274 3799 2339 tia,
3833 2283 3890 2327 ut
3921 2273 4063 2327 illam
4090 2274 4430 2341 potissimum
4457 2290 4749 2340 summam,
4776 2291 4895 2345 qua:
4920 2277 4971 2329 in
5015 2275 5106 2328 tali
5128 2275 5276 2329 theca

3708 2367 4037 2431 reconditur,
4067 2366 4118 2420 in
4142 2382 4405 2435 pauperes
4446 2382 4547 2436 pro
4576 2382 4695 2422 mea
4739 2367 4913 2421 salute
4956 2366 5271 2432 distribuat;

3705 2458 3892 2525 sicque
3933 2473 4018 2511 me
4067 2458 4436 2511 redimendum
4474 2472 4612 2521 esse,
4642 2457 5071 2526 quandocunque
5102 2466 5273 2511 tamen

3703 2546 3805 2600 hoc
3834 2547 4075 2600 decrevit
4108 2548 4385 2601 miseratio
4408 2548 4608 2611 divina,
4638 2557 4944 2615 cognoscat.
4972 2547 5100 2602 Nam
5122 2559 5277 2603 caete-

3704 2650 3787 2698 ra,
3836 2651 3956 2705 quae
4008 2652 4106 2705 pro
4162 2652 4245 2690 me
4297 2646 4422 2691 sunt
4472 2637 4837 2707 indigentibus
4883 2638 5097 2702 tradita,
5145 2639 5274 2693 mihi

3704 2724 3834 2778 nihil
3864 2726 4077 2794 penitus
4125 2727 4469 2795 profuerunt,
4520 2728 4645 2795 quia
4691 2728 4757 2781 de
4803 2726 5005 2796 rapinis
5051 2736 5174 2780 sunt
5221 2734 5273 2781 et

3704 2815 3980 2884 injustitiis
4023 2817 4310 2886 acquisita.
4373 2818 4467 2871 llis
4514 2818 4677 2885 igitur
4726 2817 4941 2879 auditis,
4998 2817 5273 2886 episcopus

3703 2903 3929 2958 Romam
3964 2906 4191 2976 impiger
4230 2908 4379 2970 adiit,
4427 2905 4619 2961 Joanni
4660 2922 4811 2977 papa:
4840 2907 5071 2962 defuncti
5093 2905 5274 2963 fratris

3703 2997 3866 3050 verba
3908 3005 4170 3060 narravit,
4239 2998 4559 3066 episcopalis
4616 3014 4742 3052 mox
4796 3000 5021 3053 sarcina:
5072 2998 5272 3067 pondus

3704 3084 3921 3151 abjecit,
3946 3089 4270 3141 monachum
4306 3088 4501 3151 induit,
4529 3103 4701 3158 eoque
4733 3091 4891 3144 modo
4916 3089 5143 3144 salutem
5172 3089 5271 3144 sibi

3702 3192 3768 3231 ex
3800 3177 3973 3230 ahena
4002 3178 4312 3231 calamitate
4346 3176 4601 3246 providit.

3773 3268 3849 3321 De
3878 3269 4153 3337 :equivoeo
4190 3283 4402 3337 quoque
4431 3269 4669 3338 ejusdem
4694 3268 4963 3325 Benedicti
4992 3284 5138 3340 papa:
5162 3270 5268 3341 (il)

2020 3375 2284 3429 quantum
2312 3363 2471 3417 datur
2515 3363 2763 3433 intelligi,
2803 3379 3059 3419 concessa
3090 3366 3155 3419 ad
3201 3377 3408 3436 tempus
3437 3366 3599 3422 refri-
3626 3361 3672 3423 C
3702 3364 3865 3425 αιτιιιε
3897 3366 4115 3425 ιιθροιθο
4150 3371 4198 3425 ‘1'

3092 3366 3155 3419 ad
3201 3377 3408 3436 ιειηριιε
3437 3366 3599 3422 τεῇ-ί-
3626 3361 3672 3423 C
3702 3364 3865 3425 atque
3897 3366 4115 3425 nepote.
4150 3358 4241 3425 qui
4282 3369 4406 3427 post
4438 3372 4575 3429 .eum
4607 3360 4820 3422 tertius,
4861 3358 5051 3413 Joanni
5089 3375 5270 3415 secun-

2021 3450 2154 3521 gerii
2185 3467 2241 3507 se
2290 3453 2679 3522 tranquillitate
2728 3444 3019 3508 resolvunt.
3074 3455 3203 3523 Quae
3238 3456 3482 3526 profecto
3505 3472 3597 3512 vo-

2019 3538 2200 3595 lucres
2226 3555 2326 3595 nec
2348 3556 2585 3610 unquam
2636 3542 2886 3601 videntur
2922 3544 3080 3598 vesci.
3119 3558 3221 3599 nec
3248 3544 3488 3614 quolibet
3505 3560 3598 3600 au~

2023 3627 2177 3697 capis
2205 3628 2383 3683 valent
2409 3630 2621 3700 ingenio
2648 3631 2787 3699 capi.

2097 3719 2466 3774 Dilucescente
2492 3720 2657 3788 igitur
2683 3721 2942 3776 matutina
2973 3722 3223 3778 secnndte
3244 3721 3393 3778 ferite
3436 3724 3595 3790 hora,

2023 3821 2151 3862 ecce
2178 3824 2403 3879 magnus
2426 3810 2493 3864 ad
2518 3810 2689 3864 instar
2714 3810 2939 3866 vulturis
2984 3827 3177 3867 curvus
3206 3822 3326 3882 post
3348 3812 3598 3883 praefatas

2019 3898 2261 3955 aviculas
2292 3901 2478 3971 intipit
2505 3916 2738 3957 concava
2783 3912 3001 3974 gutture
3051 3905 3286 3973 graviter
3311 3906 3597 3961 crocitare.

2017 3987 2127 4042 Illa:
2158 3990 2403 4059 protinus
2461 4005 2579 4045 sese
2623 3992 2780 4061 aquis
2835 3992 3215 4063 immergentes
3240 3994 3597 4059 abscondunt,

2018 4094 2121 4135 nec
2145 4079 2281 4133 ultra
2308 4080 2568 4135 videndos
2592 4096 2651 4136 se
2672 4082 2929 4136 humanis
2952 4082 3125 4137 oculis
3151 4081 3404 4149 oﬂ'erunt,
3426 4084 3600 4138 donec

2020 4166 2509 4236 advesperascente
2530 4166 2643 4237 jam
2679 4168 2903 4225 Sabbati
2935 4172 3042 4237 die,
3082 4172 3149 4226 de
3178 4172 3452 4242 sulphurei
3484 4182 3597 4228 sta-

2019 4258 2111 4326 gni
2138 4259 2393 4329 voragine
2422 4275 2608 4315 rursus
2626 4271 2929 4331 emergunt.
2968 4262 3119 4318 Unde.
3143 4264 3384 4318 nonnulli
3408 4264 3595 4333 perhi-

2016 4346 2147 4401 bent
2174 4361 2269 4402 eas
2292 4348 2719 4425 hominumesse
2758 4350 2965 4406 animas
3011 4350 3293 4407 ultricibus
3340 4353 3600 4423 gehenna:

2019 4438 2297 4506 suppliciis
2344 4440 2644 4510 deputatas.
2688 4439 2818 4507 Quae
2868 4442 3123 4497 nimirum
3173 4442 3383 4513 reliquo
3434 4445 3598 4498 totius

2018 4527 2370 4584 hebdomath
2443 4538 2681 4600 tempore
2722 4530 3055 4597 cruciantur,
3097 4532 3375 4587 Dominico
3417 4544 3597 4589 autem

2018 4616 2107 4672 die
2134 4633 2253 4672 cum
2310 4619 2677 4688 adiacentibus
2720 4620 2864 4675 ultro
2900 4622 3149 4692 citroque
3192 4623 3466 4689 noctibus,
3497 4640 3597 4694 pro

2017 4707 2310 4763 Dominicae
2340 4710 2746 4764 resurrectionis
2771 4711 2963 4781 gloria,
2994 4710 3273 4782 refrigerio
3291 4714 3592 4782 ponuntur.
3622 4696 3672 4755 Ῑ)

2018 4793 2119 4850 Cui
2143 4797 2346 4851 scilicet
2377 4798 2661 4852 assertioni
2696 4801 2857 4853 etiam
2888 4798 3207 4855 Prudentius
3250 4800 3447 4856 nobilis
3473 4816 3595 4855 ver-

2019 4884 2260 4941 siﬁcator
2291 4886 2344 4940 in
2377 4886 2696 4957 hymnorum
2739 4899 2961 4944 suorum
2988 4890 3259 4959 Opusculis
3286 4900 3591 4946 attestatur.

2018 4973 2127 5030 Sed
2157 4992 2279 5031 cum
2313 4978 2426 5032 haec
2450 4979 2516 5033 de
2545 4980 2789 5041 oviculis.
2839 4990 2893 5036 et
2923 4996 3086 5037 corvo
3126 4983 3266 5037 inter
3309 4994 3479 5053 aquas
3514 4984 3596 5038 ni-

2017 5080 2147 5136 gras
2186 5068 2474 5137 aliquando
2516 5072 2915 5140 apparentibus,
2960 5071 3248 5142 aliquando
3272 5089 3332 5130 se
3364 5075 3596 5129 abscon-

2022 5156 2295 5222 dentihus,
2331 5160 2385 5212 in
2418 5162 2611 5231 pagina
2637 5162 3003 5233 digessissem,
3034 5166 3316 5236 religiosus
3337 5166 3598 5221 Casinen—

2021 5247 2098 5302 sis
2144 5251 2455 5303 monasterii
2505 5251 2667 5305 abbas
2714 5253 3022 5309 Desiderius
3074 5257 3317 5323 advenit,
3368 5272 3597 5328 seseque

2020 5353 2137 5394 rem
2164 5340 2244 5395 sic
2288 5342 2491 5397 habere
2522 5342 2756 5399 funditus
2798 5348 3103 5419 abnegavit.
3149 5349 3391 5421 Cumque
3420 5352 3593 5417 illum,

2022 5440 2074 5486 et
2098 5430 2477 5498 Ilumbertum,
2504 5451 2682 5490 meum
2712 5438 2959 5495 videlicet
2996 5442 3303 5505 relatorem,
3337 5445 3388 5498 in
3412 5453 3595 5497 mutua

2023 5520 2287 5590 colloquia
2323 5523 2689 5591 deduxissem,
2732 5525 3056 5585 Httmbertus
3087 5532 3161 5585 ait
3186 5551 3199 5586 :
3228 5531 3339 5602 Ego
3375 5531 3593 5602 quidem

2025 5608 2185 5679 hujus
2212 5611 2546 5681 altegationis
2578 5615 2943 5671 testimonium
2976 5635 3077 5673 non
3102 5621 3348 5690 defendo,
3373 5638 3592 5677 verum-

2026 5708 2206 5755 tamen
2234 5702 2337 5757 hoc
2360 5703 2677 5774 simpliciter
2723 5707 2899 5769 retuli,
2924 5706 3089 5781 426
3111 5714 3251 5780 quod
3296 5713 3364 5770 ab
3394 5712 3592 5771 accolis

2100 5881 2142 5954 (Ι
2161 5880 2206 5953 l)
2245 5880 2370 5936 Euts
2395 5885 2626 5939 nominis
2660 5886 2952 5943 undecimi.

3701 3446 3802 3500 dus
3830 3447 3885 3503 in
3913 3445 4170 3501 Romana:
4197 3448 4342 3502 sedis
4366 3448 4643 3503 invasione
4671 3449 4952 3514 successit,
4976 3449 5115 3503 idem
5144 3449 5271 3503 mihi

3700 3536 3945 3590 narravit
3978 3536 4345 3601 llumbertus;
4385 3539 4513 3605 quia
4552 3552 4739 3593 vassus
4772 3540 4987 3608 quidam
5019 3539 5143 3593 dum
5173 3540 5270 3594 iter

3700 3635 3904 3696 ageret,
3936 3626 4135 3680 accidit
4186 3634 4244 3679 ut
4274 3625 4429 3694 juxta
4458 3627 4824 3683 molendinum
4874 3644 5012 3698 equo
5042 3630 5272 3684 insidens

3698 3717 4104 3786 pertransiret;
4173 3732 4300 3773 ecce
4375 3728 4597 3787 repente
4678 3728 4977 3773 monstrum
5044 3720 5272 3773 immane

3698 3809 3997 3876 conspexit,
4048 3822 4155 3878 quo
4202 3808 4319 3863 viso
4357 3810 4565 3868 subitus
4602 3826 4725 3864 eum
4758 3820 4930 3864 terror
4978 3810 5189 3874 invasit,
5219 3820 5272 3865 et

3700 3898 4033 3969 stupefactus
4095 3900 4392 3959 intremuit.
4433 3896 4722 3955 Videbatur
4753 3910 4932 3955 autem
4973 3910 5267 3955 monstrum

3702 3991 3831 4045 illud
3870 3991 3923 4044 in
3956 4006 4117 4046 aures
4163 3994 4424 4045 duntaxat
4453 3991 4605 4045 aselli
4650 3992 4983 4060 caudamque
5007 3992 5270 4057 desinere,

3702 4095 3898 4138 caetera
3926 4097 4085 4138 ursus
4106 4092 4243 4137 crat.
4269 4083 4511 4153 Cumque
4538 4084 4711 4137 viator
4735 4083 4802 4137 ad
4832 4084 4935 4137 hoc
4971 4093 5271 4152 portentum

3704 4180 3922 4235 territus
3949 4180 4333 4247 obrigesceret,
4359 4177 4649 4250 fugamque
4670 4178 4995 4248 praecipitem
5024 4180 5271 4233 formido-

3701 4268 3848 4325 losus
3876 4269 4053 4332 iniret.
4084 4266 4314 4324 informe
4344 4270 4645 4338 prodigium
4670 4269 4918 4323 humanae
4942 4270 5087 4323 vocis
5113 4269 5270 4323 verba

3701 4360 3988 4414 formavit:
4021 4357 4164 4424 Noli,
4207 4358 4403 4427 inquit,
4460 4374 4494 4413 ο
4530 4359 4633 4425 vir,
4673 4373 5060 4429 expavescere;
5105 4360 5271 4414 homi-

3700 4466 3822 4506 nem
3857 4466 3945 4505 me
3978 4451 4106 4505 olim
4150 4450 4338 4515 fuisse,
4372 4451 4512 4505 sicut
4563 4461 4620 4505 et
4666 4451 4781 4520 ipse
4814 4466 4957 4505 nunc
4984 4466 5063 4515 es,
5088 4450 5273 4520 procul

3701 4540 3861 4595 dubio
3901 4542 4097 4606 crede;
4144 4542 4239 4595 sed
4292 4543 4418 4609 quia
4472 4542 4771 4595 bestialiter
4826 4542 4954 4603 vixi,
5003 4551 5121 4611 post
5149 4542 5270 4597 vitae

3702 4629 3865 4684 finem
3899 4630 4091 4685 bestia:
4140 4632 4381 4699 perferre
4424 4615 4677 4699 speciem
4706 4630 4901 4685 merui.
4949 4630 5116 4685 Porro
5146 4646 5267 4686 cum

3700 4720 3789 4775 ille
3840 4722 4199 4790 perquire’ret,
4244 4723 4365 4791 quis
4411 4722 4634 4776 fuisset:
4687 4722 4817 4791 Ego,
4870 4723 4965 4787 ait,
5019 4722 5105 4777 ille
5156 4721 5271 4778 solo

3702 4812 3921 4865 nomine
3956 4810 4279 4866 Benedictus
4325 4812 4423 4877 fui,
4456 4814 4546 4882 qui
4579 4828 4751 4883 nuper
4802 4812 5103 4882 apostolica:
5125 4813 5267 4869 sedis

3702 4899 3909 4967 apicem
3934 4900 4183 4970 indignus
4207 4902 4437 4956 obtinui.
4466 4902 4756 4972 lnquisitus
4784 4913 4984 4968 autem,
5011 4903 5134 4972 quid
5154 4903 5268 4973 jam

3703 4992 4071 5047 retributionis
4103 4993 4354 5047 haberet:
4389 4992 4541 5048 Nunc
4570 4995 4807 5063 quidem,
4860 4995 5052 5064 inquit,
5100 5010 5267 5064 usque

3703 5079 3768 5135 ad
3794 5080 3983 5150 judicii
4031 5082 4173 5135 diem
4203 5097 4297 5150 per
4339 5083 4587 5147 dumosa,
4620 5094 4782 5153 atque
4814 5084 5129 5153 squalentia,
5170 5099 5269 5154 per

3702 5170 3987 5239 sulphurea
4020 5171 4157 5235 loca,
4205 5183 4258 5225 et
4287 5170 4489 5227 fetores
4518 5174 4847 5237 exhalantia,
4904 5182 5061 5243 atque
5085 5174 5268 5229 incen-

3701 5259 3806 5313 diis
3857 5259 4205 5330 conllagrata,
4262 5263 4443 5331 rapior
4470 5274 4525 5318 et
4586 5266 4897 5333 pertrahor;
4935 5272 5050 5333 post
5082 5274 5264 5318 extre-

3702 5368 3847 5407 mum
3878 5368 4006 5407 vero
4026 5354 4308 5422 judicium,
4339 5372 4536 5425 corpus
4571 5374 4746 5412 meum
4772 5357 4926 5413 simul
4950 5367 5003 5411 et
5030 5358 5266 5413 animam

3703 5442 4117 5497 irremediabtlis
4150 5446 4446 5511 cruciatus,
4492 5455 4547 5500 et
4576 5448 4889 5517 gehennalis
4916 5446 5151 5499 barathri
5181 5461 5269 5501 me

3704 5533 4072 5589 irrevocabilis
4101 5535 4204 5588 olla
4235 5537 4509 5607 deglntiet,
4540 5540 4611 5593 ita
4644 5550 4701 5593 ut
4728 5539 4870 5593 nulla
4895 5539 5021 5592 mihi
5044 5554 5236 5609 recupe
5256 5566 5268 5573 ~

3701 5625 3927 5681 rationis
3961 5642 4086 5696 spes
4136 5628 4191 5681 in
4244 5638 4519 5698 posterum
4560 5640 4748 5687 restet.
4803 5629 4930 5684 Post
4962 5631 5074 5686 htec
5119 5646 5266 5695 vero,

3698 5722 3753 5769 et
3774 5714 4077 5783 huiusmodi
4104 5719 4270 5775 verba
4300 5716 4588 5789 disparuit.
4621 5720 4729 5777 Sed
4752 5735 4874 5777 cum
4898 5733 5020 5789 ego,
5056 5734 5153 5776 cur
5184 5719 5271 5774 ille
