  <div class='ocr_page' id='page_1' title='image "/cluster/home/n/w/nwhite01/storage/ocr_20150623/144-145/uc1.31175001639262/754.png"; bbox 0 0 5514 6650; ppageno 0'>
   <div class='ocr_carea' id='block_1_1' title="bbox 540 411 633 466">
    <p class='ocr_par' dir='ltr' id='par_1_1' title="bbox 540 411 633 466">
     <span class='ocr_line' id='line_1_1' title="bbox 540 411 633 466; baseline -0.011 0"><span class='ocrx_word' id='word_1_1' title='bbox 540 411 633 466; x_wconf 62' lang='grc' dir='ltr'>ιλιι</span> 
     </span>
    </p>
   </div>
   <div class='ocr_carea' id='block_1_2' title="bbox 1321 392 3025 463">
    <p class='ocr_par' dir='ltr' id='par_1_2' title="bbox 1321 392 3025 463">
     <span class='ocr_line' id='line_1_2' title="bbox 1321 392 3025 463; baseline -0.012 -2"><span class='ocrx_word' id='word_1_2' title='bbox 1321 404 1570 463; x_wconf 81' lang='lat' dir='ltr'><strong>OPUSC.</strong></span> <span class='ocrx_word' id='word_1_3' title='bbox 1614 395 1754 457; x_wconf 66' lang='lat' dir='ltr'><strong>XIX.</strong></span> <span class='ocrx_word' id='word_1_4' title='bbox 1798 430 1862 443; x_wconf 86' lang='lat'>——</span> <span class='ocrx_word' id='word_1_5' title='bbox 1895 398 1984 453; x_wconf 83' lang='lat' dir='ltr'><strong>DE</strong></span> <span class='ocrx_word' id='word_1_6' title='bbox 2019 394 2485 451; x_wconf 65' lang='lat' dir='ltr'><strong>ABlilCA&#39;l‘lOl‘iE</strong></span> <span class='ocrx_word' id='word_1_7' title='bbox 2535 392 3025 446; x_wconf 69' lang='lat' dir='ltr'><strong>Ei’lSCUPA&#39;l‘L‘b.</strong></span> 
     </span>
    </p>
   </div>
   <div class='ocr_carea' id='block_1_3' title="bbox 3713 390 3818 438">
    <p class='ocr_par' dir='ltr' id='par_1_3' title="bbox 3713 390 3818 438">
     <span class='ocr_line' id='line_1_3' title="bbox 3713 390 3818 438; baseline 0 0"><span class='ocrx_word' id='word_1_8' title='bbox 3713 390 3818 438; x_wconf 68' lang='grc' dir='ltr'>ιδιι</span> 
     </span>
    </p>
   </div>
   <div class='ocr_carea' id='block_1_4' title="bbox 543 498 3820 596">
    <p class='ocr_par' dir='ltr' id='par_1_4' title="bbox 543 498 3820 596">
     <span class='ocr_line' id='line_1_4' title="bbox 543 498 3820 596; baseline -0.007 -17"><span class='ocrx_word' id='word_1_9' title='bbox 543 529 590 582; x_wconf 89' lang='lat' dir='ltr'><strong>in</strong></span> <span class='ocrx_word' id='word_1_10' title='bbox 624 528 725 581; x_wconf 87' lang='lat' dir='ltr'><strong>hac</strong></span> <span class='ocrx_word' id='word_1_11' title='bbox 753 523 939 596; x_wconf 87' lang='lat' dir='ltr'><strong>specie</strong></span> <span class='ocrx_word' id='word_1_12' title='bbox 966 527 1293 592; x_wconf 87' lang='lat' dir='ltr'><strong>conspectus</strong></span> <span class='ocrx_word' id='word_1_13' title='bbox 1330 520 1423 584; x_wconf 84' lang='lat' dir='ltr'><strong>sit,</strong></span> <span class='ocrx_word' id='word_1_14' title='bbox 1448 519 1754 588; x_wconf 79' lang='lat' dir='ltr'><strong>indaginem</strong></span> <span class='ocrx_word' id='word_1_15' title='bbox 1781 528 1989 583; x_wconf 61' lang='lat' dir='ltr'><strong>quaero,</strong></span> <span class='ocrx_word' id='word_1_16' title='bbox 2017 526 2125 565; x_wconf 85' lang='lat' dir='ltr'><strong>non</strong></span> <span class='ocrx_word' id='word_1_17' title='bbox 2154 518 2209 576; x_wconf 27' lang='grc' dir='ltr'><strong>Α(</strong></span> <span class='ocrx_word' id='word_1_18' title='bbox 2233 516 2395 572; x_wconf 77' lang='lat' dir='ltr'><strong>atque</strong></span> <span class='ocrx_word' id='word_1_19' title='bbox 2442 513 2500 558; x_wconf 97' lang='grc' dir='ltr'><strong>ιιι</strong></span> <span class='ocrx_word' id='word_1_20' title='bbox 2528 504 2736 559; x_wconf 87' lang='lat' dir='ltr'><strong>occulta</strong></span> <span class='ocrx_word' id='word_1_21' title='bbox 2764 518 2860 558; x_wconf 89' lang='lat' dir='ltr'><strong>sua</strong></span> <span class='ocrx_word' id='word_1_22' title='bbox 2887 503 2939 555; x_wconf 90' lang='lat' dir='ltr'><strong>in</strong></span> <span class='ocrx_word' id='word_1_23' title='bbox 2962 499 3199 596; x_wconf 82' lang='lat' dir='ltr'><strong>medium</strong></span> <span class='ocrx_word' id='word_1_24' title='bbox 3224 498 3820 596; x_wconf 31' lang='lat' dir='ltr'><strong>proferret,-unanimi-</strong></span> 
     </span>
    </p>
   </div>
   <div class='ocr_carea' id='block_1_5' title="bbox 543 602 2125 688">
    <p class='ocr_par' dir='ltr' id='par_1_5' title="bbox 543 602 2125 688">
     <span class='ocr_line' id='line_1_5' title="bbox 543 602 2125 688; baseline -0.011 -16"><span class='ocrx_word' id='word_1_25' title='bbox 543 620 728 674; x_wconf 80' lang='lat' dir='ltr'><strong>deesse</strong></span> <span class='ocrx_word' id='word_1_26' title='bbox 780 616 1101 688; x_wconf 76' lang='lat' dir='ltr'><strong>mysterium</strong></span> <span class='ocrx_word' id='word_1_27' title='bbox 1154 612 1222 665; x_wconf 89' lang='lat' dir='ltr'><strong>ab</strong></span> <span class='ocrx_word' id='word_1_28' title='bbox 1271 625 1337 666; x_wconf 90' lang='lat' dir='ltr'><strong>eo</strong></span> <span class='ocrx_word' id='word_1_29' title='bbox 1394 607 1537 678; x_wconf 88' lang='lat' dir='ltr'><strong>quod</strong></span> <span class='ocrx_word' id='word_1_30' title='bbox 1575 608 1746 660; x_wconf 89' lang='lat' dir='ltr'><strong>visum</strong></span> <span class='ocrx_word' id='word_1_31' title='bbox 1785 613 1891 668; x_wconf 88' lang='lat' dir='ltr'><strong>est,</strong></span> <span class='ocrx_word' id='word_1_32' title='bbox 1932 602 2125 670; x_wconf 88' lang='lat' dir='ltr'><strong>depre-</strong></span> 
     </span>
    </p>
   </div>
   <div class='ocr_carea' id='block_1_6' title="bbox 544 692 2127 774">
    <p class='ocr_par' dir='ltr' id='par_1_6' title="bbox 544 692 2127 774">
     <span class='ocr_line' id='line_1_6' title="bbox 544 692 2127 774; baseline -0.014 -8"><span class='ocrx_word' id='word_1_33' title='bbox 544 710 738 765; x_wconf 83' lang='lat' dir='ltr'><strong>hendo.</strong></span> <span class='ocrx_word' id='word_1_34' title='bbox 782 707 915 761; x_wconf 83' lang='lat' dir='ltr'><strong>Nam</strong></span> <span class='ocrx_word' id='word_1_35' title='bbox 954 706 1077 774; x_wconf 87' lang='lat' dir='ltr'><strong>quia</strong></span> <span class='ocrx_word' id='word_1_36' title='bbox 1133 700 1459 757; x_wconf 77' lang='lat' dir='ltr'><strong>miserabilis</strong></span> <span class='ocrx_word' id='word_1_37' title='bbox 1515 700 1601 753; x_wconf 89' lang='lat' dir='ltr'><strong>ille</strong></span> <span class='ocrx_word' id='word_1_38' title='bbox 1647 696 1716 750; x_wconf 92' lang='lat' dir='ltr'><strong>ab</strong></span> <span class='ocrx_word' id='word_1_39' title='bbox 1757 696 1875 764; x_wconf 90' lang='lat' dir='ltr'><strong>ipso</strong></span> <span class='ocrx_word' id='word_1_40' title='bbox 1927 692 2127 746; x_wconf 83' lang='lat' dir='ltr'><strong>funesti</strong></span> 
     </span>
    </p>
   </div>
   <div class='ocr_carea' id='block_1_7' title="bbox 542 781 2127 874">
    <p class='ocr_par' dir='ltr' id='par_1_7' title="bbox 542 781 2127 874">
     <span class='ocr_line' id='line_1_7' title="bbox 542 781 2127 874; baseline -0.013 -21"><span class='ocrx_word' id='word_1_41' title='bbox 542 799 883 870; x_wconf 77' lang='lat' dir='ltr'><strong>pontiﬁcatus</strong></span> <span class='ocrx_word' id='word_1_42' title='bbox 931 795 1012 848; x_wconf 91' lang='lat' dir='ltr'><strong>sui</strong></span> <span class='ocrx_word' id='word_1_43' title='bbox 1064 790 1363 874; x_wconf 83' lang='lat' dir='ltr'><strong>primordio</strong></span> <span class='ocrx_word' id='word_1_44' title='bbox 1422 788 1585 860; x_wconf 66' lang='grc'><strong>427</strong></span> <span class='ocrx_word' id='word_1_45' title='bbox 1638 801 1808 854; x_wconf 89' lang='lat' dir='ltr'><strong>usque</strong></span> <span class='ocrx_word' id='word_1_46' title='bbox 1852 784 1919 836; x_wconf 90' lang='lat' dir='ltr'><strong>ad</strong></span> <span class='ocrx_word' id='word_1_47' title='bbox 1965 781 2127 834; x_wconf 85' lang='lat' dir='ltr'><strong>finem</strong></span> 
     </span>
    </p>
   </div>
   <div class='ocr_carea' id='block_1_8' title="bbox 544 875 2132 943">
    <p class='ocr_par' dir='ltr' id='par_1_8' title="bbox 544 875 2132 943">
     <span class='ocr_line' id='line_1_8' title="bbox 544 875 2132 943; baseline -0.013 1"><span class='ocrx_word' id='word_1_48' title='bbox 544 892 666 943; x_wconf 65' lang='lat' dir='ltr'><strong>vita:</strong></span> <span class='ocrx_word' id='word_1_49' title='bbox 691 890 744 943; x_wconf 89' lang='lat' dir='ltr'><strong>in</strong></span> <span class='ocrx_word' id='word_1_50' title='bbox 774 885 1001 942; x_wconf 80' lang='lat' dir='ltr'><strong>luxuriae</strong></span> <span class='ocrx_word' id='word_1_51' title='bbox 1027 897 1186 938; x_wconf 68' lang='lat' dir='ltr'><strong>emno</strong></span> <span class='ocrx_word' id='word_1_52' title='bbox 1233 888 1479 936; x_wconf 85' lang='lat' dir='ltr'><strong>versatus</strong></span> <span class='ocrx_word' id='word_1_53' title='bbox 1523 886 1627 937; x_wconf 88' lang='lat' dir='ltr'><strong>est,</strong></span> <span class='ocrx_word' id='word_1_54' title='bbox 1678 891 1782 929; x_wconf 93' lang='lat' dir='ltr'><strong>non</strong></span> <span class='ocrx_word' id='word_1_55' title='bbox 1832 875 2132 941; x_wconf 78' lang='lat' dir='ltr'><strong>incongrue</strong></span> 
     </span>
    </p>
   </div>
   <div class='ocr_carea' id='block_1_9' title="bbox 544 960 2161 1038">
    <p class='ocr_par' dir='ltr' id='par_1_9' title="bbox 544 960 2161 1038">
     <span class='ocr_line' id='line_1_9' title="bbox 544 960 2161 1038; baseline -0.012 -5"><span class='ocrx_word' id='word_1_56' title='bbox 544 980 693 1033; x_wconf 88' lang='lat' dir='ltr'><strong>visus</strong></span> <span class='ocrx_word' id='word_1_57' title='bbox 718 986 819 1038; x_wconf 91' lang='lat' dir='ltr'><strong>est,</strong></span> <span class='ocrx_word' id='word_1_58' title='bbox 858 983 911 1028; x_wconf 92' lang='lat' dir='ltr'><strong>et</strong></span> <span class='ocrx_word' id='word_1_59' title='bbox 939 974 1007 1026; x_wconf 89' lang='lat' dir='ltr'><strong>ab</strong></span> <span class='ocrx_word' id='word_1_60' title='bbox 1030 972 1253 1025; x_wconf 87' lang='lat' dir='ltr'><strong>auribus</strong></span> <span class='ocrx_word' id='word_1_61' title='bbox 1284 971 1542 1037; x_wconf 89' lang='lat' dir='ltr'><strong>incipere,</strong></span> <span class='ocrx_word' id='word_1_62' title='bbox 1572 977 1624 1019; x_wconf 87' lang='lat' dir='ltr'><strong>et</strong></span> <span class='ocrx_word' id='word_1_63' title='bbox 1654 966 1706 1018; x_wconf 92' lang='lat' dir='ltr'><strong>in</strong></span> <span class='ocrx_word' id='word_1_64' title='bbox 1738 964 1965 1020; x_wconf 79' lang='lat' dir='ltr'><strong>caudam</strong></span> <span class='ocrx_word' id='word_1_65' title='bbox 1986 960 2131 1016; x_wconf 84' lang='lat' dir='ltr'><strong>asini</strong></span> <span class='ocrx_word' id='word_1_66' title='bbox 2157 997 2161 1000; x_wconf 52' lang='grc' dir='ltr'><strong><em>μ</em></strong></span> 
     </span>
    </p>
   </div>
   <div class='ocr_carea' id='block_1_10' title="bbox 546 1053 2128 1131">
    <p class='ocr_par' dir='ltr' id='par_1_10' title="bbox 546 1053 2128 1131">
     <span class='ocr_line' id='line_1_10' title="bbox 546 1053 2128 1131; baseline -0.011 -8"><span class='ocrx_word' id='word_1_67' title='bbox 546 1068 855 1124; x_wconf 86' lang='lat' dir='ltr'><strong>terminare.</strong></span> <span class='ocrx_word' id='word_1_68' title='bbox 907 1065 1104 1118; x_wconf 52' lang='lat' dir='ltr'><strong>Asinus</strong></span> <span class='ocrx_word' id='word_1_69' title='bbox 1152 1064 1350 1131; x_wconf 84' lang='lat' dir='ltr'><strong>quippe</strong></span> <span class='ocrx_word' id='word_1_70' title='bbox 1398 1059 1730 1113; x_wconf 84' lang='lat' dir='ltr'><strong>luxuriosum</strong></span> <span class='ocrx_word' id='word_1_71' title='bbox 1780 1067 1865 1110; x_wconf 91' lang='lat' dir='ltr'><strong>est</strong></span> <span class='ocrx_word' id='word_1_72' title='bbox 1908 1053 2128 1120; x_wconf 81' lang='lat' dir='ltr'><strong>animal,</strong></span> 
     </span>
    </p>
   </div>
   <div class='ocr_carea' id='block_1_11' title="bbox 543 1143 2133 1227">
    <p class='ocr_par' dir='ltr' id='par_1_11' title="bbox 543 1143 2133 1227">
     <span class='ocr_line' id='line_1_11' title="bbox 543 1143 2133 1227; baseline -0.011 -13"><span class='ocrx_word' id='word_1_73' title='bbox 543 1160 680 1214; x_wconf 87' lang='lat' dir='ltr'><strong>sicut</strong></span> <span class='ocrx_word' id='word_1_74' title='bbox 712 1155 972 1227; x_wconf 81' lang='lat' dir='ltr'><strong>prapheta</strong></span> <span class='ocrx_word' id='word_1_75' title='bbox 1002 1153 1251 1223; x_wconf 89' lang='lat' dir='ltr'><strong>designat</strong></span> <span class='ocrx_word' id='word_1_76' title='bbox 1275 1165 1397 1203; x_wconf 89' lang='lat' dir='ltr'><strong>cum</strong></span> <span class='ocrx_word' id='word_1_77' title='bbox 1451 1148 1517 1202; x_wconf 90' lang='lat' dir='ltr'><strong>de</strong></span> <span class='ocrx_word' id='word_1_78' title='bbox 1545 1146 1723 1201; x_wconf 90' lang='lat' dir='ltr'><strong>carnis</strong></span> <span class='ocrx_word' id='word_1_79' title='bbox 1777 1143 2133 1198; x_wconf 72' lang='lat' dir='ltr'><strong>immunditia:</strong></span> 
     </span>
    </p>
   </div>
   <div class='ocr_carea' id='block_1_12' title="bbox 544 1239 2133 1309">
    <p class='ocr_par' dir='ltr' id='par_1_12' title="bbox 544 1239 2133 1309">
     <span class='ocr_line' id='line_1_12' title="bbox 544 1239 2133 1309; baseline -0.011 -6"><span class='ocrx_word' id='word_1_80' title='bbox 544 1248 763 1309; x_wconf 87' lang='lat' dir='ltr'><strong>deditis,</strong></span> <span class='ocrx_word' id='word_1_81' title='bbox 794 1246 909 1298; x_wconf 85' lang='lat' dir='ltr'><strong>ait;</strong></span> <span class='ocrx_word' id='word_1_82' title='bbox 950 1262 966 1293; x_wconf 80' lang='grc' dir='ltr'><strong>ι</strong></span> <span class='ocrx_word' id='word_1_83' title='bbox 1010 1242 1080 1298; x_wconf 89' lang='lat' dir='ltr'><strong>Ut</strong></span> <span class='ocrx_word' id='word_1_84' title='bbox 1127 1256 1321 1295; x_wconf 87' lang='lat' dir='ltr'><strong>carnes</strong></span> <span class='ocrx_word' id='word_1_85' title='bbox 1359 1239 1660 1299; x_wconf 85' lang='lat' dir='ltr'><strong>asinorum,</strong></span> <span class='ocrx_word' id='word_1_86' title='bbox 1710 1250 1905 1290; x_wconf 88' lang='lat' dir='ltr'><strong>carnes</strong></span> <span class='ocrx_word' id='word_1_87' title='bbox 1943 1248 2133 1288; x_wconf 89' lang='lat' dir='ltr'><strong>eorum</strong></span> 
     </span>
    </p>
   </div>
   <div class='ocr_carea' id='block_1_13' title="bbox 545 1325 2132 1408">
    <p class='ocr_par' dir='ltr' id='par_1_13' title="bbox 545 1325 2132 1408">
     <span class='ocr_line' id='line_1_13' title="bbox 545 1325 2132 1408; baseline -0.008 -16"><span class='ocrx_word' id='word_1_88' title='bbox 545 1339 762 1408; x_wconf 66' lang='lat' dir='ltr'><strong>(Each.</strong></span> <span class='ocrx_word' id='word_1_89' title='bbox 802 1334 983 1405; x_wconf 85' lang='lat' dir='ltr'><strong>xxnr).</strong></span> <span class='ocrx_word' id='word_1_90' title='bbox 1031 1354 1049 1385; x_wconf 78' lang='grc' dir='ltr'><strong>ι</strong></span> <span class='ocrx_word' id='word_1_91' title='bbox 1088 1333 1242 1401; x_wconf 83' lang='lat' dir='ltr'><strong>Quod</strong></span> <span class='ocrx_word' id='word_1_92' title='bbox 1289 1340 1469 1385; x_wconf 84' lang='lat' dir='ltr'><strong>autem</strong></span> <span class='ocrx_word' id='word_1_93' title='bbox 1519 1344 1617 1398; x_wconf 88' lang='lat' dir='ltr'><strong>per</strong></span> <span class='ocrx_word' id='word_1_94' title='bbox 1646 1336 1842 1381; x_wconf 67' lang='lat' dir='ltr'><strong>cetera</strong></span> <span class='ocrx_word' id='word_1_95' title='bbox 1890 1325 2132 1380; x_wconf 89' lang='lat' dir='ltr'><strong>membra</strong></span> 
     </span>
    </p>
   </div>
   <div class='ocr_carea' id='block_1_14' title="bbox 545 1413 2134 1494">
    <p class='ocr_par' dir='ltr' id='par_1_14' title="bbox 545 1413 2134 1494">
     <span class='ocr_line' id='line_1_14' title="bbox 545 1413 2134 1494; baseline -0.011 -11"><span class='ocrx_word' id='word_1_96' title='bbox 545 1430 656 1483; x_wconf 83' lang='lat' dir='ltr'><strong>ursi</strong></span> <span class='ocrx_word' id='word_1_97' title='bbox 683 1429 898 1482; x_wconf 90' lang='lat' dir='ltr'><strong>tenebat</strong></span> <span class='ocrx_word' id='word_1_98' title='bbox 930 1426 1187 1494; x_wconf 76' lang='lat' dir='ltr'><strong>speciem,</strong></span> <span class='ocrx_word' id='word_1_99' title='bbox 1220 1423 1385 1476; x_wconf 88' lang='lat' dir='ltr'><strong>vitam</strong></span> <span class='ocrx_word' id='word_1_100' title='bbox 1416 1421 1470 1473; x_wconf 88' lang='lat' dir='ltr'><strong>in</strong></span> <span class='ocrx_word' id='word_1_101' title='bbox 1494 1418 1748 1473; x_wconf 89' lang='lat' dir='ltr'><strong>omnibus</strong></span> <span class='ocrx_word' id='word_1_102' title='bbox 1772 1417 2002 1471; x_wconf 89' lang='lat' dir='ltr'><strong>docetur</strong></span> <span class='ocrx_word' id='word_1_103' title='bbox 2036 1413 2134 1467; x_wconf 92' lang='lat' dir='ltr'><strong>du-</strong></span> 
     </span>
    </p>
   </div>
   <div class='ocr_carea' id='block_1_15' title="bbox 549 1505 2131 1578">
    <p class='ocr_par' dir='ltr' id='par_1_15' title="bbox 549 1505 2131 1578">
     <span class='ocr_line' id='line_1_15' title="bbox 549 1505 2131 1578; baseline -0.01 -6"><span class='ocrx_word' id='word_1_104' title='bbox 549 1519 690 1572; x_wconf 76' lang='lat' dir='ltr'><strong>xisse</strong></span> <span class='ocrx_word' id='word_1_105' title='bbox 723 1516 1012 1571; x_wconf 89' lang='lat' dir='ltr'><strong>carnalem.</strong></span> <span class='ocrx_word' id='word_1_106' title='bbox 1048 1512 1205 1576; x_wconf 82' lang='lat' dir='ltr'><strong>Nam,</strong></span> <span class='ocrx_word' id='word_1_107' title='bbox 1230 1512 1372 1565; x_wconf 90' lang='lat' dir='ltr'><strong>sicut</strong></span> <span class='ocrx_word' id='word_1_108' title='bbox 1399 1526 1427 1561; x_wconf 91' lang='lat' dir='ltr'><strong>a</strong></span> <span class='ocrx_word' id='word_1_109' title='bbox 1453 1507 1691 1578; x_wconf 85' lang='lat' dir='ltr'><strong>physicis</strong></span> <span class='ocrx_word' id='word_1_110' title='bbox 1733 1505 1981 1568; x_wconf 90' lang='lat' dir='ltr'><strong>traditur,</strong></span> <span class='ocrx_word' id='word_1_111' title='bbox 2008 1517 2131 1557; x_wconf 90' lang='lat' dir='ltr'><strong>ursa</strong></span> 
     </span>
    </p>
   </div>
   <div class='ocr_carea' id='block_1_16' title="bbox 545 1596 2132 1677">
    <p class='ocr_par' dir='ltr' id='par_1_16' title="bbox 545 1596 2132 1677">
     <span class='ocr_line' id='line_1_16' title="bbox 545 1596 2132 1677; baseline -0.008 -15"><span class='ocrx_word' id='word_1_112' title='bbox 545 1623 669 1662; x_wconf 91' lang='lat' dir='ltr'><strong>cum</strong></span> <span class='ocrx_word' id='word_1_113' title='bbox 700 1609 860 1677; x_wconf 86' lang='lat' dir='ltr'><strong>parit,</strong></span> <span class='ocrx_word' id='word_1_114' title='bbox 920 1621 1026 1659; x_wconf 92' lang='lat' dir='ltr'><strong>non</strong></span> <span class='ocrx_word' id='word_1_115' title='bbox 1074 1603 1337 1667; x_wconf 87' lang='lat' dir='ltr'><strong>catulum,</strong></span> <span class='ocrx_word' id='word_1_116' title='bbox 1366 1602 1518 1670; x_wconf 82' lang='lat' dir='ltr'><strong>juxta</strong></span> <span class='ocrx_word' id='word_1_117' title='bbox 1552 1598 1998 1653; x_wconf 90' lang='lat' dir='ltr'><strong>consuetudinem</strong></span> <span class='ocrx_word' id='word_1_118' title='bbox 2037 1596 2132 1650; x_wconf 88' lang='lat' dir='ltr'><strong>be-</strong></span> 
     </span>
    </p>
   </div>
   <div class='ocr_carea' id='block_1_17' title="bbox 543 1687 2136 1763">
    <p class='ocr_par' dir='ltr' id='par_1_17' title="bbox 543 1687 2136 1763">
     <span class='ocr_line' id='line_1_17' title="bbox 543 1687 2136 1763; baseline -0.009 -8"><span class='ocrx_word' id='word_1_119' title='bbox 543 1702 806 1763; x_wconf 82' lang='lat' dir='ltr'><strong>stiarum,</strong></span> <span class='ocrx_word' id='word_1_120' title='bbox 849 1699 942 1752; x_wconf 86' lang='lat' dir='ltr'><strong>sed</strong></span> <span class='ocrx_word' id='word_1_121' title='bbox 998 1697 1231 1750; x_wconf 89' lang='lat' dir='ltr'><strong>frustum</strong></span> <span class='ocrx_word' id='word_1_122' title='bbox 1281 1694 1462 1747; x_wconf 89' lang='lat' dir='ltr'><strong>carnis</strong></span> <span class='ocrx_word' id='word_1_123' title='bbox 1500 1689 1725 1745; x_wconf 77' lang='lat' dir='ltr'><strong>effundit</strong></span> <span class='ocrx_word' id='word_1_124' title='bbox 1758 1708 1771 1743; x_wconf 73' lang='grc' dir='ltr'>ε</span> <span class='ocrx_word' id='word_1_125' title='bbox 1810 1705 1932 1743; x_wconf 81' lang='lat' dir='ltr'><strong>mox</strong></span> <span class='ocrx_word' id='word_1_126' title='bbox 1994 1687 2136 1756; x_wconf 90' lang='lat' dir='ltr'><strong>quod</strong></span> 
     </span>
    </p>
   </div>
   <div class='ocr_carea' id='block_1_18' title="bbox 544 1772 2133 1865">
    <p class='ocr_par' dir='ltr' id='par_1_18' title="bbox 544 1772 2133 1865">
     <span class='ocr_line' id='line_1_18' title="bbox 544 1772 2133 1865; baseline -0.005 -21"><span class='ocrx_word' id='word_1_127' title='bbox 544 1772 919 1865; x_wconf 35' lang='lat' dir='ltr'><strong>eﬂ&#39;usum‘est,</strong></span> <span class='ocrx_word' id='word_1_128' title='bbox 944 1789 1185 1843; x_wconf 82' lang='lat' dir='ltr'><strong>crebrius</strong></span> <span class='ocrx_word' id='word_1_129' title='bbox 1232 1786 1487 1855; x_wconf 78' lang='lat' dir='ltr'><strong>fingendo</strong></span> <span class='ocrx_word' id='word_1_130' title='bbox 1522 1793 1581 1839; x_wconf 91' lang='lat' dir='ltr'><strong>et</strong></span> <span class='ocrx_word' id='word_1_131' title='bbox 1608 1784 1893 1837; x_wconf 86' lang='lat' dir='ltr'><strong>lambendo</strong></span> <span class='ocrx_word' id='word_1_132' title='bbox 1911 1797 2133 1850; x_wconf 87' lang='lat' dir='ltr'><strong>compo-</strong></span> 
     </span>
    </p>
   </div>
   <div class='ocr_carea' id='block_1_19' title="bbox 2226 590 3825 664">
    <p class='ocr_par' dir='ltr' id='par_1_19' title="bbox 2226 590 3825 664">
     <span class='ocr_line' id='line_1_19' title="bbox 2226 590 3825 664; baseline -0.004 -13"><span class='ocrx_word' id='word_1_133' title='bbox 2226 608 2310 651; x_wconf 92' lang='lat' dir='ltr'><strong>ter</strong></span> <span class='ocrx_word' id='word_1_134' title='bbox 2336 598 2707 664; x_wconf 74' lang='lat' dir='ltr'><strong>hortarentur,</strong></span> <span class='ocrx_word' id='word_1_135' title='bbox 2738 593 2829 647; x_wconf 88' lang='lat' dir='ltr'><strong>ille</strong></span> <span class='ocrx_word' id='word_1_136' title='bbox 2868 591 3368 646; x_wconf 87' lang='lat' dir='ltr'><strong>anathematizabat</strong></span> <span class='ocrx_word' id='word_1_137' title='bbox 3396 600 3450 647; x_wconf 91' lang='lat' dir='ltr'><strong>et</strong></span> <span class='ocrx_word' id='word_1_138' title='bbox 3480 590 3825 661; x_wconf 82' lang='lat' dir='ltr'><strong>blasphema-</strong></span> 
     </span>
    </p>
   </div>
   <div class='ocr_carea' id='block_1_20' title="bbox 2227 681 3827 751">
    <p class='ocr_par' dir='ltr' id='par_1_20' title="bbox 2227 681 3827 751">
     <span class='ocr_line' id='line_1_20' title="bbox 2227 681 3827 751; baseline -0.004 -10"><span class='ocrx_word' id='word_1_139' title='bbox 2227 687 2321 741; x_wconf 89' lang='lat' dir='ltr'><strong>bat</strong></span> <span class='ocrx_word' id='word_1_140' title='bbox 2364 703 2376 737; x_wconf 88' lang='lat'><strong>:</strong></span> <span class='ocrx_word' id='word_1_141' title='bbox 2430 694 2483 738; x_wconf 90' lang='lat' dir='ltr'><strong>et</strong></span> <span class='ocrx_word' id='word_1_142' title='bbox 2529 701 2634 738; x_wconf 91' lang='lat' dir='ltr'><strong>non</strong></span> <span class='ocrx_word' id='word_1_143' title='bbox 2678 684 2849 737; x_wconf 88' lang='lat' dir='ltr'><strong>solum</strong></span> <span class='ocrx_word' id='word_1_144' title='bbox 2889 681 3222 751; x_wconf 66' lang='lat' dir='ltr'><strong>pmnitentiae</strong></span> <span class='ocrx_word' id='word_1_145' title='bbox 3267 681 3589 745; x_wconf 88' lang='lat' dir='ltr'><strong>remedium,</strong></span> <span class='ocrx_word' id='word_1_146' title='bbox 3631 681 3725 735; x_wconf 89' lang='lat' dir='ltr'><strong>sed</strong></span> <span class='ocrx_word' id='word_1_147' title='bbox 3770 690 3827 736; x_wconf 86' lang='lat' dir='ltr'><strong>et</strong></span> 
     </span>
    </p>
   </div>
   <div class='ocr_carea' id='block_1_21' title="bbox 2228 771 3825 843">
    <p class='ocr_par' dir='ltr' id='par_1_21' title="bbox 2228 771 3825 843">
     <span class='ocr_line' id='line_1_21' title="bbox 2228 771 3825 843; baseline -0.003 -12"><span class='ocrx_word' id='word_1_148' title='bbox 2228 777 2409 831; x_wconf 90' lang='lat' dir='ltr'><strong>omnia</strong></span> <span class='ocrx_word' id='word_1_149' title='bbox 2463 774 2851 843; x_wconf 80' lang='lat' dir='ltr'><strong>redemptionis</strong></span> <span class='ocrx_word' id='word_1_150' title='bbox 2907 781 3107 827; x_wconf 61' lang='lat' dir='ltr'><strong>nostra:</strong></span> <span class='ocrx_word' id='word_1_151' title='bbox 3172 771 3434 843; x_wconf 80' lang='lat' dir='ltr'><strong>mysteria</strong></span> <span class='ocrx_word' id='word_1_152' title='bbox 3492 787 3589 828; x_wconf 89' lang='lat' dir='ltr'><strong>ore</strong></span> <span class='ocrx_word' id='word_1_153' title='bbox 3632 771 3825 826; x_wconf 90' lang='lat' dir='ltr'><strong>rabido</strong></span> 
     </span>
    </p>
   </div>
   <div class='ocr_carea' id='block_1_22' title="bbox 2231 863 3826 938">
    <p class='ocr_par' dir='ltr' id='par_1_22' title="bbox 2231 863 3826 938">
     <span class='ocr_line' id='line_1_22' title="bbox 2231 863 3826 938; baseline -0.001 -17"><span class='ocrx_word' id='word_1_154' title='bbox 2231 878 2394 937; x_wconf 89' lang='lat' dir='ltr'><strong>atque</strong></span> <span class='ocrx_word' id='word_1_155' title='bbox 2433 866 2601 938; x_wconf 68' lang='lat'><strong>423</strong></span> <span class='ocrx_word' id='word_1_156' title='bbox 2628 865 2893 936; x_wconf 81' lang='lat' dir='ltr'><strong>sacrilego</strong></span> <span class='ocrx_word' id='word_1_157' title='bbox 2939 863 3359 920; x_wconf 85' lang='lat' dir='ltr'><strong>condemnabat.</strong></span> <span class='ocrx_word' id='word_1_158' title='bbox 3408 863 3652 919; x_wconf 77' lang='lat' dir='ltr'><strong>Monachi</strong></span> <span class='ocrx_word' id='word_1_159' title='bbox 3693 878 3826 919; x_wconf 83' lang='lat' dir='ltr'><strong>vero</strong></span> 
     </span>
    </p>
   </div>
   <div class='ocr_carea' id='block_1_23' title="bbox 2229 957 3827 1031">
    <p class='ocr_par' dir='ltr' id='par_1_23' title="bbox 2229 957 3827 1031">
     <span class='ocr_line' id='line_1_23' title="bbox 2229 957 3827 1031; baseline -0.005 -14"><span class='ocrx_word' id='word_1_160' title='bbox 2229 964 2297 1017; x_wconf 88' lang='lat' dir='ltr'><strong>ad</strong></span> <span class='ocrx_word' id='word_1_161' title='bbox 2320 978 2533 1031; x_wconf 88' lang='lat' dir='ltr'><strong>semper</strong></span> <span class='ocrx_word' id='word_1_162' title='bbox 2565 961 2805 1016; x_wconf 77' lang='lat' dir='ltr'><strong>victricia</strong></span> <span class='ocrx_word' id='word_1_163' title='bbox 2832 959 3098 1014; x_wconf 90' lang='lat' dir='ltr'><strong>orationis</strong></span> <span class='ocrx_word' id='word_1_164' title='bbox 3130 973 3279 1013; x_wconf 85' lang='lat' dir='ltr'><strong>arma</strong></span> <span class='ocrx_word' id='word_1_165' title='bbox 3313 959 3402 1027; x_wconf 89' lang='lat' dir='ltr'><strong>pio</strong></span> <span class='ocrx_word' id='word_1_166' title='bbox 3430 957 3611 1013; x_wconf 88' lang='lat' dir='ltr'><strong>studio</strong></span> <span class='ocrx_word' id='word_1_167' title='bbox 3638 971 3827 1011; x_wconf 88' lang='lat' dir='ltr'><strong>recur-</strong></span> 
     </span>
    </p>
   </div>
   <div class='ocr_carea' id='block_1_24' title="bbox 2233 1051 3829 1123">
    <p class='ocr_par' dir='ltr' id='par_1_24' title="bbox 2233 1051 3829 1123">
     <span class='ocr_line' id='line_1_24' title="bbox 2233 1051 3829 1123; baseline -0.003 -14"><span class='ocrx_word' id='word_1_168' title='bbox 2233 1066 2436 1117; x_wconf 89' lang='lat' dir='ltr'><strong>rentes,</strong></span> <span class='ocrx_word' id='word_1_169' title='bbox 2461 1062 2764 1123; x_wconf 65' lang='lat' dir='ltr'><strong>coeperunt,</strong></span> <span class='ocrx_word' id='word_1_170' title='bbox 2801 1052 3032 1121; x_wconf 73' lang='lat' dir='ltr'><strong>objectis</strong></span> <span class='ocrx_word' id='word_1_171' title='bbox 3068 1051 3422 1115; x_wconf 79' lang='lat' dir='ltr'><strong>indumentis,</strong></span> <span class='ocrx_word' id='word_1_172' title='bbox 3474 1065 3702 1119; x_wconf 68' lang='lat' dir='ltr'><strong>corpora</strong></span> <span class='ocrx_word' id='word_1_173' title='bbox 3728 1064 3829 1105; x_wconf 82' lang='lat' dir='ltr'><strong>sua</strong></span> 
     </span>
    </p>
   </div>
   <div class='ocr_carea' id='block_1_25' title="bbox 2232 1140 3830 1215">
    <p class='ocr_par' dir='ltr' id='par_1_25' title="bbox 2232 1140 3830 1215">
     <span class='ocr_line' id='line_1_25' title="bbox 2232 1140 3830 1215; baseline -0.002 -17"><span class='ocrx_word' id='word_1_174' title='bbox 2232 1145 2410 1215; x_wconf 85' lang='lat' dir='ltr'><strong>scopis</strong></span> <span class='ocrx_word' id='word_1_175' title='bbox 2450 1144 2694 1207; x_wconf 84' lang='lat' dir='ltr'><strong>allidere.</strong></span> <span class='ocrx_word' id='word_1_176' title='bbox 2739 1144 2933 1212; x_wconf 80' lang='lat' dir='ltr'><strong>pugnis</strong></span> <span class='ocrx_word' id='word_1_177' title='bbox 2966 1151 3189 1211; x_wconf 87' lang='lat' dir='ltr'><strong>pectora</strong></span> <span class='ocrx_word' id='word_1_178' title='bbox 3224 1142 3472 1208; x_wconf 90' lang='lat' dir='ltr'><strong>tundere,</strong></span> <span class='ocrx_word' id='word_1_179' title='bbox 3513 1140 3830 1211; x_wconf 63' lang='lat' dir='ltr'><strong>psalmodia</strong></span> 
     </span>
    </p>
   </div>
   <div class='ocr_carea' id='block_1_26' title="bbox 2232 1230 3830 1303">
    <p class='ocr_par' dir='ltr' id='par_1_26' title="bbox 2232 1230 3830 1303">
     <span class='ocr_line' id='line_1_26' title="bbox 2232 1230 3830 1303; baseline -0.002 -17"><span class='ocrx_word' id='word_1_180' title='bbox 2232 1245 2395 1303; x_wconf 84' lang='lat' dir='ltr'><strong>atque</strong></span> <span class='ocrx_word' id='word_1_181' title='bbox 2425 1248 2691 1298; x_wconf 80' lang='lat' dir='ltr'><strong>ominum,</strong></span> <span class='ocrx_word' id='word_1_182' title='bbox 2737 1233 2933 1302; x_wconf 83' lang='lat' dir='ltr'><strong>quibus</strong></span> <span class='ocrx_word' id='word_1_183' title='bbox 2968 1232 3241 1297; x_wconf 87' lang='lat' dir='ltr'><strong>valebant,</strong></span> <span class='ocrx_word' id='word_1_184' title='bbox 3287 1246 3509 1302; x_wconf 89' lang='lat' dir='ltr'><strong>precum</strong></span> <span class='ocrx_word' id='word_1_185' title='bbox 3540 1230 3830 1301; x_wconf 74' lang='lat' dir='ltr'><strong>generibus</strong></span> 
     </span>
    </p>
   </div>
   <div class='ocr_carea' id='block_1_27' title="bbox 2234 1320 3830 1392">
    <p class='ocr_par' dir='ltr' id='par_1_27' title="bbox 2234 1320 3830 1392">
     <span class='ocr_line' id='line_1_27' title="bbox 2234 1320 3830 1392; baseline -0.005 -13"><span class='ocrx_word' id='word_1_186' title='bbox 2234 1325 2507 1379; x_wconf 83' lang='lat' dir='ltr'><strong>insudare.</strong></span> <span class='ocrx_word' id='word_1_187' title='bbox 2550 1323 2775 1379; x_wconf 86' lang='lat' dir='ltr'><strong>Cunctis</strong></span> <span class='ocrx_word' id='word_1_188' title='bbox 2798 1324 2982 1392; x_wconf 87' lang='lat' dir='ltr'><strong>itaque</strong></span> <span class='ocrx_word' id='word_1_189' title='bbox 3006 1322 3273 1378; x_wconf 72' lang='lat' dir='ltr'><strong>fratribus</strong></span> <span class='ocrx_word' id='word_1_190' title='bbox 3323 1322 3377 1375; x_wconf 93' lang='lat' dir='ltr'><strong>in</strong></span> <span class='ocrx_word' id='word_1_191' title='bbox 3409 1320 3671 1376; x_wconf 78' lang='lat' dir='ltr'><strong>luctuosis</strong></span> <span class='ocrx_word' id='word_1_192' title='bbox 3701 1334 3830 1374; x_wconf 89' lang='lat' dir='ltr'><strong>ora-</strong></span> 
     </span>
    </p>
   </div>
   <div class='ocr_carea' id='block_1_28' title="bbox 2237 1412 3832 1485">
    <p class='ocr_par' dir='ltr' id='par_1_28' title="bbox 2237 1412 3832 1485">
     <span class='ocr_line' id='line_1_28' title="bbox 2237 1412 3832 1485; baseline -0.003 -16"><span class='ocrx_word' id='word_1_193' title='bbox 2237 1416 2473 1469; x_wconf 80' lang='lat' dir='ltr'><strong>tionibus</strong></span> <span class='ocrx_word' id='word_1_194' title='bbox 2504 1425 2558 1469; x_wconf 85' lang='lat' dir='ltr'><strong>et</strong></span> <span class='ocrx_word' id='word_1_195' title='bbox 2575 1415 2781 1485; x_wconf 70' lang='lat' dir='ltr'><strong>jejunio</strong></span> <span class='ocrx_word' id='word_1_196' title='bbox 2810 1415 3137 1476; x_wconf 87' lang='lat' dir='ltr'><strong>constitutis,</strong></span> <span class='ocrx_word' id='word_1_197' title='bbox 3178 1429 3242 1467; x_wconf 91' lang='lat' dir='ltr'><strong>ac</strong></span> <span class='ocrx_word' id='word_1_198' title='bbox 3266 1412 3367 1468; x_wconf 90' lang='lat' dir='ltr'><strong>sub</strong></span> <span class='ocrx_word' id='word_1_199' title='bbox 3395 1412 3589 1467; x_wconf 77' lang='lat' dir='ltr'><strong>divina:</strong></span> <span class='ocrx_word' id='word_1_200' title='bbox 3612 1412 3832 1481; x_wconf 78' lang='lat' dir='ltr'><strong>pietatis</strong></span> 
     </span>
    </p>
   </div>
   <div class='ocr_carea' id='block_1_29' title="bbox 2234 1502 3834 1576">
    <p class='ocr_par' dir='ltr' id='par_1_29' title="bbox 2234 1502 3834 1576">
     <span class='ocr_line' id='line_1_29' title="bbox 2234 1502 3834 1576; baseline -0.003 -15"><span class='ocrx_word' id='word_1_201' title='bbox 2234 1507 2643 1576; x_wconf 79' lang='lat' dir='ltr'><strong>exspectatione</strong></span> <span class='ocrx_word' id='word_1_202' title='bbox 2706 1506 3005 1575; x_wconf 85' lang='lat' dir='ltr'><strong>suspensis,</strong></span> <span class='ocrx_word' id='word_1_203' title='bbox 3059 1505 3277 1559; x_wconf 79' lang='lat' dir='ltr'><strong>tandem</strong></span> <span class='ocrx_word' id='word_1_204' title='bbox 3318 1514 3569 1575; x_wconf 79' lang='lat' dir='ltr'><strong>superna:</strong></span> <span class='ocrx_word' id='word_1_205' title='bbox 3608 1502 3834 1557; x_wconf 74' lang='lat' dir='ltr'><strong>virtutis</strong></span> 
     </span>
    </p>
   </div>
   <div class='ocr_carea' id='block_1_30' title="bbox 2235 1592 3837 1666">
    <p class='ocr_par' dir='ltr' id='par_1_30' title="bbox 2235 1592 3837 1666">
     <span class='ocr_line' id='line_1_30' title="bbox 2235 1592 3837 1666; baseline -0.002 -16"><span class='ocrx_word' id='word_1_206' title='bbox 2235 1598 2492 1666; x_wconf 82' lang='lat' dir='ltr'><strong>splendor</strong></span> <span class='ocrx_word' id='word_1_207' title='bbox 2533 1596 2775 1651; x_wconf 85' lang='lat' dir='ltr'><strong>emicuit.</strong></span> <span class='ocrx_word' id='word_1_208' title='bbox 2809 1597 2949 1651; x_wconf 88' lang='lat' dir='ltr'><strong>Ecce</strong></span> <span class='ocrx_word' id='word_1_209' title='bbox 2988 1596 3133 1650; x_wconf 88' lang='lat' dir='ltr'><strong>enim</strong></span> <span class='ocrx_word' id='word_1_210' title='bbox 3162 1594 3480 1663; x_wconf 77' lang='lat' dir='ltr'><strong>desperatus</strong></span> <span class='ocrx_word' id='word_1_211' title='bbox 3510 1592 3621 1657; x_wconf 88' lang='lat' dir='ltr'><strong>ille,</strong></span> <span class='ocrx_word' id='word_1_212' title='bbox 3647 1601 3705 1646; x_wconf 92' lang='lat' dir='ltr'><strong>et</strong></span> <span class='ocrx_word' id='word_1_213' title='bbox 3738 1607 3837 1646; x_wconf 81' lang='lat' dir='ltr'><strong>vo-</strong></span> 
     </span>
    </p>
   </div>
   <div class='ocr_carea' id='block_1_31' title="bbox 2236 1682 3835 1755">
    <p class='ocr_par' dir='ltr' id='par_1_31' title="bbox 2236 1682 3835 1755">
     <span class='ocr_line' id='line_1_31' title="bbox 2236 1682 3835 1755; baseline -0.002 -17"><span class='ocrx_word' id='word_1_214' title='bbox 2236 1687 2426 1755; x_wconf 83' lang='lat' dir='ltr'><strong>ragine</strong></span> <span class='ocrx_word' id='word_1_215' title='bbox 2463 1687 2629 1741; x_wconf 88' lang='lat' dir='ltr'><strong>maris</strong></span> <span class='ocrx_word' id='word_1_216' title='bbox 2658 1686 2857 1740; x_wconf 89' lang='lat' dir='ltr'><strong>hiantis</strong></span> <span class='ocrx_word' id='word_1_217' title='bbox 2898 1687 3204 1754; x_wconf 87' lang='lat' dir='ltr'><strong>absorptus,</strong></span> <span class='ocrx_word' id='word_1_218' title='bbox 3252 1683 3317 1737; x_wconf 87' lang='lat' dir='ltr'><strong>ad</strong></span> <span class='ocrx_word' id='word_1_219' title='bbox 3357 1682 3698 1753; x_wconf 81' lang='lat' dir='ltr'><strong>superficiem</strong></span> <span class='ocrx_word' id='word_1_220' title='bbox 3746 1694 3835 1735; x_wconf 56' lang='lat' dir='ltr'><strong>re.</strong></span> 
     </span>
    </p>
   </div>
   <div class='ocr_carea' id='block_1_32' title="bbox 2236 1769 3830 1846">
    <p class='ocr_par' dir='ltr' id='par_1_32' title="bbox 2236 1769 3830 1846">
     <span class='ocr_line' id='line_1_32' title="bbox 2236 1769 3830 1846; baseline -0.004 -16"><span class='ocrx_word' id='word_1_221' title='bbox 2236 1776 2375 1830; x_wconf 85' lang='lat' dir='ltr'><strong>diit:</strong></span> <span class='ocrx_word' id='word_1_222' title='bbox 2417 1776 2508 1830; x_wconf 88' lang='lat' dir='ltr'><strong>Dei</strong></span> <span class='ocrx_word' id='word_1_223' title='bbox 2534 1776 2734 1846; x_wconf 82' lang='lat' dir='ltr'><strong>quippe</strong></span> <span class='ocrx_word' id='word_1_224' title='bbox 2776 1774 3075 1830; x_wconf 81' lang='lat' dir='ltr'><strong>Salvatoris</strong></span> <span class='ocrx_word' id='word_1_225' title='bbox 3124 1772 3573 1841; x_wconf 82' lang='lat' dir='ltr'><strong>onmipotentiam</strong></span> <span class='ocrx_word' id='word_1_226' title='bbox 3613 1769 3830 1837; x_wconf 79' lang='lat' dir='ltr'><strong>laudat,</strong></span> 
     </span>
    </p>
   </div>
   <div class='ocr_carea' id='block_1_33' title="bbox 546 1859 3827 1946">
    <p class='ocr_par' dir='ltr' id='par_1_33' title="bbox 546 1859 3827 1946">
     <span class='ocr_line' id='line_1_33' title="bbox 546 1859 3827 1946; baseline -0.005 -14"><span class='ocrx_word' id='word_1_227' title='bbox 546 1880 644 1942; x_wconf 90' lang='lat' dir='ltr'><strong>nit,</strong></span> <span class='ocrx_word' id='word_1_228' title='bbox 688 1859 874 1946; x_wconf 80' lang='lat' dir='ltr'><strong>sicque</strong></span> <span class='ocrx_word' id='word_1_229' title='bbox 918 1877 984 1929; x_wconf 90' lang='lat' dir='ltr'><strong>ad</strong></span> <span class='ocrx_word' id='word_1_230' title='bbox 1026 1876 1108 1929; x_wconf 92' lang='lat' dir='ltr'><strong>sui</strong></span> <span class='ocrx_word' id='word_1_231' title='bbox 1169 1874 1573 1929; x_wconf 86' lang='lat' dir='ltr'><strong>similitudinem</strong></span> <span class='ocrx_word' id='word_1_232' title='bbox 1617 1872 1799 1941; x_wconf 78' lang='lat' dir='ltr'><strong>lingua</strong></span> <span class='ocrx_word' id='word_1_233' title='bbox 1842 1872 2131 1934; x_wconf 85' lang='lat' dir='ltr'><strong>formante,</strong></span> <span class='ocrx_word' id='word_1_234' title='bbox 2166 1859 2209 1917; x_wconf 82' lang='grc' dir='ltr'><strong>Β</strong></span> <span class='ocrx_word' id='word_1_235' title='bbox 2239 1868 2585 1935; x_wconf 87' lang='lat' dir='ltr'><strong>nequissimis</strong></span> <span class='ocrx_word' id='word_1_236' title='bbox 2666 1866 2880 1921; x_wconf 64' lang='lat' dir='ltr'><strong>Satanae</strong></span> <span class='ocrx_word' id='word_1_237' title='bbox 2950 1862 3414 1920; x_wconf 85' lang='lat' dir='ltr'><strong>ludificationibus</strong></span> <span class='ocrx_word' id='word_1_238' title='bbox 3456 1860 3827 1927; x_wconf 87' lang='lat' dir='ltr'><strong>abrenuntiat,</strong></span> 
     </span>
    </p>
   </div>
   <div class='ocr_carea' id='block_1_34' title="bbox 545 1964 2133 2041">
    <p class='ocr_par' dir='ltr' id='par_1_34' title="bbox 545 1964 2133 2041">
     <span class='ocr_line' id='line_1_34' title="bbox 545 1964 2133 2041; baseline -0.005 -16"><span class='ocrx_word' id='word_1_239' title='bbox 545 1970 797 2041; x_wconf 84' lang='lat' dir='ltr'><strong>producit</strong></span> <span class='ocrx_word' id='word_1_240' title='bbox 858 1968 1028 2039; x_wconf 72' lang='lat' dir='ltr'><strong>(Pun.</strong></span> <span class='ocrx_word' id='word_1_241' title='bbox 1065 1968 1159 2023; x_wconf 92' lang='lat' dir='ltr'><strong>lib.</strong></span> <span class='ocrx_word' id='word_1_242' title='bbox 1208 1984 1327 2029; x_wconf 81' lang='lat' dir='ltr'><strong>vni,</strong></span> <span class='ocrx_word' id='word_1_243' title='bbox 1381 1982 1497 2035; x_wconf 88' lang='lat' dir='ltr'><strong>cap.</strong></span> <span class='ocrx_word' id='word_1_244' title='bbox 1532 1965 1643 2034; x_wconf 82' lang='lat'><strong>56).</strong></span> <span class='ocrx_word' id='word_1_245' title='bbox 1672 1964 1802 2019; x_wconf 81' lang='lat' dir='ltr'><strong>Jure</strong></span> <span class='ocrx_word' id='word_1_246' title='bbox 1848 1964 2011 2034; x_wconf 81' lang='lat' dir='ltr'><strong>igitur</strong></span> <span class='ocrx_word' id='word_1_247' title='bbox 2040 1964 2133 2033; x_wconf 91' lang='lat' dir='ltr'><strong>qui</strong></span> 
     </span>
    </p>
   </div>
   <div class='ocr_carea' id='block_1_35' title="bbox 546 2053 2136 2122">
    <p class='ocr_par' dir='ltr' id='par_1_35' title="bbox 546 2053 2136 2122">
     <span class='ocr_line' id='line_1_35' title="bbox 546 2053 2136 2122; baseline -0.003 -12"><span class='ocrx_word' id='word_1_248' title='bbox 546 2058 845 2122; x_wconf 73' lang='lat' dir='ltr'><strong>luxuriose,</strong></span> <span class='ocrx_word' id='word_1_249' title='bbox 877 2066 933 2110; x_wconf 87' lang='lat' dir='ltr'><strong>et</strong></span> <span class='ocrx_word' id='word_1_250' title='bbox 976 2056 1271 2111; x_wconf 86' lang='lat' dir='ltr'><strong>carnaliter</strong></span> <span class='ocrx_word' id='word_1_251' title='bbox 1297 2056 1447 2119; x_wconf 91' lang='lat' dir='ltr'><strong>vixit,</strong></span> <span class='ocrx_word' id='word_1_252' title='bbox 1492 2055 1542 2107; x_wconf 94' lang='lat' dir='ltr'><strong>in</strong></span> <span class='ocrx_word' id='word_1_253' title='bbox 1588 2055 1726 2108; x_wconf 89' lang='lat' dir='ltr'><strong>asini</strong></span> <span class='ocrx_word' id='word_1_254' title='bbox 1757 2053 1916 2108; x_wconf 84' lang='lat' dir='ltr'><strong>simul</strong></span> <span class='ocrx_word' id='word_1_255' title='bbox 1942 2064 1996 2107; x_wconf 90' lang='lat' dir='ltr'><strong>et</strong></span> <span class='ocrx_word' id='word_1_256' title='bbox 2024 2054 2136 2107; x_wconf 86' lang='lat' dir='ltr'><strong>ursi</strong></span> 
     </span>
    </p>
   </div>
   <div class='ocr_carea' id='block_1_36' title="bbox 550 2134 2139 2218">
    <p class='ocr_par' dir='ltr' id='par_1_36' title="bbox 550 2134 2139 2218">
     <span class='ocr_line' id='line_1_36' title="bbox 550 2134 2139 2218; baseline -0.003 -16"><span class='ocrx_word' id='word_1_257' title='bbox 550 2151 720 2218; x_wconf 80' lang='lat' dir='ltr'><strong>figura</strong></span> <span class='ocrx_word' id='word_1_258' title='bbox 780 2148 1105 2217; x_wconf 83' lang='lat' dir='ltr'><strong>comparuit.</strong></span> <span class='ocrx_word' id='word_1_259' title='bbox 1173 2147 1271 2202; x_wconf 90' lang='lat' dir='ltr'><strong>Cui</strong></span> <span class='ocrx_word' id='word_1_260' title='bbox 1321 2134 1575 2201; x_wconf 81' lang='lat' dir='ltr'><strong>nimirum</strong></span> <span class='ocrx_word' id='word_1_261' title='bbox 1631 2146 1751 2215; x_wconf 86' lang='lat' dir='ltr'><strong>quis</strong></span> <span class='ocrx_word' id='word_1_262' title='bbox 1802 2160 1909 2199; x_wconf 86' lang='lat' dir='ltr'><strong>non</strong></span> <span class='ocrx_word' id='word_1_263' title='bbox 1960 2142 2139 2198; x_wconf 79' lang='lat' dir='ltr'><strong>videat</strong></span> 
     </span>
    </p>
   </div>
   <div class='ocr_carea' id='block_1_37' title="bbox 544 2235 2135 2308">
    <p class='ocr_par' dir='ltr' id='par_1_37' title="bbox 544 2235 2135 2308">
     <span class='ocr_line' id='line_1_37' title="bbox 544 2235 2135 2308; baseline -0.001 -19"><span class='ocrx_word' id='word_1_264' title='bbox 544 2248 752 2308; x_wconf 91' lang='lat' dir='ltr'><strong>quanto</strong></span> <span class='ocrx_word' id='word_1_265' title='bbox 802 2238 993 2292; x_wconf 91' lang='lat' dir='ltr'><strong>melius</strong></span> <span class='ocrx_word' id='word_1_266' title='bbox 1041 2236 1241 2301; x_wconf 87' lang='lat' dir='ltr'><strong>fuerat,</strong></span> <span class='ocrx_word' id='word_1_267' title='bbox 1303 2246 1362 2289; x_wconf 90' lang='lat' dir='ltr'><strong>ut</strong></span> <span class='ocrx_word' id='word_1_268' title='bbox 1422 2237 1792 2306; x_wconf 83' lang='lat' dir='ltr'><strong>episcopatum</strong></span> <span class='ocrx_word' id='word_1_269' title='bbox 1858 2235 2135 2299; x_wconf 86' lang='lat' dir='ltr'><strong>deserens,</strong></span> 
     </span>
    </p>
   </div>
   <div class='ocr_carea' id='block_1_38' title="bbox 548 2322 2140 2397">
    <p class='ocr_par' dir='ltr' id='par_1_38' title="bbox 548 2322 2140 2397">
     <span class='ocr_line' id='line_1_38' title="bbox 548 2322 2140 2397; baseline -0.002 -17"><span class='ocrx_word' id='word_1_270' title='bbox 548 2328 923 2396; x_wconf 69' lang='lat' dir='ltr'><strong>pmnitentiam</strong></span> <span class='ocrx_word' id='word_1_271' title='bbox 953 2336 1157 2397; x_wconf 78' lang='lat' dir='ltr'><strong>ageret,</strong></span> <span class='ocrx_word' id='word_1_272' title='bbox 1190 2341 1351 2396; x_wconf 86' lang='lat' dir='ltr'><strong>quam</strong></span> <span class='ocrx_word' id='word_1_273' title='bbox 1398 2327 1451 2379; x_wconf 93' lang='lat' dir='ltr'><strong>in</strong></span> <span class='ocrx_word' id='word_1_274' title='bbox 1480 2341 1546 2379; x_wconf 90' lang='lat' dir='ltr'><strong>eo</strong></span> <span class='ocrx_word' id='word_1_275' title='bbox 1581 2340 1750 2393; x_wconf 87' lang='lat' dir='ltr'><strong>usque</strong></span> <span class='ocrx_word' id='word_1_276' title='bbox 1778 2322 1845 2377; x_wconf 90' lang='lat' dir='ltr'><strong>ad</strong></span> <span class='ocrx_word' id='word_1_277' title='bbox 1878 2324 1998 2378; x_wconf 78' lang='lat' dir='ltr'><strong>vita:</strong></span> <span class='ocrx_word' id='word_1_278' title='bbox 2031 2332 2140 2377; x_wconf 88' lang='lat' dir='ltr'><strong>ter-</strong></span> 
     </span>
    </p>
   </div>
   <div class='ocr_carea' id='block_1_39' title="bbox 548 2416 2139 2489">
    <p class='ocr_par' dir='ltr' id='par_1_39' title="bbox 548 2416 2139 2489">
     <span class='ocr_line' id='line_1_39' title="bbox 548 2416 2139 2489; baseline -0.001 -17"><span class='ocrx_word' id='word_1_279' title='bbox 548 2419 759 2474; x_wconf 80' lang='lat' dir='ltr'><strong>minum</strong></span> <span class='ocrx_word' id='word_1_280' title='bbox 812 2434 1181 2489; x_wconf 86' lang='lat' dir='ltr'><strong>perseverans,</strong></span> <span class='ocrx_word' id='word_1_281' title='bbox 1227 2433 1411 2472; x_wconf 83' lang='lat' dir='ltr'><strong>veram</strong></span> <span class='ocrx_word' id='word_1_282' title='bbox 1453 2418 1617 2471; x_wconf 89' lang='lat' dir='ltr'><strong>vitam</strong></span> <span class='ocrx_word' id='word_1_283' title='bbox 1662 2416 1905 2471; x_wconf 87' lang='lat' dir='ltr'><strong>funditus</strong></span> <span class='ocrx_word' id='word_1_284' title='bbox 1958 2416 2139 2486; x_wconf 88' lang='lat' dir='ltr'><strong>perdi-</strong></span> 
     </span>
    </p>
   </div>
   <div class='ocr_carea' id='block_1_40' title="bbox 547 2510 1989 2566">
    <p class='ocr_par' dir='ltr' id='par_1_40' title="bbox 547 2510 1989 2566">
     <span class='ocr_line' id='line_1_40' title="bbox 547 2510 1989 2566; baseline 0.003 -3"><span class='ocrx_word' id='word_1_285' title='bbox 547 2510 735 2566; x_wconf 71' lang='lat' dir='ltr'><strong>disse?</strong></span> <span class='ocrx_word' id='word_1_286' title='bbox 1986 2514 1989 2517; x_wconf 71' lang='grc'><em>’</em></span> 
     </span>
    </p>
   </div>
   <div class='ocr_carea' id='block_1_41' title="bbox 1168 2618 1522 2675">
    <p class='ocr_par' dir='ltr' id='par_1_41' title="bbox 1168 2618 1522 2675">
     <span class='ocr_line' id='line_1_41' title="bbox 1168 2618 1522 2675; baseline -0.003 -1"><span class='ocrx_word' id='word_1_287' title='bbox 1168 2618 1397 2675; x_wconf 77' lang='lat' dir='ltr'><strong>CAPUT</strong></span> <span class='ocrx_word' id='word_1_288' title='bbox 1434 2618 1522 2673; x_wconf 83' lang='lat' dir='ltr'><strong>IV.</strong></span> 
     </span>
    </p>
   </div>
   <div class='ocr_carea' id='block_1_42' title="bbox 544 2707 2141 2780">
    <p class='ocr_par' dir='ltr' id='par_1_42' title="bbox 544 2707 2141 2780">
     <span class='ocr_line' id='line_1_42' title="bbox 544 2707 2141 2780; baseline -0.001 -16"><span class='ocrx_word' id='word_1_289' title='bbox 544 2707 625 2764; x_wconf 76' lang='lat' dir='ltr'><strong>De</strong></span> <span class='ocrx_word' id='word_1_290' title='bbox 659 2709 940 2776; x_wconf 64' lang='lat' dir='ltr'><strong>monacho,</strong></span> <span class='ocrx_word' id='word_1_291' title='bbox 978 2710 1069 2780; x_wconf 82' lang='lat' dir='ltr'><strong>qui</strong></span> <span class='ocrx_word' id='word_1_292' title='bbox 1099 2710 1381 2764; x_wconf 75' lang='lat' dir='ltr'><strong>darnnatus</strong></span> <span class='ocrx_word' id='word_1_293' title='bbox 1428 2710 1482 2764; x_wconf 79' lang='lat' dir='ltr'><strong>in</strong></span> <span class='ocrx_word' id='word_1_294' title='bbox 1519 2709 1750 2779; x_wconf 76' lang='lat' dir='ltr'><strong>inferno,</strong></span> <span class='ocrx_word' id='word_1_295' title='bbox 1798 2718 1975 2779; x_wconf 78' lang='lat' dir='ltr'><strong>postea</strong></span> <span class='ocrx_word' id='word_1_296' title='bbox 2013 2709 2141 2763; x_wconf 81' lang='lat' dir='ltr'><strong>libe-</strong></span> 
     </span>
    </p>
   </div>
   <div class='ocr_carea' id='block_1_43' title="bbox 1213 2790 1474 2833">
    <p class='ocr_par' dir='ltr' id='par_1_43' title="bbox 1213 2790 1474 2833">
     <span class='ocr_line' id='line_1_43' title="bbox 1213 2790 1474 2833; baseline 0.004 -1"><span class='ocrx_word' id='word_1_297' title='bbox 1213 2791 1359 2833; x_wconf 75' lang='lat' dir='ltr'><strong>ratus</strong></span> <span class='ocrx_word' id='word_1_298' title='bbox 1378 2790 1474 2833; x_wconf 69' lang='grc' dir='ltr'><strong>εει.</strong></span> 
     </span>
    </p>
   </div>
   <div class='ocr_carea' id='block_1_44' title="bbox 618 2870 2143 2942">
    <p class='ocr_par' dir='ltr' id='par_1_44' title="bbox 618 2870 2143 2942">
     <span class='ocr_line' id='line_1_44' title="bbox 618 2870 2143 2942; baseline -0.003 -15"><span class='ocrx_word' id='word_1_299' title='bbox 618 2871 728 2928; x_wconf 85' lang='lat' dir='ltr'><strong>Sed</strong></span> <span class='ocrx_word' id='word_1_300' title='bbox 757 2872 884 2942; x_wconf 86' lang='lat' dir='ltr'><strong>quia</strong></span> <span class='ocrx_word' id='word_1_301' title='bbox 908 2871 1010 2925; x_wconf 89' lang='lat' dir='ltr'><strong>hoc</strong></span> <span class='ocrx_word' id='word_1_302' title='bbox 1031 2870 1188 2925; x_wconf 87' lang='lat' dir='ltr'><strong>triste</strong></span> <span class='ocrx_word' id='word_1_303' title='bbox 1213 2870 1568 2941; x_wconf 62' lang='lat' dir='ltr'><strong>prrtulimns,</strong></span> <span class='ocrx_word' id='word_1_304' title='bbox 1593 2870 1735 2924; x_wconf 87' lang='lat' dir='ltr'><strong>aliud</strong></span> <span class='ocrx_word' id='word_1_305' title='bbox 1757 2871 1975 2940; x_wconf 86' lang='lat' dir='ltr'><strong>pietatis</strong></span> <span class='ocrx_word' id='word_1_306' title='bbox 2006 2871 2143 2925; x_wconf 89' lang='lat' dir='ltr'><strong>divi-</strong></span> 
     </span>
    </p>
   </div>
   <div class='ocr_carea' id='block_1_45' title="bbox 547 2961 2153 3030">
    <p class='ocr_par' dir='ltr' id='par_1_45' title="bbox 547 2961 2153 3030">
     <span class='ocr_line' id='line_1_45' title="bbox 547 2961 2153 3030; baseline 0.002 -17"><span class='ocrx_word' id='word_1_307' title='bbox 547 2976 631 3016; x_wconf 73' lang='lat' dir='ltr'><strong>na:</strong></span> <span class='ocrx_word' id='word_1_308' title='bbox 680 2962 1024 3025; x_wconf 87' lang='lat' dir='ltr'><strong>miraculum,</strong></span> <span class='ocrx_word' id='word_1_309' title='bbox 1057 2962 1199 3030; x_wconf 90' lang='lat' dir='ltr'><strong>quod</strong></span> <span class='ocrx_word' id='word_1_310' title='bbox 1229 2962 1485 3015; x_wconf 90' lang='lat' dir='ltr'><strong>nimirum</strong></span> <span class='ocrx_word' id='word_1_311' title='bbox 1536 2961 1688 3016; x_wconf 67' lang='grc' dir='ltr'><strong>Ιλειοδ</strong></span> <span class='ocrx_word' id='word_1_312' title='bbox 1738 2963 1927 3017; x_wconf 88' lang='lat' dir='ltr'><strong>habuit</strong></span> <span class='ocrx_word' id='word_1_313' title='bbox 1966 2963 2153 3017; x_wconf 79' lang='lat' dir='ltr'><strong>exitus</strong></span> 
     </span>
    </p>
   </div>
   <div class='ocr_carea' id='block_1_46' title="bbox 542 3049 2140 3123">
    <p class='ocr_par' dir='ltr' id='par_1_46' title="bbox 542 3049 2140 3123">
     <span class='ocr_line' id='line_1_46' title="bbox 542 3049 2140 3123; baseline 0 -19"><span class='ocrx_word' id='word_1_314' title='bbox 542 3064 615 3104; x_wconf 74' lang='lat' dir='ltr'><strong>ex</strong></span> <span class='ocrx_word' id='word_1_315' title='bbox 670 3050 915 3120; x_wconf 80' lang='lat' dir='ltr'><strong>ejusdem</strong></span> <span class='ocrx_word' id='word_1_316' title='bbox 966 3049 1250 3123; x_wconf 78' lang='lat' dir='ltr'><strong>Humberti</strong></span> <span class='ocrx_word' id='word_1_317' title='bbox 1293 3051 1695 3105; x_wconf 87' lang='lat' dir='ltr'><strong>narrationibus</strong></span> <span class='ocrx_word' id='word_1_318' title='bbox 1740 3052 2140 3107; x_wconf 87' lang='lat' dir='ltr'><strong>subnectamns.</strong></span> 
     </span>
    </p>
   </div>
   <div class='ocr_carea' id='block_1_47' title="bbox 617 3139 2146 3211">
    <p class='ocr_par' dir='ltr' id='par_1_47' title="bbox 617 3139 2146 3211">
     <span class='ocr_line' id='line_1_47' title="bbox 617 3139 2146 3211; baseline 0.001 -18"><span class='ocrx_word' id='word_1_319' title='bbox 617 3142 674 3194; x_wconf 91' lang='lat' dir='ltr'><strong>In</strong></span> <span class='ocrx_word' id='word_1_320' title='bbox 717 3140 1072 3206; x_wconf 87' lang='lat' dir='ltr'><strong>monasterio,</strong></span> <span class='ocrx_word' id='word_1_321' title='bbox 1106 3140 1303 3208; x_wconf 89' lang='lat' dir='ltr'><strong>inquit,</strong></span> <span class='ocrx_word' id='word_1_322' title='bbox 1332 3139 1391 3192; x_wconf 84' lang='grc' dir='ltr'><strong>Β.</strong></span> <span class='ocrx_word' id='word_1_323' title='bbox 1417 3140 1688 3204; x_wconf 87' lang='lat' dir='ltr'><strong>Silvestri,</strong></span> <span class='ocrx_word' id='word_1_324' title='bbox 1721 3142 1863 3211; x_wconf 91' lang='lat' dir='ltr'><strong>quod</strong></span> <span class='ocrx_word' id='word_1_325' title='bbox 1895 3143 1946 3196; x_wconf 91' lang='lat' dir='ltr'><strong>in</strong></span> <span class='ocrx_word' id='word_1_326' title='bbox 1989 3141 2146 3196; x_wconf 90' lang='lat' dir='ltr'><strong>Urbi-</strong></span> 
     </span>
    </p>
   </div>
   <div class='ocr_carea' id='block_1_48' title="bbox 545 3210 2216 3299">
    <p class='ocr_par' dir='ltr' id='par_1_48' title="bbox 545 3210 2216 3299">
     <span class='ocr_line' id='line_1_48' title="bbox 545 3210 2216 3299; baseline 0.002 -16"><span class='ocrx_word' id='word_1_327' title='bbox 545 3240 674 3284; x_wconf 88' lang='lat' dir='ltr'><strong>nate</strong></span> <span class='ocrx_word' id='word_1_328' title='bbox 712 3232 1069 3286; x_wconf 88' lang='lat' dir='ltr'><strong>constitutum</strong></span> <span class='ocrx_word' id='word_1_329' title='bbox 1106 3240 1195 3284; x_wconf 87' lang='lat' dir='ltr'><strong>est</strong></span> <span class='ocrx_word' id='word_1_330' title='bbox 1230 3231 1528 3293; x_wconf 86' lang='lat' dir='ltr'><strong>territorio,</strong></span> <span class='ocrx_word' id='word_1_331' title='bbox 1581 3210 1799 3299; x_wconf 78' lang='lat' dir='ltr'><strong>quidam</strong></span> <span class='ocrx_word' id='word_1_332' title='bbox 1848 3232 2143 3286; x_wconf 88' lang='lat' dir='ltr'><strong>monachus</strong></span> <span class='ocrx_word' id='word_1_333' title='bbox 2172 3210 2216 3269; x_wconf 71' lang='grc' dir='ltr'>Ο</span> 
     </span>
    </p>
   </div>
   <div class='ocr_carea' id='block_1_49' title="bbox 546 3317 2141 3387">
    <p class='ocr_par' dir='ltr' id='par_1_49' title="bbox 546 3317 2141 3387">
     <span class='ocr_line' id='line_1_49' title="bbox 546 3317 2141 3387; baseline 0.001 -15"><span class='ocrx_word' id='word_1_334' title='bbox 546 3320 706 3383; x_wconf 90' lang='lat' dir='ltr'><strong>obiit,</strong></span> <span class='ocrx_word' id='word_1_335' title='bbox 734 3327 794 3372; x_wconf 91' lang='lat' dir='ltr'><strong>et</strong></span> <span class='ocrx_word' id='word_1_336' title='bbox 818 3318 886 3372; x_wconf 91' lang='lat' dir='ltr'><strong>ab</strong></span> <span class='ocrx_word' id='word_1_337' title='bbox 916 3318 1209 3387; x_wconf 86' lang='lat' dir='ltr'><strong>incipiente</strong></span> <span class='ocrx_word' id='word_1_338' title='bbox 1244 3317 1495 3387; x_wconf 88' lang='lat' dir='ltr'><strong>gallicinii</strong></span> <span class='ocrx_word' id='word_1_339' title='bbox 1521 3320 1857 3372; x_wconf 85' lang='lat' dir='ltr'><strong>nocturnalis</strong></span> <span class='ocrx_word' id='word_1_340' title='bbox 1889 3320 2141 3385; x_wconf 90' lang='lat' dir='ltr'><strong>articulo,</strong></span> 
     </span>
    </p>
   </div>
   <div class='ocr_carea' id='block_1_50' title="bbox 545 3408 2143 3478">
    <p class='ocr_par' dir='ltr' id='par_1_50' title="bbox 545 3408 2143 3478">
     <span class='ocr_line' id='line_1_50' title="bbox 545 3408 2143 3478; baseline 0.003 -18"><span class='ocrx_word' id='word_1_341' title='bbox 545 3423 719 3478; x_wconf 85' lang='lat' dir='ltr'><strong>usque</strong></span> <span class='ocrx_word' id='word_1_342' title='bbox 764 3408 831 3461; x_wconf 85' lang='lat' dir='ltr'><strong>ad</strong></span> <span class='ocrx_word' id='word_1_343' title='bbox 884 3410 1175 3463; x_wconf 88' lang='lat' dir='ltr'><strong>secundam</strong></span> <span class='ocrx_word' id='word_1_344' title='bbox 1229 3409 1333 3463; x_wconf 91' lang='lat' dir='ltr'><strong>diei</strong></span> <span class='ocrx_word' id='word_1_345' title='bbox 1381 3408 1570 3462; x_wconf 87' lang='lat' dir='ltr'><strong>horam</strong></span> <span class='ocrx_word' id='word_1_346' title='bbox 1616 3410 1845 3463; x_wconf 80' lang='lat' dir='ltr'><strong>cadaver</strong></span> <span class='ocrx_word' id='word_1_347' title='bbox 1875 3413 2143 3475; x_wconf 75' lang='lat' dir='ltr'><strong>exanime,</strong></span> 
     </span>
    </p>
   </div>
   <div class='ocr_carea' id='block_1_51' title="bbox 540 3497 2148 3570">
    <p class='ocr_par' dir='ltr' id='par_1_51' title="bbox 540 3497 2148 3570">
     <span class='ocr_line' id='line_1_51' title="bbox 540 3497 2148 3570; baseline 0.005 -19"><span class='ocrx_word' id='word_1_348' title='bbox 540 3497 718 3554; x_wconf 84' lang='lat' dir='ltr'><strong>lotum</strong></span> <span class='ocrx_word' id='word_1_349' title='bbox 754 3500 913 3570; x_wconf 89' lang='lat' dir='ltr'><strong>juxta</strong></span> <span class='ocrx_word' id='word_1_350' title='bbox 956 3516 1187 3563; x_wconf 90' lang='lat' dir='ltr'><strong>morem,</strong></span> <span class='ocrx_word' id='word_1_351' title='bbox 1251 3510 1415 3570; x_wconf 89' lang='lat' dir='ltr'><strong>atque</strong></span> <span class='ocrx_word' id='word_1_352' title='bbox 1453 3502 1830 3567; x_wconf 91' lang='lat' dir='ltr'><strong>constrictum,</strong></span> <span class='ocrx_word' id='word_1_353' title='bbox 1886 3502 2148 3559; x_wconf 78' lang='lat' dir='ltr'><strong>fratribus</strong></span> 
     </span>
    </p>
   </div>
   <div class='ocr_carea' id='block_1_52' title="bbox 540 3589 2145 3666">
    <p class='ocr_par' dir='ltr' id='par_1_52' title="bbox 540 3589 2145 3666">
     <span class='ocr_line' id='line_1_52' title="bbox 540 3589 2145 3666; baseline 0.006 -24"><span class='ocrx_word' id='word_1_354' title='bbox 540 3589 977 3660; x_wconf 87' lang='lat' dir='ltr'><strong>circumquaque</strong></span> <span class='ocrx_word' id='word_1_355' title='bbox 999 3591 1374 3661; x_wconf 86' lang='lat' dir='ltr'><strong>psallentibus,</strong></span> <span class='ocrx_word' id='word_1_356' title='bbox 1396 3592 1448 3646; x_wconf 91' lang='lat' dir='ltr'><strong>in</strong></span> <span class='ocrx_word' id='word_1_357' title='bbox 1470 3593 1670 3648; x_wconf 78' lang='lat' dir='ltr'><strong>feretro</strong></span> <span class='ocrx_word' id='word_1_358' title='bbox 1687 3594 1877 3662; x_wconf 84' lang='lat' dir='ltr'><strong>jacuit.</strong></span> <span class='ocrx_word' id='word_1_359' title='bbox 1904 3596 2145 3666; x_wconf 89' lang='lat' dir='ltr'><strong>Cumque</strong></span> 
     </span>
    </p>
   </div>
   <div class='ocr_carea' id='block_1_53' title="bbox 545 3682 2144 3752">
    <p class='ocr_par' dir='ltr' id='par_1_53' title="bbox 545 3682 2144 3752">
     <span class='ocr_line' id='line_1_53' title="bbox 545 3682 2144 3752; baseline 0.006 -20"><span class='ocrx_word' id='word_1_360' title='bbox 545 3684 845 3736; x_wconf 86' lang='lat' dir='ltr'><strong>transactis</strong></span> <span class='ocrx_word' id='word_1_361' title='bbox 865 3682 981 3751; x_wconf 88' lang='lat' dir='ltr'><strong>jam</strong></span> <span class='ocrx_word' id='word_1_362' title='bbox 1004 3682 1295 3738; x_wconf 88' lang='lat' dir='ltr'><strong>missarum</strong></span> <span class='ocrx_word' id='word_1_363' title='bbox 1319 3698 1387 3738; x_wconf 80' lang='lat' dir='ltr'><strong>ex</strong></span> <span class='ocrx_word' id='word_1_364' title='bbox 1428 3682 1619 3751; x_wconf 88' lang='lat' dir='ltr'><strong>majori</strong></span> <span class='ocrx_word' id='word_1_365' title='bbox 1652 3694 1805 3752; x_wconf 86' lang='lat' dir='ltr'><strong>parte</strong></span> <span class='ocrx_word' id='word_1_366' title='bbox 1842 3686 2144 3752; x_wconf 88' lang='lat' dir='ltr'><strong>solemniis,</strong></span> 
     </span>
    </p>
   </div>
   <div class='ocr_carea' id='block_1_54' title="bbox 544 3772 2143 3847">
    <p class='ocr_par' dir='ltr' id='par_1_54' title="bbox 544 3772 2143 3847">
     <span class='ocr_line' id='line_1_54' title="bbox 544 3772 2143 3847; baseline 0.004 -22"><span class='ocrx_word' id='word_1_367' title='bbox 544 3772 728 3842; x_wconf 76' lang='lat' dir='ltr'><strong>Agnus</strong></span> <span class='ocrx_word' id='word_1_368' title='bbox 760 3774 881 3837; x_wconf 83' lang='lat' dir='ltr'><strong>Dei,</strong></span> <span class='ocrx_word' id='word_1_369' title='bbox 926 3774 1081 3843; x_wconf 78' lang='lat' dir='ltr'><strong>juxta</strong></span> <span class='ocrx_word' id='word_1_370' title='bbox 1126 3774 1365 3843; x_wconf 86' lang='lat' dir='ltr'><strong>regulam</strong></span> <span class='ocrx_word' id='word_1_371' title='bbox 1413 3775 1707 3838; x_wconf 84' lang='lat' dir='ltr'><strong>diceretur,</strong></span> <span class='ocrx_word' id='word_1_372' title='bbox 1736 3790 1864 3831; x_wconf 86' lang='lat' dir='ltr'><strong>ecce</strong></span> <span class='ocrx_word' id='word_1_373' title='bbox 1901 3787 2143 3847; x_wconf 87' lang='lat' dir='ltr'><strong>repente,</strong></span> 
     </span>
    </p>
   </div>
   <div class='ocr_carea' id='block_1_55' title="bbox 544 3863 2143 3932">
    <p class='ocr_par' dir='ltr' id='par_1_55' title="bbox 544 3863 2143 3932">
     <span class='ocr_line' id='line_1_55' title="bbox 544 3863 2143 3932; baseline 0.005 -18"><span class='ocrx_word' id='word_1_374' title='bbox 544 3863 636 3930; x_wconf 90' lang='lat' dir='ltr'><strong>qui</strong></span> <span class='ocrx_word' id='word_1_375' title='bbox 689 3874 947 3918; x_wconf 88' lang='lat' dir='ltr'><strong>mortuus</strong></span> <span class='ocrx_word' id='word_1_376' title='bbox 998 3863 1217 3932; x_wconf 82' lang='lat' dir='ltr'><strong>jacebat</strong></span> <span class='ocrx_word' id='word_1_377' title='bbox 1278 3866 1331 3919; x_wconf 93' lang='lat' dir='ltr'><strong>in</strong></span> <span class='ocrx_word' id='word_1_378' title='bbox 1384 3866 1585 3931; x_wconf 88' lang='lat' dir='ltr'><strong>medio,</strong></span> <span class='ocrx_word' id='word_1_379' title='bbox 1622 3869 1801 3920; x_wconf 89' lang='lat' dir='ltr'><strong>anima</strong></span> <span class='ocrx_word' id='word_1_380' title='bbox 1861 3869 2143 3931; x_wconf 86' lang='lat' dir='ltr'><strong>redeunte,</strong></span> 
     </span>
    </p>
   </div>
   <div class='ocr_carea' id='block_1_56' title="bbox 546 3956 2148 4028">
    <p class='ocr_par' dir='ltr' id='par_1_56' title="bbox 546 3956 2148 4028">
     <span class='ocr_line' id='line_1_56' title="bbox 546 3956 2148 4028; baseline 0.005 -21"><span class='ocrx_word' id='word_1_381' title='bbox 546 3958 812 4012; x_wconf 80' lang='lat' dir='ltr'><strong>surrexit.</strong></span> <span class='ocrx_word' id='word_1_382' title='bbox 881 3956 1180 4028; x_wconf 84' lang='lat' dir='ltr'><strong>Stupefacti</strong></span> <span class='ocrx_word' id='word_1_383' title='bbox 1230 3968 1358 4013; x_wconf 86' lang='lat' dir='ltr'><strong>sunt</strong></span> <span class='ocrx_word' id='word_1_384' title='bbox 1412 3958 1635 4026; x_wconf 90' lang='lat' dir='ltr'><strong>fratres,</strong></span> <span class='ocrx_word' id='word_1_385' title='bbox 1689 3971 1743 4015; x_wconf 85' lang='lat' dir='ltr'><strong>et</strong></span> <span class='ocrx_word' id='word_1_386' title='bbox 1787 3978 1927 4016; x_wconf 87' lang='lat' dir='ltr'><strong>nova</strong></span> <span class='ocrx_word' id='word_1_387' title='bbox 1985 3962 2148 4017; x_wconf 87' lang='lat' dir='ltr'><strong>nimis</strong></span> 
     </span>
    </p>
   </div>
   <div class='ocr_carea' id='block_1_57' title="bbox 538 4048 2145 4122">
    <p class='ocr_par' dir='ltr' id='par_1_57' title="bbox 538 4048 2145 4122">
     <span class='ocr_line' id='line_1_57' title="bbox 538 4048 2145 4122; baseline 0.002 -20"><span class='ocrx_word' id='word_1_388' title='bbox 538 4048 918 4105; x_wconf 84' lang='lat' dir='ltr'><strong>admiratione</strong></span> <span class='ocrx_word' id='word_1_389' title='bbox 956 4052 1259 4120; x_wconf 86' lang='lat' dir='ltr'><strong>perterriti:</strong></span> <span class='ocrx_word' id='word_1_390' title='bbox 1299 4052 1552 4105; x_wconf 90' lang='lat' dir='ltr'><strong>nimirum</strong></span> <span class='ocrx_word' id='word_1_391' title='bbox 1592 4066 1751 4122; x_wconf 86' lang='lat' dir='ltr'><strong>quem</strong></span> <span class='ocrx_word' id='word_1_392' title='bbox 1795 4052 2000 4108; x_wconf 90' lang='lat' dir='ltr'><strong>funeris</strong></span> <span class='ocrx_word' id='word_1_393' title='bbox 2028 4052 2145 4107; x_wconf 84' lang='lat' dir='ltr'><strong>olli-</strong></span> 
     </span>
    </p>
   </div>
   <div class='ocr_carea' id='block_1_58' title="bbox 538 4137 2146 4213">
    <p class='ocr_par' dir='ltr' id='par_1_58' title="bbox 538 4137 2146 4213">
     <span class='ocr_line' id='line_1_58' title="bbox 538 4137 2146 4213; baseline 0.004 -23"><span class='ocrx_word' id='word_1_394' title='bbox 538 4137 703 4211; x_wconf 12' lang='lat' dir='ltr'><strong>cinm‘</strong></span> <span class='ocrx_word' id='word_1_395' title='bbox 722 4139 1105 4209; x_wconf 86' lang='lat' dir='ltr'><strong>persolventes</strong></span> <span class='ocrx_word' id='word_1_396' title='bbox 1129 4141 1457 4207; x_wconf 83' lang='lat' dir='ltr'><strong>extulerant,</strong></span> <span class='ocrx_word' id='word_1_397' title='bbox 1489 4158 1633 4198; x_wconf 86' lang='lat' dir='ltr'><strong>nunc</strong></span> <span class='ocrx_word' id='word_1_398' title='bbox 1656 4142 1871 4197; x_wconf 89' lang='lat' dir='ltr'><strong>vitalem</strong></span> <span class='ocrx_word' id='word_1_399' title='bbox 1900 4145 2146 4213; x_wconf 84' lang='lat' dir='ltr'><strong>spiritum</strong></span> 
     </span>
    </p>
   </div>
   <div class='ocr_carea' id='block_1_59' title="bbox 547 4228 2143 4301">
    <p class='ocr_par' dir='ltr' id='par_1_59' title="bbox 547 4228 2143 4301">
     <span class='ocr_line' id='line_1_59' title="bbox 547 4228 2143 4301; baseline 0.004 -22"><span class='ocrx_word' id='word_1_400' title='bbox 547 4230 827 4297; x_wconf 70' lang='lat' dir='ltr'><strong>recepisse</strong></span> <span class='ocrx_word' id='word_1_401' title='bbox 878 4228 1154 4283; x_wconf 85' lang='lat' dir='ltr'><strong>videbant.</strong></span> <span class='ocrx_word' id='word_1_402' title='bbox 1206 4229 1277 4283; x_wconf 81' lang='lat' dir='ltr'><strong>At</strong></span> <span class='ocrx_word' id='word_1_403' title='bbox 1323 4244 1446 4284; x_wconf 89' lang='lat' dir='ltr'><strong>cum</strong></span> <span class='ocrx_word' id='word_1_404' title='bbox 1503 4230 1723 4301; x_wconf 87' lang='lat' dir='ltr'><strong>propius</strong></span> <span class='ocrx_word' id='word_1_405' title='bbox 1765 4232 2143 4299; x_wconf 88' lang='lat' dir='ltr'><strong>accessissent,</strong></span> 
     </span>
    </p>
   </div>
   <div class='ocr_carea' id='block_1_60' title="bbox 544 4306 2144 4390">
    <p class='ocr_par' dir='ltr' id='par_1_60' title="bbox 544 4306 2144 4390">
     <span class='ocr_line' id='line_1_60' title="bbox 544 4306 2144 4390; baseline 0.006 -20"><span class='ocrx_word' id='word_1_406' title='bbox 544 4318 829 4390; x_wconf 78' lang='lat' dir='ltr'><strong>verbaque</strong></span> <span class='ocrx_word' id='word_1_407' title='bbox 858 4336 922 4374; x_wconf 74' lang='lat' dir='ltr'><strong>es</strong></span> <span class='ocrx_word' id='word_1_408' title='bbox 950 4336 1043 4376; x_wconf 80' lang='lat' dir='ltr'><strong>ore</strong></span> <span class='ocrx_word' id='word_1_409' title='bbox 1087 4320 1230 4376; x_wconf 87' lang='lat' dir='ltr'><strong>illius</strong></span> <span class='ocrx_word' id='word_1_410' title='bbox 1257 4306 1445 4377; x_wconf 84' lang='lat' dir='ltr'><strong>audire</strong></span> <span class='ocrx_word' id='word_1_411' title='bbox 1471 4323 1684 4378; x_wconf 84' lang='lat' dir='ltr'><strong>avidius</strong></span> <span class='ocrx_word' id='word_1_412' title='bbox 1721 4324 2029 4380; x_wconf 88' lang='lat' dir='ltr'><strong>inbiarent:</strong></span> <span class='ocrx_word' id='word_1_413' title='bbox 2061 4324 2144 4382; x_wconf 76' lang='lat' dir='ltr'><strong>Ah</strong></span> 
     </span>
    </p>
   </div>
   <div class='ocr_carea' id='block_1_61' title="bbox 543 4412 2147 4480">
    <p class='ocr_par' dir='ltr' id='par_1_61' title="bbox 543 4412 2147 4480">
     <span class='ocr_line' id='line_1_61' title="bbox 543 4412 2147 4480; baseline 0.004 -16"><span class='ocrx_word' id='word_1_414' title='bbox 543 4412 771 4468; x_wconf 86' lang='lat' dir='ltr'><strong>scelus!</strong></span> <span class='ocrx_word' id='word_1_415' title='bbox 829 4413 923 4468; x_wconf 90' lang='lat' dir='ltr'><strong>ille</strong></span> <span class='ocrx_word' id='word_1_416' title='bbox 971 4413 1280 4480; x_wconf 88' lang='lat' dir='ltr'><strong>maledicta,</strong></span> <span class='ocrx_word' id='word_1_417' title='bbox 1329 4422 1383 4469; x_wconf 91' lang='lat' dir='ltr'><strong>et</strong></span> <span class='ocrx_word' id='word_1_418' title='bbox 1446 4415 1807 4471; x_wconf 83' lang='lat' dir='ltr'><strong>contumelias</strong></span> <span class='ocrx_word' id='word_1_419' title='bbox 1864 4417 1916 4470; x_wconf 92' lang='lat' dir='ltr'><strong>in</strong></span> <span class='ocrx_word' id='word_1_420' title='bbox 1978 4418 2147 4471; x_wconf 88' lang='lat' dir='ltr'><strong>Deum</strong></span> 
     </span>
    </p>
   </div>
   <div class='ocr_carea' id='block_1_62' title="bbox 543 4504 2144 4575">
    <p class='ocr_par' dir='ltr' id='par_1_62' title="bbox 543 4504 2144 4575">
     <span class='ocr_line' id='line_1_62' title="bbox 543 4504 2144 4575; baseline 0.003 -18"><span class='ocrx_word' id='word_1_421' title='bbox 543 4506 711 4575; x_wconf 73' lang='grc' dir='ltr'><strong>οωρὶι</strong></span> <span class='ocrx_word' id='word_1_422' title='bbox 738 4504 1051 4571; x_wconf 81' lang='lat' dir='ltr'><strong>effundere,</strong></span> <span class='ocrx_word' id='word_1_423' title='bbox 1112 4506 1452 4561; x_wconf 87' lang='lat' dir='ltr'><strong>benedictum</strong></span> <span class='ocrx_word' id='word_1_424' title='bbox 1497 4505 1792 4562; x_wconf 86' lang='lat' dir='ltr'><strong>Salvatoris</strong></span> <span class='ocrx_word' id='word_1_425' title='bbox 1821 4524 2015 4563; x_wconf 89' lang='lat' dir='ltr'><strong>nomen</strong></span> <span class='ocrx_word' id='word_1_426' title='bbox 2041 4509 2144 4562; x_wconf 89' lang='lat' dir='ltr'><strong>im-</strong></span> 
     </span>
    </p>
   </div>
   <div class='ocr_carea' id='block_1_63' title="bbox 539 4596 2145 4669">
    <p class='ocr_par' dir='ltr' id='par_1_63' title="bbox 539 4596 2145 4669">
     <span class='ocr_line' id='line_1_63' title="bbox 539 4596 2145 4669; baseline 0.003 -19"><span class='ocrx_word' id='word_1_427' title='bbox 539 4596 630 4666; x_wconf 86' lang='lat' dir='ltr'><strong>pie</strong></span> <span class='ocrx_word' id='word_1_428' title='bbox 656 4597 1068 4667; x_wconf 84' lang='lat' dir='ltr'><strong>blasphemare,</strong></span> <span class='ocrx_word' id='word_1_429' title='bbox 1100 4597 1327 4653; x_wconf 65' lang='lat' dir='ltr'><strong>vivificm</strong></span> <span class='ocrx_word' id='word_1_430' title='bbox 1364 4599 1543 4653; x_wconf 85' lang='lat' dir='ltr'><strong>crucis</strong></span> <span class='ocrx_word' id='word_1_431' title='bbox 1574 4600 1807 4669; x_wconf 87' lang='lat' dir='ltr'><strong>signum,</strong></span> <span class='ocrx_word' id='word_1_432' title='bbox 1854 4610 1911 4653; x_wconf 93' lang='lat' dir='ltr'><strong>ut</strong></span> <span class='ocrx_word' id='word_1_433' title='bbox 1939 4600 2145 4656; x_wconf 91' lang='lat' dir='ltr'><strong>oscula-</strong></span> 
     </span>
    </p>
   </div>
   <div class='ocr_carea' id='block_1_64' title="bbox 544 4688 2151 4760">
    <p class='ocr_par' dir='ltr' id='par_1_64' title="bbox 544 4688 2151 4760">
     <span class='ocr_line' id='line_1_64' title="bbox 544 4688 2151 4760; baseline 0.004 -19"><span class='ocrx_word' id='word_1_434' title='bbox 544 4697 719 4753; x_wconf 88' lang='lat' dir='ltr'><strong>retur,</strong></span> <span class='ocrx_word' id='word_1_435' title='bbox 763 4688 1034 4754; x_wconf 85' lang='lat' dir='ltr'><strong>oblatum,</strong></span> <span class='ocrx_word' id='word_1_436' title='bbox 1068 4688 1332 4760; x_wconf 85' lang='lat' dir='ltr'><strong>sacrilego</strong></span> <span class='ocrx_word' id='word_1_437' title='bbox 1358 4704 1453 4744; x_wconf 92' lang='lat' dir='ltr'><strong>ore</strong></span> <span class='ocrx_word' id='word_1_438' title='bbox 1490 4706 1823 4760; x_wconf 87' lang='lat' dir='ltr'><strong>conspuere;</strong></span> <span class='ocrx_word' id='word_1_439' title='bbox 1863 4692 2151 4748; x_wconf 86' lang='lat' dir='ltr'><strong>intemera-</strong></span> 
     </span>
    </p>
   </div>
   <div class='ocr_carea' id='block_1_65' title="bbox 545 4780 2150 4855">
    <p class='ocr_par' dir='ltr' id='par_1_65' title="bbox 545 4780 2150 4855">
     <span class='ocr_line' id='line_1_65' title="bbox 545 4780 2150 4855; baseline 0.001 -19"><span class='ocrx_word' id='word_1_440' title='bbox 545 4790 653 4836; x_wconf 83' lang='lat' dir='ltr'><strong>tam</strong></span> <span class='ocrx_word' id='word_1_441' title='bbox 684 4796 917 4854; x_wconf 88' lang='lat' dir='ltr'><strong>quoque</strong></span> <span class='ocrx_word' id='word_1_442' title='bbox 963 4783 1052 4836; x_wconf 86' lang='lat' dir='ltr'><strong>Dei</strong></span> <span class='ocrx_word' id='word_1_443' title='bbox 1086 4780 1418 4838; x_wconf 84' lang='lat' dir='ltr'><strong>Geuitricem</strong></span> <span class='ocrx_word' id='word_1_444' title='bbox 1461 4784 1830 4855; x_wconf 78' lang='lat' dir='ltr'><strong>ignominiosis</strong></span> <span class='ocrx_word' id='word_1_445' title='bbox 1857 4799 1961 4838; x_wconf 92' lang='lat' dir='ltr'><strong>non</strong></span> <span class='ocrx_word' id='word_1_446' title='bbox 1992 4784 2150 4838; x_wconf 86' lang='lat' dir='ltr'><strong>time-</strong></span> 
     </span>
    </p>
   </div>
   <div class='ocr_carea' id='block_1_66' title="bbox 543 4874 2153 4946">
    <p class='ocr_par' dir='ltr' id='par_1_66' title="bbox 543 4874 2153 4946">
     <span class='ocr_line' id='line_1_66' title="bbox 543 4874 2153 4946; baseline 0 -17"><span class='ocrx_word' id='word_1_447' title='bbox 543 4874 983 4946; x_wconf 82' lang='lat' dir='ltr'><strong>batopprobriis</strong></span> <span class='ocrx_word' id='word_1_448' title='bbox 1038 4875 1297 4930; x_wconf 87' lang='lat' dir='ltr'><strong>lacerare.</strong></span> <span class='ocrx_word' id='word_1_449' title='bbox 1338 4875 1409 4931; x_wconf 85' lang='lat' dir='ltr'><strong>Ut</strong></span> <span class='ocrx_word' id='word_1_450' title='bbox 1444 4876 1596 4946; x_wconf 90' lang='lat' dir='ltr'><strong>quid,</strong></span> <span class='ocrx_word' id='word_1_451' title='bbox 1640 4877 1911 4946; x_wconf 87' lang='lat' dir='ltr'><strong>inquiens,</strong></span> <span class='ocrx_word' id='word_1_452' title='bbox 1939 4891 2037 4945; x_wconf 92' lang='lat' dir='ltr'><strong>pro</strong></span> <span class='ocrx_word' id='word_1_453' title='bbox 2068 4891 2153 4929; x_wconf 92' lang='lat' dir='ltr'><strong>me</strong></span> 
     </span>
    </p>
   </div>
   <div class='ocr_carea' id='block_1_67' title="bbox 541 4966 2152 5036">
    <p class='ocr_par' dir='ltr' id='par_1_67' title="bbox 541 4966 2152 5036">
     <span class='ocr_line' id='line_1_67' title="bbox 541 4966 2152 5036; baseline 0.002 -15"><span class='ocrx_word' id='word_1_454' title='bbox 541 4968 802 5036; x_wconf 86' lang='lat' dir='ltr'><strong>psallitis,</strong></span> <span class='ocrx_word' id='word_1_455' title='bbox 839 4966 931 5021; x_wconf 80' lang='lat' dir='ltr'><strong>vel</strong></span> <span class='ocrx_word' id='word_1_456' title='bbox 976 4968 1369 5023; x_wconf 82' lang='lat' dir='ltr'><strong>sacriﬁciorum</strong></span> <span class='ocrx_word' id='word_1_457' title='bbox 1417 4969 1625 5024; x_wconf 88' lang='lat' dir='ltr'><strong>hostias</strong></span> <span class='ocrx_word' id='word_1_458' title='bbox 1672 4966 1869 5025; x_wconf 79' lang='lat' dir='ltr'><strong>oﬂerre</strong></span> <span class='ocrx_word' id='word_1_459' title='bbox 1899 4970 2152 5025; x_wconf 87' lang='lat' dir='ltr'><strong>tentatis?</strong></span> 
     </span>
    </p>
   </div>
   <div class='ocr_carea' id='block_1_68' title="bbox 546 5057 2146 5130">
    <p class='ocr_par' dir='ltr' id='par_1_68' title="bbox 546 5057 2146 5130">
     <span class='ocr_line' id='line_1_68' title="bbox 546 5057 2146 5130; baseline 0.003 -18"><span class='ocrx_word' id='word_1_460' title='bbox 546 5058 658 5130; x_wconf 79' lang='lat' dir='ltr'><strong>Ego</strong></span> <span class='ocrx_word' id='word_1_461' title='bbox 707 5060 867 5114; x_wconf 87' lang='lat' dir='ltr'><strong>enim</strong></span> <span class='ocrx_word' id='word_1_462' title='bbox 918 5057 970 5112; x_wconf 92' lang='lat' dir='ltr'><strong>in</strong></span> <span class='ocrx_word' id='word_1_463' title='bbox 1004 5058 1117 5127; x_wconf 87' lang='lat' dir='ltr'><strong>ipsa</strong></span> <span class='ocrx_word' id='word_1_464' title='bbox 1146 5057 1473 5114; x_wconf 86' lang='lat' dir='ltr'><strong>ﬂammantis</strong></span> <span class='ocrx_word' id='word_1_465' title='bbox 1512 5060 1698 5115; x_wconf 89' lang='lat' dir='ltr'><strong>tartari</strong></span> <span class='ocrx_word' id='word_1_466' title='bbox 1747 5059 2015 5130; x_wconf 87' lang='lat' dir='ltr'><strong>profunda</strong></span> <span class='ocrx_word' id='word_1_467' title='bbox 2051 5062 2146 5116; x_wconf 87' lang='lat' dir='ltr'><strong>de—</strong></span> 
     </span>
    </p>
   </div>
   <div class='ocr_carea' id='block_1_69' title="bbox 545 5151 2151 5223">
    <p class='ocr_par' dir='ltr' id='par_1_69' title="bbox 545 5151 2151 5223">
     <span class='ocr_line' id='line_1_69' title="bbox 545 5151 2151 5223; baseline 0 -16"><span class='ocrx_word' id='word_1_468' title='bbox 545 5153 754 5218; x_wconf 87' lang='lat' dir='ltr'><strong>scendi,</strong></span> <span class='ocrx_word' id='word_1_469' title='bbox 782 5151 977 5218; x_wconf 88' lang='lat' dir='ltr'><strong>ibique</strong></span> <span class='ocrx_word' id='word_1_470' title='bbox 998 5165 1085 5206; x_wconf 90' lang='lat' dir='ltr'><strong>me</strong></span> <span class='ocrx_word' id='word_1_471' title='bbox 1106 5166 1259 5206; x_wconf 91' lang='lat' dir='ltr'><strong>meus</strong></span> <span class='ocrx_word' id='word_1_472' title='bbox 1285 5152 1562 5223; x_wconf 89' lang='lat' dir='ltr'><strong>magister.</strong></span> <span class='ocrx_word' id='word_1_473' title='bbox 1582 5162 1637 5207; x_wconf 89' lang='lat' dir='ltr'><strong>et</strong></span> <span class='ocrx_word' id='word_1_474' title='bbox 1655 5153 1907 5208; x_wconf 91' lang='lat' dir='ltr'><strong>dominus</strong></span> <span class='ocrx_word' id='word_1_475' title='bbox 1935 5151 2151 5208; x_wconf 87' lang='lat' dir='ltr'><strong>Lucifer</strong></span> 
     </span>
    </p>
   </div>
   <div class='ocr_carea' id='block_1_70' title="bbox 547 5241 2147 5314">
    <p class='ocr_par' dir='ltr' id='par_1_70' title="bbox 547 5241 2147 5314">
     <span class='ocr_line' id='line_1_70' title="bbox 547 5241 2147 5314; baseline 0.002 -18"><span class='ocrx_word' id='word_1_476' title='bbox 547 5242 996 5298; x_wconf 82' lang='lat' dir='ltr'><strong>irrcvocabiliter</strong></span> <span class='ocrx_word' id='word_1_477' title='bbox 1061 5241 1377 5312; x_wconf 87' lang='lat' dir='ltr'><strong>deputavit;</strong></span> <span class='ocrx_word' id='word_1_478' title='bbox 1445 5258 1701 5299; x_wconf 86' lang='lat' dir='ltr'><strong>coronam</strong></span> <span class='ocrx_word' id='word_1_479' title='bbox 1772 5244 1934 5314; x_wconf 87' lang='lat' dir='ltr'><strong>plane</strong></span> <span class='ocrx_word' id='word_1_480' title='bbox 1995 5260 2147 5299; x_wconf 87' lang='lat' dir='ltr'><strong>suam</strong></span> 
     </span>
    </p>
   </div>
   <div class='ocr_carea' id='block_1_71' title="bbox 545 5332 2146 5404">
    <p class='ocr_par' dir='ltr' id='par_1_71' title="bbox 545 5332 2146 5404">
     <span class='ocr_line' id='line_1_71' title="bbox 545 5332 2146 5404; baseline -0.002 -14"><span class='ocrx_word' id='word_1_481' title='bbox 545 5350 745 5391; x_wconf 65' lang='lat' dir='ltr'><strong>aream</strong></span> <span class='ocrx_word' id='word_1_482' title='bbox 774 5332 1238 5403; x_wconf 73' lang='lat' dir='ltr'><strong>’inexstingnibili</strong></span> <span class='ocrx_word' id='word_1_483' title='bbox 1303 5348 1519 5404; x_wconf 84' lang='lat' dir='ltr'><strong>semper</strong></span> <span class='ocrx_word' id='word_1_484' title='bbox 1557 5334 1751 5389; x_wconf 77' lang='lat' dir='ltr'><strong>ardore</strong></span> <span class='ocrx_word' id='word_1_485' title='bbox 1804 5336 2146 5397; x_wconf 85' lang='lat' dir='ltr'><strong>candentem,</strong></span> 
     </span>
    </p>
   </div>
   <div class='ocr_carea' id='block_1_72' title="bbox 546 5423 2151 5497">
    <p class='ocr_par' dir='ltr' id='par_1_72' title="bbox 546 5423 2151 5497">
     <span class='ocr_line' id='line_1_72' title="bbox 546 5423 2151 5497; baseline 0.002 -17"><span class='ocrx_word' id='word_1_486' title='bbox 546 5425 681 5480; x_wconf 83' lang='lat' dir='ltr'><strong>mihi</strong></span> <span class='ocrx_word' id='word_1_487' title='bbox 716 5426 769 5481; x_wconf 90' lang='lat' dir='ltr'><strong>in</strong></span> <span class='ocrx_word' id='word_1_488' title='bbox 801 5423 991 5493; x_wconf 87' lang='lat' dir='ltr'><strong>capite</strong></span> <span class='ocrx_word' id='word_1_489' title='bbox 1015 5425 1231 5493; x_wconf 87' lang='lat' dir='ltr'><strong>posuit:</strong></span> <span class='ocrx_word' id='word_1_490' title='bbox 1259 5423 1500 5494; x_wconf 86' lang='lat' dir='ltr'><strong>ejusdem</strong></span> <span class='ocrx_word' id='word_1_491' title='bbox 1530 5441 1745 5497; x_wconf 84' lang='lat' dir='ltr'><strong>quoque</strong></span> <span class='ocrx_word' id='word_1_492' title='bbox 1773 5427 1974 5483; x_wconf 87' lang='lat' dir='ltr'><strong>metalli</strong></span> <span class='ocrx_word' id='word_1_493' title='bbox 2001 5427 2151 5483; x_wconf 89' lang='lat' dir='ltr'><strong>chla-</strong></span> 
     </span>
    </p>
   </div>
   <div class='ocr_carea' id='block_1_73' title="bbox 546 5514 2151 5589">
    <p class='ocr_par' dir='ltr' id='par_1_73' title="bbox 546 5514 2151 5589">
     <span class='ocr_line' id='line_1_73' title="bbox 546 5514 2151 5589; baseline -0.001 -16"><span class='ocrx_word' id='word_1_494' title='bbox 546 5518 709 5589; x_wconf 79' lang='lat' dir='ltr'><strong>myde</strong></span> <span class='ocrx_word' id='word_1_495' title='bbox 741 5532 857 5583; x_wconf 90' lang='lat' dir='ltr'><strong>me,</strong></span> <span class='ocrx_word' id='word_1_496' title='bbox 885 5528 999 5585; x_wconf 90' lang='lat' dir='ltr'><strong>qua</strong></span> <span class='ocrx_word' id='word_1_497' title='bbox 1034 5514 1356 5569; x_wconf 88' lang='lat' dir='ltr'><strong>induebatur</strong></span> <span class='ocrx_word' id='word_1_498' title='bbox 1389 5516 1522 5587; x_wconf 88' lang='lat' dir='ltr'><strong>ipse,</strong></span> <span class='ocrx_word' id='word_1_499' title='bbox 1554 5518 1785 5572; x_wconf 89' lang='lat' dir='ltr'><strong>vestivit.</strong></span> <span class='ocrx_word' id='word_1_500' title='bbox 1818 5517 1949 5573; x_wconf 87' lang='lat' dir='ltr'><strong>Erat</strong></span> <span class='ocrx_word' id='word_1_501' title='bbox 1972 5526 2151 5573; x_wconf 90' lang='lat' dir='ltr'><strong>autem</strong></span> 
     </span>
    </p>
   </div>
   <div class='ocr_carea' id='block_1_74' title="bbox 549 5602 2152 5678">
    <p class='ocr_par' dir='ltr' id='par_1_74' title="bbox 549 5602 2152 5678">
     <span class='ocr_line' id='line_1_74' title="bbox 549 5602 2152 5678; baseline 0 -16"><span class='ocrx_word' id='word_1_502' title='bbox 549 5607 799 5678; x_wconf 77' lang='lat' dir='ltr'><strong>chlamys</strong></span> <span class='ocrx_word' id='word_1_503' title='bbox 850 5615 971 5659; x_wconf 83' lang='lat' dir='ltr'><strong>tam</strong></span> <span class='ocrx_word' id='word_1_504' title='bbox 1000 5602 1178 5675; x_wconf 87' lang='lat' dir='ltr'><strong>longa,</strong></span> <span class='ocrx_word' id='word_1_505' title='bbox 1223 5616 1284 5659; x_wconf 92' lang='lat' dir='ltr'><strong>ut</strong></span> <span class='ocrx_word' id='word_1_506' title='bbox 1315 5606 1421 5660; x_wconf 90' lang='lat' dir='ltr'><strong>talo</strong></span> <span class='ocrx_word' id='word_1_507' title='bbox 1451 5617 1604 5661; x_wconf 88' lang='lat' dir='ltr'><strong>tenus</strong></span> <span class='ocrx_word' id='word_1_508' title='bbox 1652 5605 1877 5673; x_wconf 82' lang='lat' dir='ltr'><strong>ﬂueret;</strong></span> <span class='ocrx_word' id='word_1_509' title='bbox 1919 5617 2023 5661; x_wconf 90' lang='lat' dir='ltr'><strong>tam</strong></span> <span class='ocrx_word' id='word_1_510' title='bbox 2048 5605 2152 5662; x_wconf 86' lang='lat' dir='ltr'><strong>fer-</strong></span> 
     </span>
    </p>
   </div>
   <div class='ocr_carea' id='block_1_75' title="bbox 552 5696 2155 5771">
    <p class='ocr_par' dir='ltr' id='par_1_75' title="bbox 552 5696 2155 5771">
     <span class='ocr_line' id='line_1_75' title="bbox 552 5696 2155 5771; baseline 0 -16"><span class='ocrx_word' id='word_1_511' title='bbox 552 5713 741 5758; x_wconf 79' lang='lat' dir='ltr'><strong>venter</strong></span> <span class='ocrx_word' id='word_1_512' title='bbox 772 5699 984 5771; x_wconf 84' lang='lat' dir='ltr'><strong>ignita,</strong></span> <span class='ocrx_word' id='word_1_513' title='bbox 1015 5706 1073 5761; x_wconf 91' lang='lat' dir='ltr'><strong>ut</strong></span> <span class='ocrx_word' id='word_1_514' title='bbox 1115 5696 1403 5768; x_wconf 84' lang='lat' dir='ltr'><strong>liquefacta</strong></span> <span class='ocrx_word' id='word_1_515' title='bbox 1447 5708 1631 5769; x_wconf 80' lang='lat' dir='ltr'><strong>guttas</strong></span> <span class='ocrx_word' id='word_1_516' title='bbox 1671 5701 1922 5755; x_wconf 88' lang='lat' dir='ltr'><strong>emittere</strong></span> <span class='ocrx_word' id='word_1_517' title='bbox 1945 5700 2155 5755; x_wconf 88' lang='lat' dir='ltr'><strong>videre-</strong></span> 
     </span>
    </p>
   </div>
   <div class='ocr_carea' id='block_1_76' title="bbox 552 5788 2153 5863">
    <p class='ocr_par' dir='ltr' id='par_1_76' title="bbox 552 5788 2153 5863">
     <span class='ocr_line' id='line_1_76' title="bbox 552 5788 2153 5863; baseline 0.001 -17"><span class='ocrx_word' id='word_1_518' title='bbox 552 5798 656 5846; x_wconf 80' lang='lat' dir='ltr'><strong>tur.</strong></span> <span class='ocrx_word' id='word_1_519' title='bbox 706 5788 973 5849; x_wconf 81' lang='lat' dir='ltr'><strong>Cuinouc</strong></span> <span class='ocrx_word' id='word_1_520' title='bbox 1017 5788 1212 5844; x_wconf 83' lang='lat' dir='ltr'><strong>fratres</strong></span> <span class='ocrx_word' id='word_1_521' title='bbox 1252 5803 1399 5858; x_wconf 89' lang='lat' dir='ltr'><strong>eum,</strong></span> <span class='ocrx_word' id='word_1_522' title='bbox 1436 5798 1493 5845; x_wconf 92' lang='lat' dir='ltr'><strong>ut</strong></span> <span class='ocrx_word' id='word_1_523' title='bbox 1525 5792 1901 5862; x_wconf 71' lang='lat' dir='ltr'><strong>paenitentiam</strong></span> <span class='ocrx_word' id='word_1_524' title='bbox 1946 5802 2153 5863; x_wconf 90' lang='lat' dir='ltr'><strong>ageret,</strong></span> 
     </span>
    </p>
   </div>
   <div class='ocr_carea' id='block_1_77' title="bbox 2174 4550 2228 4610">
    <p class='ocr_par' dir='ltr' id='par_1_77' title="bbox 2174 4550 2228 4610">
     <span class='ocr_line' id='line_1_77' title="bbox 2174 4550 2228 4610; baseline 0 0"><span class='ocrx_word' id='word_1_525' title='bbox 2174 4550 2228 4610; x_wconf 82' lang='grc' dir='ltr'><strong>Ι)</strong></span> 
     </span>
    </p>
   </div>
   <div class='ocr_carea' id='block_1_78' title="bbox 2238 1953 3837 2030">
    <p class='ocr_par' dir='ltr' id='par_1_78' title="bbox 2238 1953 3837 2030">
     <span class='ocr_line' id='line_1_78' title="bbox 2238 1953 3837 2030; baseline -0.001 -18"><span class='ocrx_word' id='word_1_526' title='bbox 2238 1975 2453 2013; x_wconf 79' lang='lat' dir='ltr'><strong>crucem</strong></span> <span class='ocrx_word' id='word_1_527' title='bbox 2482 1960 2695 2024; x_wconf 88' lang='lat' dir='ltr'><strong>adorat,</strong></span> <span class='ocrx_word' id='word_1_528' title='bbox 2738 1959 3113 2030; x_wconf 69' lang='lat' dir='ltr'><strong>paenitentiam</strong></span> <span class='ocrx_word' id='word_1_529' title='bbox 3157 1956 3383 2027; x_wconf 88' lang='lat' dir='ltr'><strong>ﬂagitat.</strong></span> <span class='ocrx_word' id='word_1_530' title='bbox 3410 1953 3706 2011; x_wconf 78' lang='lat' dir='ltr'><strong>Confessus</strong></span> <span class='ocrx_word' id='word_1_531' title='bbox 3748 1962 3837 2010; x_wconf 74' lang='lat' dir='ltr'><strong>est</strong></span> 
     </span>
    </p>
   </div>
   <div class='ocr_carea' id='block_1_79' title="bbox 2237 2046 3835 2122">
    <p class='ocr_par' dir='ltr' id='par_1_79' title="bbox 2237 2046 3835 2122">
     <span class='ocr_line' id='line_1_79' title="bbox 2237 2046 3835 2122; baseline -0.004 -16"><span class='ocrx_word' id='word_1_532' title='bbox 2237 2062 2437 2115; x_wconf 88' lang='lat' dir='ltr'><strong>autem,</strong></span> <span class='ocrx_word' id='word_1_533' title='bbox 2467 2052 2591 2121; x_wconf 80' lang='lat' dir='ltr'><strong>quia</strong></span> <span class='ocrx_word' id='word_1_534' title='bbox 2642 2062 2758 2122; x_wconf 91' lang='lat' dir='ltr'><strong>post</strong></span> <span class='ocrx_word' id='word_1_535' title='bbox 2800 2050 3256 2106; x_wconf 76' lang='lat' dir='ltr'><strong>renuntiationem</strong></span> <span class='ocrx_word' id='word_1_536' title='bbox 3285 2048 3485 2110; x_wconf 73' lang='lat' dir='ltr'><strong>szccnli,</strong></span> <span class='ocrx_word' id='word_1_537' title='bbox 3519 2048 3572 2101; x_wconf 91' lang='lat' dir='ltr'><strong>in</strong></span> <span class='ocrx_word' id='word_1_538' title='bbox 3598 2046 3835 2101; x_wconf 86' lang='lat' dir='ltr'><strong>fornica-</strong></span> 
     </span>
    </p>
   </div>
   <div class='ocr_carea' id='block_1_80' title="bbox 2238 2136 3836 2213">
    <p class='ocr_par' dir='ltr' id='par_1_80' title="bbox 2238 2136 3836 2213">
     <span class='ocr_line' id='line_1_80' title="bbox 2238 2136 3836 2213; baseline -0.004 -16"><span class='ocrx_word' id='word_1_539' title='bbox 2238 2144 2440 2198; x_wconf 92' lang='lat' dir='ltr'><strong>tionem</strong></span> <span class='ocrx_word' id='word_1_540' title='bbox 2472 2142 2686 2207; x_wconf 89' lang='lat' dir='ltr'><strong>cecidit,</strong></span> <span class='ocrx_word' id='word_1_541' title='bbox 2738 2157 2900 2213; x_wconf 91' lang='lat' dir='ltr'><strong>quam</strong></span> <span class='ocrx_word' id='word_1_542' title='bbox 2942 2150 3120 2196; x_wconf 89' lang='lat' dir='ltr'><strong>tamen</strong></span> <span class='ocrx_word' id='word_1_543' title='bbox 3169 2150 3398 2195; x_wconf 89' lang='lat' dir='ltr'><strong>eotenus</strong></span> <span class='ocrx_word' id='word_1_544' title='bbox 3445 2138 3575 2192; x_wconf 90' lang='lat' dir='ltr'><strong>nulli</strong></span> <span class='ocrx_word' id='word_1_545' title='bbox 3620 2136 3836 2208; x_wconf 88' lang='lat' dir='ltr'><strong>penitus</strong></span> 
     </span>
    </p>
   </div>
   <div class='ocr_carea' id='block_1_81' title="bbox 2238 2230 3834 2305">
    <p class='ocr_par' dir='ltr' id='par_1_81' title="bbox 2238 2230 3834 2305">
     <span class='ocr_line' id='line_1_81' title="bbox 2238 2230 3834 2305; baseline -0.005 -16"><span class='ocrx_word' id='word_1_546' title='bbox 2238 2250 2335 2305; x_wconf 91' lang='lat' dir='ltr'><strong>per</strong></span> <span class='ocrx_word' id='word_1_547' title='bbox 2365 2235 2727 2290; x_wconf 81' lang='lat' dir='ltr'><strong>confessionis</strong></span> <span class='ocrx_word' id='word_1_548' title='bbox 2774 2234 3033 2289; x_wconf 90' lang='lat' dir='ltr'><strong>indicium</strong></span> <span class='ocrx_word' id='word_1_549' title='bbox 3056 2230 3332 2303; x_wconf 82' lang='lat' dir='ltr'><strong>patefecit.</strong></span> <span class='ocrx_word' id='word_1_550' title='bbox 3367 2230 3620 2285; x_wconf 88' lang='lat' dir='ltr'><strong>Laudans</strong></span> <span class='ocrx_word' id='word_1_551' title='bbox 3644 2230 3834 2299; x_wconf 87' lang='lat' dir='ltr'><strong>igitur,</strong></span> 
     </span>
    </p>
   </div>
   <div class='ocr_carea' id='block_1_82' title="bbox 2236 2322 3835 2395">
    <p class='ocr_par' dir='ltr' id='par_1_82' title="bbox 2236 2322 3835 2395">
     <span class='ocr_line' id='line_1_82' title="bbox 2236 2322 3835 2395; baseline -0.004 -15"><span class='ocrx_word' id='word_1_552' title='bbox 2236 2340 2292 2380; x_wconf 88' lang='lat' dir='ltr'><strong>et</strong></span> <span class='ocrx_word' id='word_1_553' title='bbox 2324 2328 2655 2382; x_wconf 85' lang='lat' dir='ltr'><strong>benedicens</strong></span> <span class='ocrx_word' id='word_1_554' title='bbox 2694 2327 2879 2381; x_wconf 78' lang='lat' dir='ltr'><strong>Deunr</strong></span> <span class='ocrx_word' id='word_1_555' title='bbox 2904 2340 3077 2395; x_wconf 83' lang='lat' dir='ltr'><strong>usque</strong></span> <span class='ocrx_word' id='word_1_556' title='bbox 3108 2325 3166 2378; x_wconf 89' lang='lat' dir='ltr'><strong>in</strong></span> <span class='ocrx_word' id='word_1_557' title='bbox 3215 2326 3355 2379; x_wconf 78' lang='lat' dir='ltr'><strong>diem</strong></span> <span class='ocrx_word' id='word_1_558' title='bbox 3414 2325 3647 2378; x_wconf 89' lang='lat' dir='ltr'><strong>alterum</strong></span> <span class='ocrx_word' id='word_1_559' title='bbox 3680 2322 3835 2383; x_wconf 88' lang='lat' dir='ltr'><strong>vixit,</strong></span> 
     </span>
    </p>
   </div>
   <div class='ocr_carea' id='block_1_83' title="bbox 2236 2415 3839 2487">
    <p class='ocr_par' dir='ltr' id='par_1_83' title="bbox 2236 2415 3839 2487">
     <span class='ocr_line' id='line_1_83' title="bbox 2236 2415 3839 2487; baseline -0.003 -15"><span class='ocrx_word' id='word_1_560' title='bbox 2236 2418 2425 2487; x_wconf 86' lang='lat' dir='ltr'><strong>sicque</strong></span> <span class='ocrx_word' id='word_1_561' title='bbox 2447 2416 2698 2473; x_wconf 84' lang='lat' dir='ltr'><strong>Creatori</strong></span> <span class='ocrx_word' id='word_1_562' title='bbox 2737 2432 2837 2473; x_wconf 89' lang='lat' dir='ltr'><strong>suo</strong></span> <span class='ocrx_word' id='word_1_563' title='bbox 2864 2417 3190 2472; x_wconf 85' lang='lat' dir='ltr'><strong>mirabiliter</strong></span> <span class='ocrx_word' id='word_1_564' title='bbox 3226 2418 3531 2481; x_wconf 88' lang='lat' dir='ltr'><strong>restitutus,</strong></span> <span class='ocrx_word' id='word_1_565' title='bbox 3571 2415 3622 2468; x_wconf 92' lang='lat' dir='ltr'><strong>in</strong></span> <span class='ocrx_word' id='word_1_566' title='bbox 3648 2424 3839 2470; x_wconf 82' lang='lat' dir='ltr'><strong>sancta</strong></span> 
     </span>
    </p>
   </div>
   <div class='ocr_carea' id='block_1_84' title="bbox 2240 2506 3837 2578">
    <p class='ocr_par' dir='ltr' id='par_1_84' title="bbox 2240 2506 3837 2578">
     <span class='ocr_line' id='line_1_84' title="bbox 2240 2506 3837 2578; baseline -0.003 -15"><span class='ocrx_word' id='word_1_567' title='bbox 2240 2511 2306 2563; x_wconf 88' lang='lat' dir='ltr'><strong>de</strong></span> <span class='ocrx_word' id='word_1_568' title='bbox 2331 2509 2434 2565; x_wconf 86' lang='lat' dir='ltr'><strong>hoc</strong></span> <span class='ocrx_word' id='word_1_569' title='bbox 2457 2510 2656 2564; x_wconf 67' lang='lat' dir='ltr'><strong>sreculo</strong></span> <span class='ocrx_word' id='word_1_570' title='bbox 2681 2508 3027 2564; x_wconf 90' lang='lat' dir='ltr'><strong>confessione</strong></span> <span class='ocrx_word' id='word_1_571' title='bbox 3053 2509 3327 2578; x_wconf 73' lang='lat' dir='ltr'><strong>migravit.</strong></span> <span class='ocrx_word' id='word_1_572' title='bbox 3357 2506 3448 2563; x_wconf 86' lang='lat' dir='ltr'><strong>Sic</strong></span> <span class='ocrx_word' id='word_1_573' title='bbox 3474 2508 3556 2563; x_wconf 87' lang='lat' dir='ltr'><strong>sic</strong></span> <span class='ocrx_word' id='word_1_574' title='bbox 3579 2506 3837 2561; x_wconf 87' lang='lat' dir='ltr'><strong>nimirum</strong></span> 
     </span>
    </p>
   </div>
   <div class='ocr_carea' id='block_1_85' title="bbox 2234 2596 3839 2669">
    <p class='ocr_par' dir='ltr' id='par_1_85' title="bbox 2234 2596 3839 2669">
     <span class='ocr_line' id='line_1_85' title="bbox 2234 2596 3839 2669; baseline -0.002 -15"><span class='ocrx_word' id='word_1_575' title='bbox 2234 2610 2411 2656; x_wconf 64' lang='lat' dir='ltr'><strong>ternae</strong></span> <span class='ocrx_word' id='word_1_576' title='bbox 2429 2602 2697 2656; x_wconf 87' lang='lat' dir='ltr'><strong>orationis</strong></span> <span class='ocrx_word' id='word_1_577' title='bbox 2718 2601 2930 2656; x_wconf 86' lang='lat' dir='ltr'><strong>fructus</strong></span> <span class='ocrx_word' id='word_1_578' title='bbox 2952 2599 3207 2666; x_wconf 88' lang='lat' dir='ltr'><strong>ellloruit,</strong></span> <span class='ocrx_word' id='word_1_579' title='bbox 3239 2604 3359 2669; x_wconf 58' lang='lat' dir='ltr'><strong>quae</strong></span> <span class='ocrx_word' id='word_1_580' title='bbox 3390 2598 3641 2653; x_wconf 80' lang='lat' dir='ltr'><strong>videlicet</strong></span> <span class='ocrx_word' id='word_1_581' title='bbox 3661 2596 3839 2652; x_wconf 89' lang='lat' dir='ltr'><strong>oratio</strong></span> 
     </span>
    </p>
   </div>
   <div class='ocr_carea' id='block_1_86' title="bbox 2240 2688 3841 2762">
    <p class='ocr_par' dir='ltr' id='par_1_86' title="bbox 2240 2688 3841 2762">
     <span class='ocr_line' id='line_1_86' title="bbox 2240 2688 3841 2762; baseline -0.003 -16"><span class='ocrx_word' id='word_1_582' title='bbox 2240 2707 2306 2747; x_wconf 83' lang='lat' dir='ltr'><strong>ex</strong></span> <span class='ocrx_word' id='word_1_583' title='bbox 2340 2693 2470 2761; x_wconf 87' lang='lat' dir='ltr'><strong>ipsis</strong></span> <span class='ocrx_word' id='word_1_584' title='bbox 2514 2694 2777 2762; x_wconf 82' lang='lat' dir='ltr'><strong>gehennae</strong></span> <span class='ocrx_word' id='word_1_585' title='bbox 2816 2692 3117 2747; x_wconf 85' lang='lat' dir='ltr'><strong>visceribus</strong></span> <span class='ocrx_word' id='word_1_586' title='bbox 3146 2692 3385 2761; x_wconf 67' lang='lat' dir='ltr'><strong>praedam</strong></span> <span class='ocrx_word' id='word_1_587' title='bbox 3425 2690 3629 2758; x_wconf 82' lang='lat' dir='ltr'><strong>rapuit,</strong></span> <span class='ocrx_word' id='word_1_588' title='bbox 3677 2697 3737 2742; x_wconf 92' lang='lat' dir='ltr'><strong>et</strong></span> <span class='ocrx_word' id='word_1_589' title='bbox 3773 2688 3841 2742; x_wconf 78' lang='lat' dir='ltr'><strong>de</strong></span> 
     </span>
    </p>
   </div>
   <div class='ocr_carea' id='block_1_87' title="bbox 2240 2775 3835 2851">
    <p class='ocr_par' dir='ltr' id='par_1_87' title="bbox 2240 2775 3835 2851">
     <span class='ocr_line' id='line_1_87' title="bbox 2240 2775 3835 2851; baseline -0.001 -19"><span class='ocrx_word' id='word_1_590' title='bbox 2240 2780 2579 2833; x_wconf 79' lang='lat' dir='ltr'><strong>ﬂammarum</strong></span> <span class='ocrx_word' id='word_1_591' title='bbox 2610 2780 2805 2851; x_wconf 80' lang='lat' dir='ltr'><strong>stipula</strong></span> <span class='ocrx_word' id='word_1_592' title='bbox 2834 2782 2887 2835; x_wconf 92' lang='lat' dir='ltr'><strong>in</strong></span> <span class='ocrx_word' id='word_1_593' title='bbox 2918 2789 3189 2835; x_wconf 89' lang='lat' dir='ltr'><strong>structura</strong></span> <span class='ocrx_word' id='word_1_594' title='bbox 3214 2794 3465 2850; x_wconf 56' lang='lat' dir='ltr'><strong>supernas</strong></span> <span class='ocrx_word' id='word_1_595' title='bbox 3491 2775 3835 2833; x_wconf 85' lang='lat' dir='ltr'><strong>Hierusalem</strong></span> 
     </span>
    </p>
   </div>
   <div class='ocr_carea' id='block_1_88' title="bbox 2241 2866 3843 2939">
    <p class='ocr_par' dir='ltr' id='par_1_88' title="bbox 2241 2866 3843 2939">
     <span class='ocr_line' id='line_1_88' title="bbox 2241 2866 3843 2939; baseline -0.002 -16"><span class='ocrx_word' id='word_1_596' title='bbox 2241 2869 2475 2938; x_wconf 75' lang='lat' dir='ltr'><strong>lapidem</strong></span> <span class='ocrx_word' id='word_1_597' title='bbox 2500 2870 2678 2923; x_wconf 89' lang='lat' dir='ltr'><strong>vivum</strong></span> <span class='ocrx_word' id='word_1_598' title='bbox 2709 2870 2907 2939; x_wconf 90' lang='lat' dir='ltr'><strong>posuit.</strong></span> <span class='ocrx_word' id='word_1_599' title='bbox 2958 2869 3086 2925; x_wconf 63' lang='lat' dir='ltr'><strong>Haec</strong></span> <span class='ocrx_word' id='word_1_600' title='bbox 3123 2868 3257 2924; x_wconf 84' lang='lat' dir='ltr'><strong>mihi</strong></span> <span class='ocrx_word' id='word_1_601' title='bbox 3282 2868 3617 2923; x_wconf 84' lang='lat' dir='ltr'><strong>Hutnbertus</strong></span> <span class='ocrx_word' id='word_1_602' title='bbox 3660 2866 3843 2921; x_wconf 86' lang='lat' dir='ltr'><strong>archi-</strong></span> 
     </span>
    </p>
   </div>
   <div class='ocr_carea' id='block_1_89' title="bbox 2243 2954 3839 3029">
    <p class='ocr_par' dir='ltr' id='par_1_89' title="bbox 2243 2954 3839 3029">
     <span class='ocr_line' id='line_1_89' title="bbox 2243 2954 3839 3029; baseline -0.002 -18"><span class='ocrx_word' id='word_1_603' title='bbox 2243 2962 2530 3029; x_wconf 86' lang='lat' dir='ltr'><strong>episcopus</strong></span> <span class='ocrx_word' id='word_1_604' title='bbox 2576 2960 2783 3023; x_wconf 85' lang='lat' dir='ltr'><strong>retulit,</strong></span> <span class='ocrx_word' id='word_1_605' title='bbox 2828 2960 2983 3029; x_wconf 84' lang='lat' dir='ltr'><strong>cujus</strong></span> <span class='ocrx_word' id='word_1_606' title='bbox 3024 2959 3280 3013; x_wconf 90' lang='lat' dir='ltr'><strong>nimirum</strong></span> <span class='ocrx_word' id='word_1_607' title='bbox 3319 2958 3484 3013; x_wconf 79' lang='lat' dir='ltr'><strong>verba</strong></span> <span class='ocrx_word' id='word_1_608' title='bbox 3530 2954 3677 3012; x_wconf 77' lang='lat' dir='ltr'><strong>velut</strong></span> <span class='ocrx_word' id='word_1_609' title='bbox 3707 2970 3839 3026; x_wconf 82' lang='lat' dir='ltr'><strong>apo-</strong></span> 
     </span>
    </p>
   </div>
   <div class='ocr_carea' id='block_1_90' title="bbox 2244 3050 3242 3121">
    <p class='ocr_par' dir='ltr' id='par_1_90' title="bbox 2244 3050 3242 3121">
     <span class='ocr_line' id='line_1_90' title="bbox 2244 3050 3242 3121; baseline 0.001 -19"><span class='ocrx_word' id='word_1_610' title='bbox 2244 3051 2436 3121; x_wconf 69' lang='lat' dir='ltr'><strong>stolica</strong></span> <span class='ocrx_word' id='word_1_611' title='bbox 2466 3051 2720 3105; x_wconf 85' lang='lat' dir='ltr'><strong>videntur</strong></span> <span class='ocrx_word' id='word_1_612' title='bbox 2750 3052 2975 3106; x_wconf 86' lang='lat' dir='ltr'><strong>veritate</strong></span> <span class='ocrx_word' id='word_1_613' title='bbox 3000 3050 3242 3105; x_wconf 62' lang='lat' dir='ltr'><strong>fundata.</strong></span> 
     </span>
    </p>
   </div>
   <div class='ocr_carea' id='block_1_91' title="bbox 2882 3139 3213 3196">
    <p class='ocr_par' dir='ltr' id='par_1_91' title="bbox 2882 3139 3213 3196">
     <span class='ocr_line' id='line_1_91' title="bbox 2882 3139 3213 3196; baseline -0.012 0"><span class='ocrx_word' id='word_1_614' title='bbox 2882 3139 3111 3196; x_wconf 78' lang='lat' dir='ltr'><strong>CAPUT</strong></span> <span class='ocrx_word' id='word_1_615' title='bbox 3149 3141 3213 3194; x_wconf 83' lang='lat' dir='ltr'><strong>V.</strong></span> 
     </span>
    </p>
   </div>
   <div class='ocr_carea' id='block_1_92' title="bbox 2490 3234 3596 3307">
    <p class='ocr_par' dir='ltr' id='par_1_92' title="bbox 2490 3234 3596 3307">
     <span class='ocr_line' id='line_1_92' title="bbox 2490 3234 3596 3307; baseline -0.003 -17"><span class='ocrx_word' id='word_1_616' title='bbox 2490 3235 2644 3302; x_wconf 80' lang='lat' dir='ltr'><strong>Quod</strong></span> <span class='ocrx_word' id='word_1_617' title='bbox 2669 3238 3000 3307; x_wconf 71' lang='lat' dir='ltr'><strong>episcopatus</strong></span> <span class='ocrx_word' id='word_1_618' title='bbox 3027 3237 3099 3290; x_wconf 76' lang='lat' dir='ltr'><strong>sit</strong></span> <span class='ocrx_word' id='word_1_619' title='bbox 3131 3234 3362 3289; x_wconf 75' lang='lat' dir='ltr'><strong>arduum</strong></span> <span class='ocrx_word' id='word_1_620' title='bbox 3389 3250 3596 3289; x_wconf 70' lang='lat' dir='ltr'><strong>mimus.</strong></span> 
     </span>
    </p>
   </div>
   <div class='ocr_carea' id='block_1_93' title="bbox 2321 3324 3846 3397">
    <p class='ocr_par' dir='ltr' id='par_1_93' title="bbox 2321 3324 3846 3397">
     <span class='ocr_line' id='line_1_93' title="bbox 2321 3324 3846 3397; baseline -0.001 -16"><span class='ocrx_word' id='word_1_621' title='bbox 2321 3326 2376 3381; x_wconf 90' lang='lat' dir='ltr'><strong>Si</strong></span> <span class='ocrx_word' id='word_1_622' title='bbox 2409 3340 2538 3397; x_wconf 87' lang='lat' dir='ltr'><strong>ergo</strong></span> <span class='ocrx_word' id='word_1_623' title='bbox 2568 3326 2676 3390; x_wconf 87' lang='lat' dir='ltr'><strong>ille,</strong></span> <span class='ocrx_word' id='word_1_624' title='bbox 2711 3328 2805 3397; x_wconf 87' lang='lat' dir='ltr'><strong>qui</strong></span> <span class='ocrx_word' id='word_1_625' title='bbox 2851 3328 2904 3381; x_wconf 92' lang='lat' dir='ltr'><strong>in</strong></span> <span class='ocrx_word' id='word_1_626' title='bbox 2948 3326 3275 3380; x_wconf 86' lang='lat' dir='ltr'><strong>monachatu</strong></span> <span class='ocrx_word' id='word_1_627' title='bbox 3316 3325 3607 3388; x_wconf 83' lang='lat' dir='ltr'><strong>occiderat,</strong></span> <span class='ocrx_word' id='word_1_628' title='bbox 3642 3324 3846 3393; x_wconf 88' lang='lat' dir='ltr'><strong>quique</strong></span> 
     </span>
    </p>
   </div>
   <div class='ocr_carea' id='block_1_94' title="bbox 2249 3414 3843 3478">
    <p class='ocr_par' dir='ltr' id='par_1_94' title="bbox 2249 3414 3843 3478">
     <span class='ocr_line' id='line_1_94' title="bbox 2249 3414 3843 3478; baseline -0.002 -8"><span class='ocrx_word' id='word_1_629' title='bbox 2249 3416 2314 3470; x_wconf 85' lang='lat' dir='ltr'><strong>de</strong></span> <span class='ocrx_word' id='word_1_630' title='bbox 2345 3414 2458 3468; x_wconf 88' lang='lat' dir='ltr'><strong>sola</strong></span> <span class='ocrx_word' id='word_1_631' title='bbox 2500 3430 2598 3467; x_wconf 88' lang='lat' dir='ltr'><strong>sua</strong></span> <span class='ocrx_word' id='word_1_632' title='bbox 2643 3416 2821 3468; x_wconf 88' lang='lat' dir='ltr'><strong>anima</strong></span> <span class='ocrx_word' id='word_1_633' title='bbox 2865 3415 3127 3469; x_wconf 85' lang='lat' dir='ltr'><strong>rationem</strong></span> <span class='ocrx_word' id='word_1_634' title='bbox 3172 3415 3423 3478; x_wconf 85' lang='lat' dir='ltr'><strong>debebat,</strong></span> <span class='ocrx_word' id='word_1_635' title='bbox 3472 3423 3578 3468; x_wconf 89' lang='lat' dir='ltr'><strong>tam</strong></span> <span class='ocrx_word' id='word_1_636' title='bbox 3615 3414 3843 3469; x_wconf 86' lang='lat' dir='ltr'><strong>terribili</strong></span> 
     </span>
    </p>
   </div>
   <div class='ocr_carea' id='block_1_95' title="bbox 2250 3505 3846 3576">
    <p class='ocr_par' dir='ltr' id='par_1_95' title="bbox 2250 3505 3846 3576">
     <span class='ocr_line' id='line_1_95' title="bbox 2250 3505 3846 3576; baseline 0.001 -19"><span class='ocrx_word' id='word_1_637' title='bbox 2250 3505 2447 3558; x_wconf 88' lang='lat' dir='ltr'><strong>meruit</strong></span> <span class='ocrx_word' id='word_1_638' title='bbox 2491 3506 2757 3560; x_wconf 82' lang='lat' dir='ltr'><strong>sententia</strong></span> <span class='ocrx_word' id='word_1_639' title='bbox 2809 3505 3194 3570; x_wconf 89' lang='lat' dir='ltr'><strong>condemnari;</strong></span> <span class='ocrx_word' id='word_1_640' title='bbox 3245 3520 3351 3576; x_wconf 85' lang='lat' dir='ltr'><strong>qua</strong></span> <span class='ocrx_word' id='word_1_641' title='bbox 3393 3516 3571 3559; x_wconf 85' lang='lat' dir='ltr'><strong>mente</strong></span> <span class='ocrx_word' id='word_1_642' title='bbox 3620 3521 3846 3559; x_wconf 87' lang='lat' dir='ltr'><strong>securus</strong></span> 
     </span>
    </p>
   </div>
   <div class='ocr_carea' id='block_1_96' title="bbox 2248 3595 3848 3668">
    <p class='ocr_par' dir='ltr' id='par_1_96' title="bbox 2248 3595 3848 3668">
     <span class='ocr_line' id='line_1_96' title="bbox 2248 3595 3848 3668; baseline 0.002 -19"><span class='ocrx_word' id='word_1_643' title='bbox 2248 3603 2333 3649; x_wconf 88' lang='lat' dir='ltr'><strong>est</strong></span> <span class='ocrx_word' id='word_1_644' title='bbox 2357 3595 2582 3665; x_wconf 87' lang='lat' dir='ltr'><strong>quilibet</strong></span> <span class='ocrx_word' id='word_1_645' title='bbox 2607 3599 2710 3651; x_wconf 91' lang='lat' dir='ltr'><strong>mei</strong></span> <span class='ocrx_word' id='word_1_646' title='bbox 2735 3596 2925 3653; x_wconf 82' lang='lat' dir='ltr'><strong>similis</strong></span> <span class='ocrx_word' id='word_1_647' title='bbox 2956 3597 3207 3667; x_wconf 87' lang='lat' dir='ltr'><strong>indignus</strong></span> <span class='ocrx_word' id='word_1_648' title='bbox 3232 3599 3539 3668; x_wconf 86' lang='lat' dir='ltr'><strong>episcopus.</strong></span> <span class='ocrx_word' id='word_1_649' title='bbox 3572 3600 3663 3667; x_wconf 85' lang='lat' dir='ltr'><strong>qui</strong></span> <span class='ocrx_word' id='word_1_650' title='bbox 3688 3600 3848 3653; x_wconf 88' lang='lat' dir='ltr'><strong>nimi-</strong></span> 
     </span>
    </p>
   </div>
   <div class='ocr_carea' id='block_1_97' title="bbox 2250 3686 3847 3758">
    <p class='ocr_par' dir='ltr' id='par_1_97' title="bbox 2250 3686 3847 3758">
     <span class='ocr_line' id='line_1_97' title="bbox 2250 3686 3847 3758; baseline 0.002 -21"><span class='ocrx_word' id='word_1_651' title='bbox 2250 3699 2370 3739; x_wconf 73' lang='grc' dir='ltr'>ιἰιειι</span> <span class='ocrx_word' id='word_1_652' title='bbox 2402 3694 2478 3738; x_wconf 88' lang='lat' dir='ltr'><strong>tot</strong></span> <span class='ocrx_word' id='word_1_653' title='bbox 2502 3694 2586 3739; x_wconf 85' lang='lat' dir='ltr'><strong>est</strong></span> <span class='ocrx_word' id='word_1_654' title='bbox 2623 3686 2927 3740; x_wconf 89' lang='lat' dir='ltr'><strong>animarum</strong></span> <span class='ocrx_word' id='word_1_655' title='bbox 2961 3701 3110 3751; x_wconf 87' lang='lat' dir='ltr'><strong>reus,</strong></span> <span class='ocrx_word' id='word_1_656' title='bbox 3140 3696 3272 3756; x_wconf 90' lang='lat' dir='ltr'><strong>quot</strong></span> <span class='ocrx_word' id='word_1_657' title='bbox 3306 3702 3401 3756; x_wconf 90' lang='lat' dir='ltr'><strong>per</strong></span> <span class='ocrx_word' id='word_1_658' title='bbox 3425 3686 3541 3755; x_wconf 75' lang='lat' dir='ltr'><strong>ejus</strong></span> <span class='ocrx_word' id='word_1_659' title='bbox 3571 3687 3847 3758; x_wconf 89' lang='lat' dir='ltr'><strong>negligen-</strong></span> 
     </span>
    </p>
   </div>
   <div class='ocr_carea' id='block_1_98' title="bbox 2252 3777 3849 3850">
    <p class='ocr_par' dir='ltr' id='par_1_98' title="bbox 2252 3777 3849 3850">
     <span class='ocr_line' id='line_1_98' title="bbox 2252 3777 3849 3850; baseline 0.001 -18"><span class='ocrx_word' id='word_1_660' title='bbox 2252 3777 2405 3840; x_wconf 86' lang='lat' dir='ltr'><strong>tiam,</strong></span> <span class='ocrx_word' id='word_1_661' title='bbox 2454 3793 2545 3832; x_wconf 89' lang='lat' dir='ltr'><strong>scu</strong></span> <span class='ocrx_word' id='word_1_662' title='bbox 2589 3794 2754 3849; x_wconf 89' lang='lat' dir='ltr'><strong>prava</strong></span> <span class='ocrx_word' id='word_1_663' title='bbox 2798 3779 3046 3850; x_wconf 81' lang='lat' dir='ltr'><strong>exempla</strong></span> <span class='ocrx_word' id='word_1_664' title='bbox 3082 3779 3422 3850; x_wconf 81' lang='lat' dir='ltr'><strong>depereunt?</strong></span> <span class='ocrx_word' id='word_1_665' title='bbox 3460 3779 3596 3835; x_wconf 87' lang='lat' dir='ltr'><strong>Cum</strong></span> <span class='ocrx_word' id='word_1_666' title='bbox 3632 3790 3849 3835; x_wconf 85' lang='lat' dir='ltr'><strong>constet</strong></span> 
     </span>
    </p>
   </div>
   <div class='ocr_carea' id='block_1_99' title="bbox 2248 3866 3849 3942">
    <p class='ocr_par' dir='ltr' id='par_1_99' title="bbox 2248 3866 3849 3942">
     <span class='ocr_line' id='line_1_99' title="bbox 2248 3866 3849 3942; baseline 0.001 -16"><span class='ocrx_word' id='word_1_667' title='bbox 2248 3866 2419 3926; x_wconf 85' lang='lat' dir='ltr'><strong>fuisse</strong></span> <span class='ocrx_word' id='word_1_668' title='bbox 2444 3869 2864 3941; x_wconf 85' lang='lat' dir='ltr'><strong>nonnullos,pro</strong></span> <span class='ocrx_word' id='word_1_669' title='bbox 2889 3871 2991 3926; x_wconf 90' lang='lat' dir='ltr'><strong>levi</strong></span> <span class='ocrx_word' id='word_1_670' title='bbox 3019 3872 3185 3926; x_wconf 89' lang='lat' dir='ltr'><strong>etiam</strong></span> <span class='ocrx_word' id='word_1_671' title='bbox 3217 3873 3458 3940; x_wconf 86' lang='lat' dir='ltr'><strong>quolibet</strong></span> <span class='ocrx_word' id='word_1_672' title='bbox 3487 3874 3849 3942; x_wconf 80' lang='lat' dir='ltr'><strong>impedimen-</strong></span> 
     </span>
    </p>
   </div>
   <div class='ocr_carea' id='block_1_100' title="bbox 2250 3961 3851 4035">
    <p class='ocr_par' dir='ltr' id='par_1_100' title="bbox 2250 3961 3851 4035">
     <span class='ocr_line' id='line_1_100' title="bbox 2250 3961 3851 4035; baseline 0.004 -21"><span class='ocrx_word' id='word_1_673' title='bbox 2250 3968 2325 4026; x_wconf 91' lang='lat' dir='ltr'><strong>to,</strong></span> <span class='ocrx_word' id='word_1_674' title='bbox 2368 3961 2657 4030; x_wconf 86' lang='lat' dir='ltr'><strong>episcopali</strong></span> <span class='ocrx_word' id='word_1_675' title='bbox 2704 3962 2965 4033; x_wconf 80' lang='lat' dir='ltr'><strong>regimine</strong></span> <span class='ocrx_word' id='word_1_676' title='bbox 3012 3973 3212 4033; x_wconf 82' lang='lat' dir='ltr'><strong>sponte</strong></span> <span class='ocrx_word' id='word_1_677' title='bbox 3255 3964 3509 4029; x_wconf 88' lang='lat' dir='ltr'><strong>nudatos,</strong></span> <span class='ocrx_word' id='word_1_678' title='bbox 3553 3980 3617 4020; x_wconf 79' lang='lat' dir='ltr'><strong>ex</strong></span> <span class='ocrx_word' id='word_1_679' title='bbox 3650 3964 3851 4035; x_wconf 89' lang='lat' dir='ltr'><strong>quibus</strong></span> 
     </span>
    </p>
   </div>
   <div class='ocr_carea' id='block_1_101' title="bbox 2250 4050 3847 4127">
    <p class='ocr_par' dir='ltr' id='par_1_101' title="bbox 2250 4050 3847 4127">
     <span class='ocr_line' id='line_1_101' title="bbox 2250 4050 3847 4127; baseline 0.003 -21"><span class='ocrx_word' id='word_1_680' title='bbox 2250 4052 2340 4106; x_wconf 88' lang='lat' dir='ltr'><strong>hic</strong></span> <span class='ocrx_word' id='word_1_681' title='bbox 2368 4066 2533 4106; x_wconf 87' lang='lat' dir='ltr'><strong>unum</strong></span> <span class='ocrx_word' id='word_1_682' title='bbox 2561 4050 2791 4106; x_wconf 85' lang='lat' dir='ltr'><strong>suﬂiciat</strong></span> <span class='ocrx_word' id='word_1_683' title='bbox 2826 4053 3013 4117; x_wconf 89' lang='lat' dir='ltr'><strong>inseri,</strong></span> <span class='ocrx_word' id='word_1_684' title='bbox 3041 4070 3202 4124; x_wconf 84' lang='lat' dir='ltr'><strong>quem</strong></span> <span class='ocrx_word' id='word_1_685' title='bbox 3226 4054 3468 4125; x_wconf 87' lang='lat' dir='ltr'><strong>profecto</strong></span> <span class='ocrx_word' id='word_1_686' title='bbox 3495 4055 3549 4110; x_wconf 93' lang='lat' dir='ltr'><strong>in</strong></span> <span class='ocrx_word' id='word_1_687' title='bbox 3571 4071 3658 4125; x_wconf 90' lang='lat' dir='ltr'><strong>ea,</strong></span> <span class='ocrx_word' id='word_1_688' title='bbox 3680 4071 3847 4127; x_wconf 88' lang='lat' dir='ltr'><strong>quam</strong></span> 
     </span>
    </p>
   </div>
   <div class='ocr_carea' id='block_1_102' title="bbox 2250 4142 3849 4213">
    <p class='ocr_par' dir='ltr' id='par_1_102' title="bbox 2250 4142 3849 4213">
     <span class='ocr_line' id='line_1_102' title="bbox 2250 4142 3849 4213; baseline 0.003 -16"><span class='ocrx_word' id='word_1_689' title='bbox 2250 4142 2609 4197; x_wconf 77' lang='lat' dir='ltr'><strong>Cassiodorus</strong></span> <span class='ocrx_word' id='word_1_690' title='bbox 2639 4146 2707 4197; x_wconf 91' lang='lat' dir='ltr'><strong>de</strong></span> <span class='ocrx_word' id='word_1_691' title='bbox 2726 4142 2917 4199; x_wconf 62' lang='lat' dir='ltr'><strong>Graeco</strong></span> <span class='ocrx_word' id='word_1_692' title='bbox 2950 4145 3001 4198; x_wconf 90' lang='lat' dir='ltr'><strong>in</strong></span> <span class='ocrx_word' id='word_1_693' title='bbox 3024 4144 3276 4199; x_wconf 84' lang='lat' dir='ltr'><strong>Latinum</strong></span> <span class='ocrx_word' id='word_1_694' title='bbox 3307 4144 3590 4213; x_wconf 82' lang='lat' dir='ltr'><strong>transfert,</strong></span> <span class='ocrx_word' id='word_1_695' title='bbox 3620 4147 3849 4203; x_wconf 81' lang='lat' dir='ltr'><strong>historia</strong></span> 
     </span>
    </p>
   </div>
   <div class='ocr_carea' id='block_1_103' title="bbox 2250 4240 3851 4310">
    <p class='ocr_par' dir='ltr' id='par_1_103' title="bbox 2250 4240 3851 4310">
     <span class='ocr_line' id='line_1_103' title="bbox 2250 4240 3851 4310; baseline 0.002 -17"><span class='ocrx_word' id='word_1_696' title='bbox 2250 4248 2560 4308; x_wconf 88' lang='lat' dir='ltr'><strong>promptum</strong></span> <span class='ocrx_word' id='word_1_697' title='bbox 2611 4248 2695 4292; x_wconf 89' lang='lat' dir='ltr'><strong>est</strong></span> <span class='ocrx_word' id='word_1_698' title='bbox 2745 4240 3006 4310; x_wconf 83' lang='lat' dir='ltr'><strong>reperire,</strong></span> <span class='ocrx_word' id='word_1_699' title='bbox 3057 4240 3212 4309; x_wconf 91' lang='lat' dir='ltr'><strong>cujus</strong></span> <span class='ocrx_word' id='word_1_700' title='bbox 3272 4242 3363 4296; x_wconf 91' lang='lat' dir='ltr'><strong>hic</strong></span> <span class='ocrx_word' id='word_1_701' title='bbox 3414 4240 3657 4296; x_wconf 78' lang='lat' dir='ltr'><strong>historia:</strong></span> <span class='ocrx_word' id='word_1_702' title='bbox 3705 4241 3851 4296; x_wconf 81' lang='lat' dir='ltr'><strong>nuda</strong></span> 
     </span>
    </p>
   </div>
   <div class='ocr_carea' id='block_1_104' title="bbox 2251 4328 3851 4405">
    <p class='ocr_par' dir='ltr' id='par_1_104' title="bbox 2251 4328 3851 4405">
     <span class='ocr_line' id='line_1_104' title="bbox 2251 4328 3851 4405; baseline 0.002 -21"><span class='ocrx_word' id='word_1_703' title='bbox 2251 4330 2516 4384; x_wconf 75' lang='lat' dir='ltr'><strong>duntaxat</strong></span> <span class='ocrx_word' id='word_1_704' title='bbox 2546 4328 2707 4385; x_wconf 88' lang='lat' dir='ltr'><strong>verba</strong></span> <span class='ocrx_word' id='word_1_705' title='bbox 2754 4332 3171 4397; x_wconf 85' lang='lat' dir='ltr'><strong>conscribimus,</strong></span> <span class='ocrx_word' id='word_1_706' title='bbox 3213 4340 3273 4387; x_wconf 85' lang='lat' dir='ltr'><strong>ut</strong></span> <span class='ocrx_word' id='word_1_707' title='bbox 3299 4334 3594 4390; x_wconf 85' lang='lat' dir='ltr'><strong>dubietatis</strong></span> <span class='ocrx_word' id='word_1_708' title='bbox 3623 4348 3851 4405; x_wconf 82' lang='lat' dir='ltr'><strong>scrupu-</strong></span> 
     </span>
    </p>
   </div>
   <div class='ocr_carea' id='block_1_105' title="bbox 2251 4418 3158 4489">
    <p class='ocr_par' dir='ltr' id='par_1_105' title="bbox 2251 4418 3158 4489">
     <span class='ocr_line' id='line_1_105' title="bbox 2251 4418 3158 4489; baseline 0.003 -17"><span class='ocrx_word' id='word_1_709' title='bbox 2251 4418 2361 4473; x_wconf 92' lang='lat' dir='ltr'><strong>lum</strong></span> <span class='ocrx_word' id='word_1_710' title='bbox 2395 4420 2797 4489; x_wconf 87' lang='lat' dir='ltr'><strong>ambigentibns</strong></span> <span class='ocrx_word' id='word_1_711' title='bbox 2824 4421 3158 4479; x_wconf 84' lang='lat' dir='ltr'><strong>auferamus.</strong></span> 
     </span>
    </p>
   </div>
   <div class='ocr_carea' id='block_1_106' title="bbox 2326 4509 3849 4587">
    <p class='ocr_par' dir='ltr' id='par_1_106' title="bbox 2326 4509 3849 4587">
     <span class='ocr_line' id='line_1_106' title="bbox 2326 4509 3849 4587; baseline 0.005 -22"><span class='ocrx_word' id='word_1_712' title='bbox 2326 4509 2598 4577; x_wconf 86' lang='lat' dir='ltr'><strong>Silvanus,</strong></span> <span class='ocrx_word' id='word_1_713' title='bbox 2625 4511 2822 4582; x_wconf 88' lang='lat' dir='ltr'><strong>inquit,</strong></span> <span class='ocrx_word' id='word_1_714' title='bbox 2852 4513 3040 4569; x_wconf 90' lang='lat' dir='ltr'><strong>rhetor</strong></span> <span class='ocrx_word' id='word_1_715' title='bbox 3081 4514 3183 4569; x_wconf 89' lang='lat' dir='ltr'><strong>fuit</strong></span> <span class='ocrx_word' id='word_1_716' title='bbox 3208 4515 3362 4585; x_wconf 90' lang='lat' dir='ltr'><strong>prius</strong></span> <span class='ocrx_word' id='word_1_717' title='bbox 3392 4514 3560 4572; x_wconf 89' lang='lat' dir='ltr'><strong>Troili</strong></span> <span class='ocrx_word' id='word_1_718' title='bbox 3589 4516 3849 4587; x_wconf 64' lang='lat' dir='ltr'><strong>sophistae</strong></span> 
     </span>
    </p>
   </div>
   <div class='ocr_carea' id='block_1_107' title="bbox 2256 4600 3853 4675">
    <p class='ocr_par' dir='ltr' id='par_1_107' title="bbox 2256 4600 3853 4675">
     <span class='ocr_line' id='line_1_107' title="bbox 2256 4600 3853 4675; baseline 0.004 -20"><span class='ocrx_word' id='word_1_719' title='bbox 2256 4600 2573 4671; x_wconf 87' lang='lat' dir='ltr'><strong>discipulus,</strong></span> <span class='ocrx_word' id='word_1_720' title='bbox 2626 4612 2685 4656; x_wconf 87' lang='lat' dir='ltr'><strong>et</strong></span> <span class='ocrx_word' id='word_1_721' title='bbox 2721 4604 2788 4659; x_wconf 91' lang='lat' dir='ltr'><strong>ad</strong></span> <span class='ocrx_word' id='word_1_722' title='bbox 2820 4603 3127 4674; x_wconf 87' lang='lat' dir='ltr'><strong>perfectum</strong></span> <span class='ocrx_word' id='word_1_723' title='bbox 3160 4604 3528 4672; x_wconf 87' lang='lat' dir='ltr'><strong>Christianus,</strong></span> <span class='ocrx_word' id='word_1_724' title='bbox 3573 4606 3853 4675; x_wconf 85' lang='lat' dir='ltr'><strong>vitamque</strong></span> 
     </span>
    </p>
   </div>
   <div class='ocr_carea' id='block_1_108' title="bbox 2255 4692 3852 4765">
    <p class='ocr_par' dir='ltr' id='par_1_108' title="bbox 2255 4692 3852 4765">
     <span class='ocr_line' id='line_1_108' title="bbox 2255 4692 3852 4765; baseline 0.005 -20"><span class='ocrx_word' id='word_1_725' title='bbox 2255 4692 2630 4746; x_wconf 87' lang='lat' dir='ltr'><strong>monachicam</strong></span> <span class='ocrx_word' id='word_1_726' title='bbox 2690 4692 2938 4761; x_wconf 81' lang='lat' dir='ltr'><strong>diligens.</strong></span> <span class='ocrx_word' id='word_1_727' title='bbox 2996 4694 3045 4749; x_wconf 87' lang='lat' dir='ltr'><strong>Is</strong></span> <span class='ocrx_word' id='word_1_728' title='bbox 3090 4696 3236 4750; x_wconf 91' lang='lat' dir='ltr'><strong>enim</strong></span> <span class='ocrx_word' id='word_1_729' title='bbox 3272 4697 3511 4752; x_wconf 90' lang='lat' dir='ltr'><strong>doctoris</strong></span> <span class='ocrx_word' id='word_1_730' title='bbox 3549 4697 3714 4765; x_wconf 87' lang='lat' dir='ltr'><strong>pallio</strong></span> <span class='ocrx_word' id='word_1_731' title='bbox 3772 4699 3852 4753; x_wconf 91' lang='lat' dir='ltr'><strong>uti</strong></span> 
     </span>
    </p>
   </div>
   <div class='ocr_carea' id='block_1_109' title="bbox 2256 4782 3853 4862">
    <p class='ocr_par' dir='ltr' id='par_1_109' title="bbox 2256 4782 3853 4862">
     <span class='ocr_line' id='line_1_109' title="bbox 2256 4782 3853 4862; baseline 0.007 -25"><span class='ocrx_word' id='word_1_732' title='bbox 2256 4782 2519 4853; x_wconf 88' lang='lat' dir='ltr'><strong>despexit.</strong></span> <span class='ocrx_word' id='word_1_733' title='bbox 2554 4784 2723 4852; x_wconf 86' lang='lat' dir='ltr'><strong>Quem</strong></span> <span class='ocrx_word' id='word_1_734' title='bbox 2750 4797 2869 4856; x_wconf 88' lang='lat' dir='ltr'><strong>post</strong></span> <span class='ocrx_word' id='word_1_735' title='bbox 2901 4789 3016 4843; x_wconf 69' lang='lat' dir='ltr'><strong>haec</strong></span> <span class='ocrx_word' id='word_1_736' title='bbox 3050 4790 3266 4846; x_wconf 86' lang='lat' dir='ltr'><strong>Atticus</strong></span> <span class='ocrx_word' id='word_1_737' title='bbox 3290 4792 3578 4862; x_wconf 86' lang='lat' dir='ltr'><strong>episcopus</strong></span> <span class='ocrx_word' id='word_1_738' title='bbox 3604 4807 3853 4862; x_wconf 88' lang='lat' dir='ltr'><strong>compre-</strong></span> 
     </span>
    </p>
   </div>
   <div class='ocr_carea' id='block_1_110' title="bbox 2256 4873 3852 4951">
    <p class='ocr_par' dir='ltr' id='par_1_110' title="bbox 2256 4873 3852 4951">
     <span class='ocr_line' id='line_1_110' title="bbox 2256 4873 3852 4951; baseline 0.009 -23"><span class='ocrx_word' id='word_1_739' title='bbox 2256 4873 2518 4941; x_wconf 87' lang='lat' dir='ltr'><strong>bendens,</strong></span> <span class='ocrx_word' id='word_1_740' title='bbox 2584 4876 2896 4948; x_wconf 82' lang='lat' dir='ltr'><strong>episcopum</strong></span> <span class='ocrx_word' id='word_1_741' title='bbox 2954 4878 3389 4951; x_wconf 86' lang='lat' dir='ltr'><strong>Philippopoleos</strong></span> <span class='ocrx_word' id='word_1_742' title='bbox 3448 4886 3737 4943; x_wconf 84' lang='lat' dir='ltr'><strong>ordinavit.</strong></span> <span class='ocrx_word' id='word_1_743' title='bbox 3779 4890 3852 4942; x_wconf 85' lang='lat' dir='ltr'><strong>At</strong></span> 
     </span>
    </p>
   </div>
   <div class='ocr_carea' id='block_1_111' title="bbox 2257 4963 3851 5047">
    <p class='ocr_par' dir='ltr' id='par_1_111' title="bbox 2257 4963 3851 5047">
     <span class='ocr_line' id='line_1_111' title="bbox 2257 4963 3851 5047; baseline 0.011 -29"><span class='ocrx_word' id='word_1_744' title='bbox 2257 4963 2345 5019; x_wconf 80' lang='lat' dir='ltr'><strong>ille</strong></span> <span class='ocrx_word' id='word_1_745' title='bbox 2374 4965 2545 5020; x_wconf 89' lang='lat' dir='ltr'><strong>tribus</strong></span> <span class='ocrx_word' id='word_1_746' title='bbox 2571 4968 2729 5022; x_wconf 92' lang='lat' dir='ltr'><strong>annis</strong></span> <span class='ocrx_word' id='word_1_747' title='bbox 2755 4968 2810 5023; x_wconf 91' lang='lat' dir='ltr'><strong>in</strong></span> <span class='ocrx_word' id='word_1_748' title='bbox 2839 4967 3075 5025; x_wconf 83' lang='lat' dir='ltr'><strong>Thracia</strong></span> <span class='ocrx_word' id='word_1_749' title='bbox 3104 4970 3326 5041; x_wconf 84' lang='lat' dir='ltr'><strong>degens,</strong></span> <span class='ocrx_word' id='word_1_750' title='bbox 3352 4990 3452 5029; x_wconf 90' lang='lat' dir='ltr'><strong>nec</strong></span> <span class='ocrx_word' id='word_1_751' title='bbox 3478 4974 3679 5047; x_wconf 89' lang='lat' dir='ltr'><strong>frigora</strong></span> <span class='ocrx_word' id='word_1_752' title='bbox 3704 4978 3851 5035; x_wconf 85' lang='lat' dir='ltr'><strong>ferre</strong></span> 
     </span>
    </p>
   </div>
   <div class='ocr_carea' id='block_1_112' title="bbox 2252 5056 3855 5142">
    <p class='ocr_par' dir='ltr' id='par_1_112' title="bbox 2252 5056 3855 5142">
     <span class='ocr_line' id='line_1_112' title="bbox 2252 5056 3855 5142; baseline 0.011 -33"><span class='ocrx_word' id='word_1_753' title='bbox 2252 5056 2460 5121; x_wconf 87' lang='lat' dir='ltr'><strong>valens,</strong></span> <span class='ocrx_word' id='word_1_754' title='bbox 2506 5073 2629 5113; x_wconf 89' lang='lat' dir='ltr'><strong>cum</strong></span> <span class='ocrx_word' id='word_1_755' title='bbox 2683 5060 2905 5115; x_wconf 85' lang='lat' dir='ltr'><strong>haberet</strong></span> <span class='ocrx_word' id='word_1_756' title='bbox 2970 5076 3166 5132; x_wconf 80' lang='lat' dir='ltr'><strong>corpus</strong></span> <span class='ocrx_word' id='word_1_757' title='bbox 3219 5065 3377 5120; x_wconf 83' lang='lat' dir='ltr'><strong>valde</strong></span> <span class='ocrx_word' id='word_1_758' title='bbox 3431 5067 3609 5123; x_wconf 89' lang='lat' dir='ltr'><strong>debile</strong></span> <span class='ocrx_word' id='word_1_759' title='bbox 3687 5079 3855 5142; x_wconf 89' lang='lat' dir='ltr'><strong>atque</strong></span> 
     </span>
    </p>
   </div>
   <div class='ocr_carea' id='block_1_113' title="bbox 2257 5150 3849 5223">
    <p class='ocr_par' dir='ltr' id='par_1_113' title="bbox 2257 5150 3849 5223">
     <span class='ocr_line' id='line_1_113' title="bbox 2257 5150 3849 5223; baseline 0.009 -20"><span class='ocrx_word' id='word_1_760' title='bbox 2257 5150 2477 5215; x_wconf 89' lang='lat' dir='ltr'><strong>subtile,</strong></span> <span class='ocrx_word' id='word_1_761' title='bbox 2503 5153 2712 5223; x_wconf 87' lang='lat' dir='ltr'><strong>rogavit</strong></span> <span class='ocrx_word' id='word_1_762' title='bbox 2735 5155 2971 5209; x_wconf 81' lang='lat' dir='ltr'><strong>Atticum</strong></span> <span class='ocrx_word' id='word_1_763' title='bbox 3001 5165 3060 5211; x_wconf 91' lang='lat' dir='ltr'><strong>ut</strong></span> <span class='ocrx_word' id='word_1_764' title='bbox 3092 5172 3217 5212; x_wconf 91' lang='lat' dir='ltr'><strong>eum</strong></span> <span class='ocrx_word' id='word_1_765' title='bbox 3244 5158 3297 5214; x_wconf 93' lang='lat' dir='ltr'><strong>in</strong></span> <span class='ocrx_word' id='word_1_766' title='bbox 3324 5160 3499 5217; x_wconf 89' lang='lat' dir='ltr'><strong>locum</strong></span> <span class='ocrx_word' id='word_1_767' title='bbox 3528 5163 3692 5218; x_wconf 91' lang='lat' dir='ltr'><strong>alium</strong></span> <span class='ocrx_word' id='word_1_768' title='bbox 3718 5182 3849 5220; x_wconf 86' lang='lat' dir='ltr'><strong>con-</strong></span> 
     </span>
    </p>
   </div>
   <div class='ocr_carea' id='block_1_114' title="bbox 2255 5239 3853 5323">
    <p class='ocr_par' dir='ltr' id='par_1_114' title="bbox 2255 5239 3853 5323">
     <span class='ocr_line' id='line_1_114' title="bbox 2255 5239 3853 5323; baseline 0.011 -31"><span class='ocrx_word' id='word_1_769' title='bbox 2255 5239 2527 5307; x_wconf 77' lang='lat' dir='ltr'><strong>Stitueret,</strong></span> <span class='ocrx_word' id='word_1_770' title='bbox 2560 5243 2766 5309; x_wconf 87' lang='lat' dir='ltr'><strong>dicens,</strong></span> <span class='ocrx_word' id='word_1_771' title='bbox 2792 5259 2899 5298; x_wconf 89' lang='lat' dir='ltr'><strong>non</strong></span> <span class='ocrx_word' id='word_1_772' title='bbox 2926 5243 2996 5299; x_wconf 92' lang='lat' dir='ltr'><strong>ob</strong></span> <span class='ocrx_word' id='word_1_773' title='bbox 3017 5245 3176 5301; x_wconf 89' lang='lat' dir='ltr'><strong>aliam</strong></span> <span class='ocrx_word' id='word_1_774' title='bbox 3202 5262 3446 5312; x_wconf 76' lang='lat' dir='ltr'><strong>causam,</strong></span> <span class='ocrx_word' id='word_1_775' title='bbox 3496 5250 3598 5307; x_wconf 86' lang='lat' dir='ltr'><strong>nisi</strong></span> <span class='ocrx_word' id='word_1_776' title='bbox 3630 5265 3853 5323; x_wconf 81' lang='lat' dir='ltr'><strong>propter</strong></span> 
     </span>
    </p>
   </div>
   <div class='ocr_carea' id='block_1_115' title="bbox 2256 5328 3852 5410">
    <p class='ocr_par' dir='ltr' id='par_1_115' title="bbox 2256 5328 3852 5410">
     <span class='ocr_line' id='line_1_115' title="bbox 2256 5328 3852 5410; baseline 0.011 -29"><span class='ocrx_word' id='word_1_777' title='bbox 2256 5328 2428 5400; x_wconf 85' lang='lat' dir='ltr'><strong>frigus</strong></span> <span class='ocrx_word' id='word_1_778' title='bbox 2448 5346 2510 5385; x_wconf 88' lang='lat' dir='ltr'><strong>ea</strong></span> <span class='ocrx_word' id='word_1_779' title='bbox 2533 5348 2591 5387; x_wconf 87' lang='lat' dir='ltr'><strong>se</strong></span> <span class='ocrx_word' id='word_1_780' title='bbox 2623 5333 2738 5389; x_wconf 86' lang='lat' dir='ltr'><strong>loca</strong></span> <span class='ocrx_word' id='word_1_781' title='bbox 2761 5335 2954 5389; x_wconf 79' lang='lat' dir='ltr'><strong>vitare.</strong></span> <span class='ocrx_word' id='word_1_782' title='bbox 2994 5334 3239 5407; x_wconf 89' lang='lat' dir='ltr'><strong>Cumque</strong></span> <span class='ocrx_word' id='word_1_783' title='bbox 3283 5338 3421 5395; x_wconf 91' lang='lat' dir='ltr'><strong>alter</strong></span> <span class='ocrx_word' id='word_1_784' title='bbox 3447 5356 3545 5410; x_wconf 90' lang='lat' dir='ltr'><strong>pro</strong></span> <span class='ocrx_word' id='word_1_785' title='bbox 3568 5358 3634 5397; x_wconf 87' lang='lat' dir='ltr'><strong>eo</strong></span> <span class='ocrx_word' id='word_1_786' title='bbox 3656 5345 3852 5399; x_wconf 81' lang='lat' dir='ltr'><strong>luisset</strong></span> 
     </span>
    </p>
   </div>
   <div class='ocr_carea' id='block_1_116' title="bbox 2252 5422 3849 5503">
    <p class='ocr_par' dir='ltr' id='par_1_116' title="bbox 2252 5422 3849 5503">
     <span class='ocr_line' id='line_1_116' title="bbox 2252 5422 3849 5503; baseline 0.011 -29"><span class='ocrx_word' id='word_1_787' title='bbox 2252 5422 2556 5488; x_wconf 88' lang='lat' dir='ltr'><strong>ordinatus,</strong></span> <span class='ocrx_word' id='word_1_788' title='bbox 2603 5426 2801 5479; x_wconf 88' lang='lat' dir='ltr'><strong>mansit</strong></span> <span class='ocrx_word' id='word_1_789' title='bbox 2846 5426 3099 5483; x_wconf 88' lang='lat' dir='ltr'><strong>Silvanus</strong></span> <span class='ocrx_word' id='word_1_790' title='bbox 3133 5427 3628 5503; x_wconf 90' lang='lat' dir='ltr'><strong>Constantinopoli,</strong></span> <span class='ocrx_word' id='word_1_791' title='bbox 3682 5436 3849 5491; x_wconf 81' lang='lat' dir='ltr'><strong>vitam</strong></span> 
     </span>
    </p>
   </div>
   <div class='ocr_carea' id='block_1_117' title="bbox 2258 5514 3852 5594">
    <p class='ocr_par' dir='ltr' id='par_1_117' title="bbox 2258 5514 3852 5594">
     <span class='ocr_line' id='line_1_117' title="bbox 2258 5514 3852 5594; baseline 0.01 -30"><span class='ocrx_word' id='word_1_792' title='bbox 2258 5514 2631 5569; x_wconf 88' lang='lat' dir='ltr'><strong>monachicam</strong></span> <span class='ocrx_word' id='word_1_793' title='bbox 2675 5515 2914 5585; x_wconf 88' lang='lat' dir='ltr'><strong>perfecte</strong></span> <span class='ocrx_word' id='word_1_794' title='bbox 2988 5520 3335 5586; x_wconf 78' lang='lat' dir='ltr'><strong>custodiens;</strong></span> <span class='ocrx_word' id='word_1_795' title='bbox 3370 5531 3686 5594; x_wconf 82' lang='lat' dir='ltr'><strong>tantumque</strong></span> <span class='ocrx_word' id='word_1_796' title='bbox 3734 5541 3852 5580; x_wconf 85' lang='lat' dir='ltr'><strong>s.ne</strong></span> 
     </span>
    </p>
   </div>
   <div class='ocr_carea' id='block_1_118' title="bbox 2258 5608 3849 5687">
    <p class='ocr_par' dir='ltr' id='par_1_118' title="bbox 2258 5608 3849 5687">
     <span class='ocr_line' id='line_1_118' title="bbox 2258 5608 3849 5687; baseline 0.009 -25"><span class='ocrx_word' id='word_1_797' title='bbox 2258 5608 2368 5662; x_wconf 90' lang='lat' dir='ltr'><strong>ulla</strong></span> <span class='ocrx_word' id='word_1_798' title='bbox 2405 5609 2508 5664; x_wconf 90' lang='lat' dir='ltr'><strong>fuit</strong></span> <span class='ocrx_word' id='word_1_799' title='bbox 2553 5614 2892 5683; x_wconf 84' lang='lat' dir='ltr'><strong>arrogantia,</strong></span> <span class='ocrx_word' id='word_1_800' title='bbox 2941 5624 3001 5670; x_wconf 92' lang='lat' dir='ltr'><strong>ut</strong></span> <span class='ocrx_word' id='word_1_801' title='bbox 3031 5615 3351 5687; x_wconf 89' lang='lat' dir='ltr'><strong>plerumque</strong></span> <span class='ocrx_word' id='word_1_802' title='bbox 3387 5620 3442 5673; x_wconf 93' lang='lat' dir='ltr'><strong>in</strong></span> <span class='ocrx_word' id='word_1_803' title='bbox 3481 5630 3628 5675; x_wconf 89' lang='lat' dir='ltr'><strong>tanta</strong></span> <span class='ocrx_word' id='word_1_804' title='bbox 3661 5621 3849 5675; x_wconf 88' lang='lat' dir='ltr'><strong>multi-</strong></span> 
     </span>
    </p>
   </div>
   <div class='ocr_carea' id='block_1_119' title="bbox 2261 5704 3844 5783">
    <p class='ocr_par' dir='ltr' id='par_1_119' title="bbox 2261 5704 3844 5783">
     <span class='ocr_line' id='line_1_119' title="bbox 2261 5704 3844 5783; baseline 0.006 -26"><span class='ocrx_word' id='word_1_805' title='bbox 2261 5704 2446 5759; x_wconf 92' lang='lat' dir='ltr'><strong>tudine</strong></span> <span class='ocrx_word' id='word_1_806' title='bbox 2494 5705 2733 5762; x_wconf 85' lang='lat' dir='ltr'><strong>civitatis</strong></span> <span class='ocrx_word' id='word_1_807' title='bbox 2777 5722 2901 5762; x_wconf 90' lang='lat' dir='ltr'><strong>cum</strong></span> <span class='ocrx_word' id='word_1_808' title='bbox 2939 5708 3100 5763; x_wconf 91' lang='lat' dir='ltr'><strong>soleis</strong></span> <span class='ocrx_word' id='word_1_809' title='bbox 3152 5709 3441 5780; x_wconf 81' lang='lat' dir='ltr'><strong>despectus</strong></span> <span class='ocrx_word' id='word_1_810' title='bbox 3506 5712 3844 5783; x_wconf 81' lang='lat' dir='ltr'><strong>procederet.</strong></span> 
     </span>
    </p>
   </div>
   <div class='ocr_carea' id='block_1_120' title="bbox 2259 5795 3849 5877">
    <p class='ocr_par' dir='ltr' id='par_1_120' title="bbox 2259 5795 3849 5877">
     <span class='ocr_line' id='line_1_120' title="bbox 2259 5795 3849 5877; baseline 0.007 -28"><span class='ocrx_word' id='word_1_811' title='bbox 2259 5795 2503 5864; x_wconf 84' lang='lat' dir='ltr'><strong>Quodam</strong></span> <span class='ocrx_word' id='word_1_812' title='bbox 2535 5814 2666 5857; x_wconf 88' lang='lat' dir='ltr'><strong>vero</strong></span> <span class='ocrx_word' id='word_1_813' title='bbox 2699 5808 2939 5872; x_wconf 86' lang='lat' dir='ltr'><strong>tempore</strong></span> <span class='ocrx_word' id='word_1_814' title='bbox 2967 5811 3350 5873; x_wconf 68' lang='lat' dir='ltr'><strong>prretercnnte,</strong></span> <span class='ocrx_word' id='word_1_815' title='bbox 3376 5804 3623 5877; x_wconf 71' lang='lat' dir='ltr'><strong>Trojano:</strong></span> <span class='ocrx_word' id='word_1_816' title='bbox 3651 5804 3849 5874; x_wconf 68' lang='lat' dir='ltr'><strong>praesul</strong></span> 
     </span>
    </p>
   </div>
   <div class='ocr_carea' id='block_1_121' title="bbox 4874 6228 5128 6408">
    <p class='ocr_par' dir='ltr' id='par_1_121' title="bbox 4878 6232 5124 6404">
     <span class='ocr_line' id='line_1_121' title="bbox 4878 6232 5124 6404; baseline 0 -3"><span class='ocrx_word' id='word_1_817' title='bbox 4878 6232 5124 6404; x_wconf 61' lang='grc' dir='ltr'><em>Α</em></span> 
     </span>
    </p>
   </div>
  </div>
