5514 6648
154 0 1647 173 *μ

57 6355 1109 6648 ὲ-

2094 430 2190 483 451

2554 426 2610 483 S.
2652 428 2850 485 PETBl
2891 430 3172 486 DAMEANI
3209 431 3361 489 OPP.
3404 430 3638 488 ’ΠΝυὸ
3680 431 3809 488 SEU
3846 431 4021 488 PARS
4056 432 4611 491 lll.—OPUSCIILA
4656 438 4882 492 VAlllA.

5234 442 5326 493 452

2099 542 2355 595 Ecciesiae
2412 539 2656 602 moritur,
2720 539 3047 612 Troianique
3102 555 3366 599 venerunt
3426 554 3669 612 petentes
3700 550 3742 605 Λ
3774 543 3976 598 malitia
4009 545 4241 600 animam
4278 547 4409 615 (Jer.
4444 549 4538 615 vt).
4576 568 4592 598 ι
4634 548 4847 604 Memini
4879 550 5019 609 enim
5066 566 5204 622 smpe
5251 569 5324 607 me

2092 633 2424 701 episcoqum.
2501 630 2742 699 Cumque
2834 633 3093 701 cogitaret
3166 633 3417 697 Atticus,
3509 648 3666 702 quem

2092 721 2345 777 ordinare
2396 719 2635 785 deberet,
2686 720 2862 773 subito
2888 722 3111 791 conligit
3147 723 3209 775 ad
3253 736 3373 775 eum
3431 720 3667 774 salutan-

2090 811 2218 863 dum
2261 809 2425 881 429
2456 810 2643 863 venire
2700 809 2996 864 Silvanum.
3045 812 3111 864 At
3150 812 3234 865 ille
3284 812 3472 865 videns
3517 827 3664 875 eum,

2090 915 2217 955 mox
2266 900 2503 969 cogitare
2550 900 2801 953 cessavit.
2860 900 3010 955 Tune
3056 902 3122 955 ad
3181 901 3498 954 Silvanum:
3550 900 3665 955 Non

2089 990 2279 1054 habes,
2312 991 2507 1057 inquit,
2538 990 2761 1043 ulterius
2792 992 3171 1054 occasionem,
3205 1007 3302 1060 pro
3344 1007 3447 1059 qua
3492 993 3664 1046 eccle-

2088 1080 2337 1133 siasticas
2375 1095 2533 1133 curas
2560 1080 2733 1147 possis
2783 1079 3034 1149 ellugere.
3080 1080 3235 1149 Troja
3282 1097 3513 1149 namque
3557 1098 3661 1135 non

2090 1169 2253 1223 habet
2284 1168 2471 1238 frigus,
2498 1170 2590 1222 sed
2624 1184 2748 1223 ecce
2774 1178 3061 1237 apparatus
3087 1179 3170 1223 est
3200 1178 3290 1224 luo
3328 1172 3542 1240 corpori
3572 1188 3661 1241 op-

2085 1266 2349 1328 portunus
2375 1276 2403 1312 a
2451 1258 2559 1313 Deo
2604 1258 2788 1323 locus;
2822 1274 3065 1329 prcepara
3105 1275 3233 1329 ergo
3284 1264 3657 1333 temetipsum,

2088 1356 2141 1402 et
2171 1350 2238 1402 ad
2295 1347 2509 1416 Trojam
2558 1350 2813 1405 continuo
2869 1349 3234 1420 proﬁciscere.
3289 1351 3482 1421 Migrat
3534 1368 3659 1424 ergo

2088 1438 2361 1492 Silvanus.

2156 1530 2351 1585 Verum
2379 1532 2423 1586 si
2464 1533 2583 1599 quis
2624 1534 2765 1587 hunc
2796 1532 3029 1588 fortasse
3060 1535 3384 1589 temeritatis
3414 1545 3651 1600 accuset,

2078 1633 2313 1687 eumque
2338 1634 2434 1688 pro
2459 1621 2569 1676 solo
2599 1620 2795 1691 frigore
2844 1624 3189 1677 commissum
3242 1625 3477 1694 regimen
3530 1641 3656 1679 con-

2079 1712 2385 1779 tempsisse,
2417 1722 2575 1781 atque
2602 1728 2701 1782 pro
2723 1715 2963 1783 corporis
2992 1715 3372 1770 commoditate
3416 1717 3479 1769 ad
3511 1715 3653 1769 aliud

2081 1801 2409 1871 demigrasse
2461 1802 2820 1866 condemnet,
2878 1804 3059 1856 audiat
3112 1815 3231 1873 post
3282 1807 3396 1859 haec
3448 1807 3653 1875 insigne

3772 638 3843 690 ita
3874 636 4037 689 divini
4067 638 4265 692 amoris
4297 641 4417 708 igne
4448 654 4790 705 succensum,
4821 651 4878 694 ut
4926 651 5164 713 optarem
5205 661 5320 715 pro-

3772 730 3912 781 tinus
3941 728 4174 781 claustra
4206 732 4388 784 carnis
4436 730 4724 801 ellringere
4749 774 4761 794 ,
4790 742 4843 787 et
4886 734 5035 801 quasi
5077 736 5142 788 de
5181 750 5324 791 emno

3767 820 4003 886 solutus,
4056 832 4108 875 et
4144 824 4503 878 carceralihus
4560 827 4839 889 tenebris,
4892 827 4959 880 ad
5014 828 5324 884 (eternitatis

3766 914 3947 969 lumen
3996 916 4306 969 medullitus
4339 917 4611 971 anhelare.
4667 918 4797 972 Erat
4825 918 4965 971 enim
5011 918 5137 972 mihi
5168 929 5322 987 tunc,

3766 1004 4019 1072 sicutpcr
4044 1006 4359 1073 prophetam
4410 1006 4667 1061 Dominus
4715 1009 4996 1077 pollicetur
5022 1049 5035 1073 ,
5072 1025 5165 1062 eor
5206 1026 5321 1063 ear-

3764 1108 3947 1158 neum,
3988 1096 4096 1147 sive
4126 1104 4185 1148 ut
4208 1097 4337 1150 mihi
4370 1097 4653 1150 videbatur
4677 1138 4690 1161 ,
4743 1113 4955 1151 cereum
4984 1096 5194 1166 (Ezech.
5228 1104 5323 1165 xx).

3764 1182 3916 1248 Quod
3975 1186 4224 1238 nimirum
4281 1186 4531 1241 desiderii
4595 1188 4833 1242 caelestis
4890 1187 5119 1241 afflatum
5170 1187 5323 1259 530

3765 1272 3975 1327 ﬂamma
4026 1274 4344 1345 liquesceret
4372 1317 4386 1340 ,
4435 1287 4488 1331 et
4534 1278 4791 1332 uberibus
4838 1276 5087 1348 lacrymis
5133 1276 5320 1331 ﬂebilia

3763 1362 4071 1432 frequenter
4114 1382 4206 1419 ora
4256 1367 4477 1434 rigaret.
4524 1367 4816 1422 llorrebam
4862 1368 5086 1433 audire,
5130 1379 5321 1437 quanto

3762 1454 3931 1523 magis
3980 1470 4073 1508 ore
4120 1454 4396 1524 proferre,
4454 1459 4711 1525 quidquid
4750 1474 4856 1512 non
4908 1459 5229 1527 provocabat
5258 1458 5321 1511 ad

3760 1544 4052 1609 Christum,
4094 1562 4393 1617 onmesque
4428 1565 4597 1618 nugas
4632 1551 4745 1603 sive
4794 1551 4995 1605 naenias
5039 1550 5319 1605 verborum

3760 1638 4098 1691 saecularium
4123 1639 4269 1693 velut
4303 1641 4469 1693 rictus
4496 1656 4710 1705 canum,
4740 1641 4851 1695 sive
4880 1657 5087 1696 morsus
5114 1656 5322 1710 serpen-

3760 1729 3891 1780 tium
3949 1729 4289 1795 deputabam.
4352 1729 4503 1797 Srepe
4562 1731 4849 1785 cernebam
4904 1731 5321 1800 pra-semissium

3760 1821 3954 1873 mentis
3990 1821 4183 1874 intuitu
4230 1821 4502 1875 Christum
4547 1822 4715 1876 clavis
4766 1821 5115 1885 allisumJ’n
5164 1838 5321 1877 cruce

2079 1905 2177 1959 per
2205 1905 2325 1945 eum
2355 1891 2613 1945 claruisse
2665 1892 3005 1957 miraculum,
3046 1905 3097 1949 et
3142 1897 3218 1949 sic
3257 1896 3449 1951 saltem
3492 1898 3651 1953 livido
3683 1906 3726 1963 Β
3756 1912 4100 1981 pendi-"lem,
4141 1915 4257 1968 avia

3142 1897 3218 1987 Sic
3257 1896 3449 1987 Sﬂgllcm
3492 1898 3651 1953 Ιίνὶιίο
3683 1906 3726 1963 Β
3756 1912 4100 1981 pendentem,
4141 1915 4436 1983 avidusque
4468 1917 4829 1987 suspiciebant
4878 1918 5163 1972 stillantem
5200 1932 5320 1987 sup-

2074 1982 2517 2048 reprehensionis
2541 1998 2721 2036 morsu
2764 1983 3008 2038 lacerare
3046 1986 3255 2039 desinat
3302 1985 3530 2055 justum.
3561 1988 3651 2043 Sic

2083 2072 2228 2124 enim
2294 2072 2561 2141 subjungit
2633 2072 2894 2127 historia:
2926 2073 3041 2140 Quo
3092 2075 3276 2140 facto,
3332 2078 3652 2133 miraculum

2074 2160 2225 2228 quod
2257 2160 2396 2215 inter
2425 2177 2615 2215 manus
2660 2162 2775 2230 ejus
2819 2165 3109 2218 accesserit
3157 2167 3441 2221 enarrabo.
3491 2166 3651 2219 Navis

2078 2250 2335 2313 maxima,
2366 2267 2482 2319 qua:
2516 2252 2744 2321 grandes
2773 2254 3051 2309 columnas
3094 2257 3347 2321 devexit,
3390 2274 3559 2325 nuper
3598 2260 3649 2312 in

2082 2340 2263 2395 littore
2296 2339 2528 2407 Trojano
2552 2342 2951 2408 fabricabatur;
2982 2360 3212 2414 cumque
3256 2361 3375 2399 eam
3402 2346 3472 2399 ad
3504 2363 3651 2403 mare

2081 2430 2275 2484 ducere
2319 2430 2612 2485 voluissent
2640 2470 2654 2495 ,
2708 2432 2892 2486 multis
2937 2430 3153 2486 funibus
3180 2474 3193 2497 ,
3243 2444 3404 2503 atque
3454 2438 3651 2506 populo

2081 2520 2348 2585 trahente,
2376 2520 2676 2575 nullatenus
2709 2524 3042 2578 movebatur.
3078 2524 3227 2589 Quod
3257 2528 3378 2580 dum
3408 2530 3651 2596 plurimis

2078 2613 2265 2667 diebus
2292 2624 2570 2685 ageretur,
2626 2619 2879 2687 suspicati
2913 2630 3037 2674 sunt
3090 2638 3280 2676 navem
3310 2638 3340 2676 a
3388 2624 3651 2677 daamonio

2078 2704 2323 2759 retineri.
2361 2706 2510 2761 Tunc
2540 2708 2606 2762 ad
2656 2708 2934 2765 Silvanum
2984 2713 3261 2767 venientes
3314 2716 3645 2783 episcopum,

2083 2806 2410 2865 rogaverunt
2434 2814 2596 2864 eum,
2636 2810 2693 2853 ut
2742 2801 2794 2854 in
2843 2817 2907 2856 eo
2957 2803 3073 2858 loco
3121 2805 3275 2859 daret
3324 2806 3646 2870 orationem,

2077 2891 2365 2945 credentes
2412 2891 2515 2946 hoc
2568 2894 2729 2947 modo
2782 2893 2942 2965 [deest
2990 2896 3062 2949 ibi
3098 2912 3252 2966 posse
3280 2938 3294 2961 ,
3343 2896 3419 2950 re!
3448 2897 3648 2967 aliquid

2082 2984 2368 3056 ejusmodi]
2401 2986 2539 3039 trahi
2576 3001 2789 3042 navem.
2816 2988 2885 3041 At
2931 2987 3019 3041 ille
3063 2987 3250 3041 humili
3282 3002 3530 3041 sermone
3567 2988 3647 3041 di-

2076 3074 2232 3129 cebat
2260 3089 2317 3129 se
2346 3090 2464 3129 esse
2492 3086 2851 3145 peccatorem,
2885 3091 3133 3131 asserens
3168 3079 3269 3131 hoc
3299 3092 3433 3146 opus
3479 3076 3647 3131 alicu-

2068 3164 2156 3233 ius
2181 3180 2301 3220 esse
2345 3165 2517 3234 justi,
2548 3183 2653 3222 non
2705 3183 2881 3222 suum.
2937 3167 3105 3233 Quem
3146 3168 3272 3221 dum
3325 3178 3645 3237 rogassent,

3756 2005 3929 2074 posito
3965 2022 4059 2060 ore
4092 2021 4361 2059 cruorem.
4393 2008 4559 2059 Porro
4581 2008 4622 2060 si
4651 2008 4794 2060 nitar
4822 1995 5057 2075 apicibus
5109 2007 5318 2063 tradere

3754 2098 4015 2165 quidquid
4041 2098 4168 2150 mihi
4201 2096 4557 2164 contemplari
4592 2098 4820 2151 dabatur
4851 2138 4864 2161 ,
4925 2097 5007 2150 vel
5048 2098 5111 2151 de
5146 2111 5320 2151 sacrm

3758 2188 3957 2240 tissima
3983 2189 4150 2240 nostri
4183 2187 4557 2256 Redemptoris
4585 2187 4942 2251 humanitate,
4988 2186 5067 2242 vel
5114 2186 5179 2241 de
5216 2187 5307 2241 illa

3754 2280 3993 2334 cwlestis
4019 2281 4199 2348 gloriae
4233 2281 4574 2333 inenarrabili
4614 2282 4812 2349 specie,
4850 2290 4969 2334 ante
5004 2280 5117 2333 dies
5145 2277 5313 2333 elabi-

3754 2383 3842 2427 tur
3892 2388 4052 2441 quam
4087 2374 4158 2425 rei
4192 2376 4358 2427 series
4390 2374 4683 2441 digeratur.
4722 2372 4870 2427 Nune
4922 2383 5098 2441 autem
5151 2373 5314 2427 durus

3752 2472 3805 2519 et
3833 2479 4046 2529 saxeus,
4088 2466 4211 2518 dum
4268 2466 4497 2534 negotiis
4527 2464 4729 2534 jugiter
4779 2464 5134 2519 exterioribus
5183 2473 5317 2517 atte-

3753 2571 3862 2620 ror,
3880 2556 3931 2607 in
3956 2556 4381 2622 compunctionis
4400 2557 4601 2608 intimre
4624 2555 4889 2624 lacryatas
4910 2568 5030 2609 nonr
5050 2554 5312 2609 resolvor.

3754 2643 4041 2697 Enimvero
4070 2658 4207 2713 saepe
4235 2659 4449 2697 manum
4481 2660 4599 2699 meo
4648 2644 4850 2714 pectori
4898 2659 5197 2713 superpono
5220 2685 5235 2708 ,
5266 2654 5318 2697 ct

3751 2734 4052 2785 animarum
4085 2734 4293 2787 medico
4337 2735 4489 2801 quasi
4527 2735 4868 2801 purulentum
4913 2734 5103 2788 vulnus
5138 2744 5315 2788 osten-

3750 2819 3836 2884 do,
3866 2821 4169 2885 clamitans,
4200 2830 4254 2875 et
4293 2822 4477 2875 intima
4522 2824 4912 2893 supplicatione
4962 2824 5265 2879 vociferans
5298 2843 5310 2877 :

3751 2911 3850 2977 Qui
3875 2927 4153 2975 cavernas,
4185 2913 4427 2981 inquam,
4461 2922 4723 2968 tartareas
4782 2915 5076 2969 divinitatis
5103 2925 5203 2969 tute
5232 2932 5316 2968 ra-

3752 3000 3854 3054 diis
3879 3000 4178 3065 illustrasti,
4224 3002 4405 3055 cordis
4452 3000 4609 3069 hujus
4658 3005 4908 3059 tenebras
4958 3005 5205 3069 dimove,
5255 3021 5316 3057 ac

3749 3092 3993 3144 veritatis
4048 3101 4150 3146 tua:
4195 3093 4310 3146 luce
4358 3087 4593 3147 serenus
4640 3093 4857 3165 infulge.
4916 3095 5021 3150 Sed
5066 3096 5314 3150 clamanti

3750 3196 3905 3233 secus
3933 3181 4075 3233 viam
4123 3196 4264 3234 areo
4304 3180 4458 3234 Iesus
4506 3182 4800 3251 aliquando
4844 3193 4951 3238 stat
4980 3187 4996 3254 (
5021 3183 5209 3237 Hall/1.
5237 3201 5267 3237 Χ
5296 3201 5312 3245 ;

2068 3254 2217 3307 venit
2243 3256 2309 3307 ad
2340 3255 2509 3320 littus,
2548 3255 2799 3325 factaque
2824 3259 3089 3317 oratione,
3125 3258 3298 3327 tetigit
3342 3274 3506 3311 unum
3556 3259 3640 3312 fu-
3670 3256 3715 3317 C
3748 3270 3875 3324 Luc.
3911 3272 4108 3341 xvin.),
4160 3273 4447 3340 lumenque
4495 3273 4755 3331 reformat
4788 3292 4799 3337 ;
4844 3274 5127 3343 aliquando
5183 3289 5309 3343 per-

2070 3360 2216 3409 nem,
2239 3345 2436 3413 jubens
2483 3356 2542 3401 ut
2568 3348 2877 3401 insisterent
2904 3348 3053 3418 operi
3091 3364 3211 3404 cum
3252 3348 3451 3404 labore.
3488 3349 3639 3405 Tunc

2067 3434 2181 3489 illis
2226 3434 2462 3488 breviter
2492 3435 2909 3505 impellentibus,
2939 3438 3137 3491 cursim
3185 3438 3337 3492 navis
3384 3438 3449 3492 ad
3493 3454 3641 3493 mare

2068 3524 2352 3593 processit.
2401 3525 2512 3581 Hoc
2569 3528 2883 3581 miraculum
2934 3528 3291 3582 reverentiam
3347 3528 3486 3583 illius
3537 3530 3637 3583 viri

2061 3623 2291 3670 cunctos
2347 3614 2474 3671 fecit
2533 3618 2731 3673 habere
2803 3619 3174 3689 provinciales.
3248 3619 3533 3676 Enimvero
3593 3622 3637 3675 si

2062 3708 2428 3776 episcopatum
2482 3707 2796 3764 dimittendo
2824 3751 2837 3773 ,
2881 3719 3043 3779 atque
3090 3712 3156 3765 ad
3199 3711 3363 3765 alium
3413 3714 3638 3767 commi-

2062 3795 2269 3863 grando
2306 3794 2554 3851 Silvanus
2580 3798 2679 3852 iste
2705 3808 3005 3868 peccasset,
3032 3815 3134 3853 non
3168 3800 3221 3853 in
3253 3810 3468 3855 ostensa
3499 3802 3637 3870 signi

2063 3884 2258 3938 virtute
2298 3886 2576 3952 mirabilis,
2605 3890 2697 3943 sed
2734 3899 2884 3943 reatu
2930 3891 3106 3959 potius
3137 3891 3461 3945 miserabilis
3491 3893 3638 3946 vide-

2064 3981 2230 4028 retur.
2262 3973 2445 4030 Virtus
2472 3991 2599 4045 ergo
2647 3979 2889 4033 miraculi
2936 3980 3302 4034 testimonium
3353 3983 3634 4051 perhibuit

2064 4065 2357 4119 sanctitati.
2385 4065 2552 4121 Porro
2570 4076 2770 4131 autem,
2800 4068 2843 4122 si
2882 4069 3247 4138 episcopatum
3275 4112 3288 4134 ,
3318 4081 3376 4125 ut
3415 4072 3631 4136 dicitur,

2064 4154 2212 4210 nulla
2253 4155 2379 4211 licet
2422 4157 2628 4212 ratione
2675 4160 2981 4224 dimittere,
3023 4161 3149 4229 quid
3196 4170 3318 4226 est,
3363 4163 3506 4231 quod
3560 4172 3635 4219 tot

2069 4250 2241 4303 sancti
2289 4249 2575 4318 pontifices
2639 4268 2734 4321 per
2769 4253 3116 4307 historiarum
3164 4254 3365 4323 passim
3408 4270 3633 4324 quaeque

2062 4338 2333 4392 volumina
2369 4340 2711 4409 reperiuntur
2739 4342 2805 4396 de
2842 4344 2953 4397 suis
2976 4358 3037 4398 se
3079 4343 3336 4400 Ecclesiis
3383 4345 3449 4399 ad
3500 4348 3632 4401 alias

2061 4432 2422 4498 transtulisse,
2481 4450 2601 4488 cum
2650 4436 2889 4504 profecto
2930 4452 3055 4492 suas
3100 4450 3224 4493 ante
3269 4439 3632 4509 relinquerent

2058 4538 2220 4592 quam
2249 4525 2316 4577 ad
2347 4525 2581 4595 reliquas
2610 4528 3099 4598 transmigrarent?
3128 4529 3362 4597 Quorum
3388 4532 3629 4602 plerique

2062 4630 2187 4668 cum
2215 4617 2561 4670 commissum
2594 4619 2829 4688 regimen
2886 4630 3243 4689 spernerent,
3288 4623 3354 4676 ad
3401 4622 3543 4678 aliud
3573 4640 3630 4679 se

2058 4709 2378 4764 transituros
2405 4712 2577 4766 adhuc
2606 4712 2841 4767 funditus
2867 4714 3201 4784 ignorabant.

2131 4797 2195 4849 Et
2229 4809 2375 4853 certe
2434 4801 2545 4869 ipsa
2576 4804 2711 4856 ratio
2734 4803 2911 4869 docet,
2960 4806 3135 4859 minus
3182 4821 3302 4861 esse
3340 4824 3459 4861 cum
3497 4812 3629 4864 sim-

2055 4888 2267 4955 pliciter
2296 4893 2364 4944 ab
2396 4894 2701 4961 episcopatu
2735 4895 3034 4961 desistitur,
3076 4912 3237 4965 quam
3268 4914 3390 4951 eum
3422 4914 3486 4953 ex
3518 4916 3625 4953 uno

2055 4979 2123 5033 ad
2148 4979 2310 5033 alium
2338 4984 2769 5053 transmigratur.
2809 4984 2922 5039 Non
2964 4986 3125 5057 igitur
3146 4988 3213 5041 ab
3242 5003 3307 5042 eo
3345 5005 3428 5042 me
3473 4990 3624 5044 cohi-

2055 5072 2206 5125 bebit
2231 5073 2488 5128 moderna
2528 5076 2785 5138 versutia,
2830 5078 2895 5130 ad
2918 5078 3059 5147 quod
3100 5080 3485 5134 vcnerabilium
3534 5080 3628 5133 Pa-

2056 5169 2199 5215 trum
2230 5164 2581 5218 eohortantur
2614 5168 2877 5239 exempla.
2904 5169 3213 5234 Enimvero,
3241 5171 3288 5223 si
3323 5172 3511 5225 beatus
3539 5171 3628 5226 ille

2052 5253 2307 5309 Silvanus
2341 5264 2560 5325 prepter
2586 5257 2755 5312 solum
2785 5260 3030 5328 corporis
3056 5260 3229 5331 frigus
3250 5261 3623 5331 episcopatum

2052 5346 2170 5399 sine
2195 5348 2613 5417 reprehensione
2662 5349 2899 5403 deseruit
2924 5368 2938 5415 ;
2966 5366 3061 5405 cur
3082 5365 3205 5422 ego,
3230 5344 3418 5421 'spreto
3446 5363 3625 5423 pasto-

2054 5436 2151 5489 rali
2184 5438 2462 5509 regimine,
2491 5442 2930 5510 transgressionis
2974 5458 3189 5511 arguar,
3234 5445 3329 5513 qui
3379 5444 3621 5516 quotidie

2054 5542 2309 5581 curarum
2368 5530 2704 5585 Stecularium
2751 5535 2980 5603 negotiis
3024 5535 3305 5601 irretitus,
3369 5553 3396 5590 a
3452 5538 3616 5591 divini

2051 5620 2253 5674 amoris
2310 5621 2521 5677 fervore
2572 5633 2831 5694 tepesco,
2885 5637 2938 5681 et
2992 5628 3297 5683 lethiferum
3360 5631 3619 5701 torpentis

2051 5709 2244 5764 anima:
2286 5708 2453 5781 frigus
2505 5714 2763 5795 incurro?
2796 5717 3007 5772 dicente
3052 5717 3371 5788 Scriptura:
3414 5738 3431 5769 ι
3468 5718 3620 5775 Sicut

2052 5794 2295 5869 frigidam
2328 5798 2454 5856 facit
2500 5794 2734 5859 cisterna
2779 5821 3007 5877 aquam,
3058 5808 3137 5865 sic
3187 5809 3435 5880 frigidam
3490 5811 3620 5867 facit

3743 3363 3956 3425 transit,
3982 3370 4236 3431 tanquam
4285 3363 4548 3417 desi-liose
4572 3362 4890 3417 clamantem
4926 3378 5039 3417 non
5087 3364 5310 3427 audiat;

3743 3452 3927 3521 sicque
3960 3453 4124 3506 miser
4174 3468 4348 3507 caecus
4410 3454 4462 3507 in
4520 3468 4614 3507 sua
4673 3453 5022 3508 nihilominus
5072 3454 5313 3509 caecitate

3742 3544 4011 3611 perdurat.
4047 3544 4195 3612 Ego,
4248 3559 4385 3612 ego,
4447 3546 4578 3614 proli
4634 3544 4822 3599 dolor!
4878 3554 5127 3614 tanquam
5180 3547 5307 3602 alter

3742 3632 3967 3687 Samson
4020 3634 4217 3702 (Judic.
4281 3635 4405 3703 va)
4469 3635 4797 3704 scptiformis
4852 3635 5083 3704 Spiritus
5138 3638 5311 3691 sancti

3739 3725 3900 3786 dona,
3930 3726 4081 3793 quasi
4113 3734 4315 3794 septem
4344 3726 4543 3792 crines,
4589 3727 4841 3782 amisisse
4885 3741 4968 3780 me
5011 3725 5221 3793 deﬂeo;
5260 3740 5309 3783 et

3739 3814 3948 3870 eﬂossis
3976 3817 4145 3871 oculis
4174 3833 4277 3872 non
4308 3816 4519 3881 frontis,
4548 3818 4641 3873 sed
4679 3819 4878 3882 cordis,
4910 3832 5158 3872 curarum
5189 3835 5291 3875 sa:-

3739 3908 3998 3963 cularium
4033 3910 4225 3964 molam
4256 3911 4429 3965 volvo.
4466 3913 4575 3981 Ego
4613 3912 4701 3965 ille
4732 3911 5020 3967 Sedechias
5041 3952 5053 3974 ,
5086 3913 5167 3966 cui
5200 3928 5293 3966 rex

3737 3999 4091 4071 Bahylonicus
4122 4002 4268 4071 prius
4302 4003 4437 4057 filios
4474 4002 4825 4065 interﬁciens,
4870 4003 5130 4057 bonorum
5178 4019 5306 4073 ope.

3737 4106 3856 4144 rum
3886 4090 4092 4145 fructus
4152 4093 4373 4145 abstulit
4420 4092 4524 4162 (IV
4575 4093 4703 4163 Reg.
4759 4101 4884 4165 xxv)
4917 4112 4928 4145 :
4959 4094 5299 4161 postmodum

3736 4182 3918 4236 oculos
3944 4182 4101 4245 eruit,
4135 4182 4259 4236 dum
4290 4185 4761 4253 contemplationis
4810 4186 5007 4239 intimae
5057 4186 5175 4240 luce
5197 4187 5303 4256 pri-

3737 4273 3900 4325 vavit.
3934 4272 3989 4326 Si
4023 4273 4186 4343 igitur
4223 4285 4444 4329 sanctus
4476 4276 4563 4330 ille
4604 4278 4686 4329 vir
4710 4318 4723 4342 ,
4770 4276 5020 4331 Silvanus
5063 4278 5297 4339 scilicet,

3735 4374 3953 4434 propter
3976 4366 4143 4420 solam
4184 4368 4429 4436 corporis
4477 4369 4967 4425 incommoditatem
5018 4386 5123 4425 non
5158 4386 5295 4426 cun-

3734 4465 3909 4512 ctatus
3936 4466 4019 4513 est
4044 4459 4315 4514 dimittere
4337 4458 4619 4515 Thraciam
4650 4482 4661 4516 :
4690 4478 4787 4517 cur
4809 4477 4906 4532 ego
4931 4478 5033 4516 non
5058 4463 5301 4518 deseram

3733 4563 3830 4616 pro
3851 4548 4109 4602 cavendis
4141 4558 4215 4601 tot
4246 4550 4437 4604 anima:
4468 4551 4778 4606 vulneribus
4810 4551 5077 4605 Romam?
5113 4551 5296 4619 Quan-

3738 4655 3897 4707 quam
3933 4648 3987 4693 et
4018 4641 4115 4710 ipsi
4148 4642 4356 4711 corpori
4403 4657 4521 4696 meo
4559 4659 4662 4697 non
4692 4644 4761 4697 sit
4804 4658 5022 4712 prorsus
5064 4643 5300 4707 innoxia,

3728 4737 3921 4797 utpote
3950 4728 4098 4783 ferax
4137 4730 4363 4785 febrium
4419 4746 4518 4785 nec
4546 4748 4824 4802 vagarum.
4863 4732 5012 4787 Unde
5053 4740 5109 4787 et
5140 4740 5298 4787 tetra-

3736 4817 3944 4871 stichon
3984 4818 4083 4872 hoc
4107 4818 4232 4873 olim
4266 4820 4554 4889 protulisse
4582 4836 4667 4876 me
4694 4822 4933 4876 memini:

4271 4946 4467 4985 VERSUS
4507 4945 4571 4985 DE
4611 4946 4772 4984 ROMA.

3732 5063 3900 5119 Roma
3922 5079 4086 5119 vorax
4123 5064 4422 5127 hominum,
4452 5064 4634 5119 domat
4659 5064 4821 5119 ardua
4852 5065 4984 5119 colla
5015 5066 5247 5122 vimrum
5275 5089 5286 5123 :

3732 5153 3898 5208 Roma
3931 5152 4078 5207 ferax
4108 5154 4355 5216 febrium,
4388 5154 4534 5208 necis
4561 5164 4646 5209 est
4672 5156 4945 5208 uberrima
4981 5153 5213 5227 frugum.

3728 5243 3984 5299 Romanae
4016 5244 4195 5299 febres
4224 5245 4402 5299 stabili
4434 5254 4557 5298 sunt
4570 5244 4694 5313 jure
4724 5245 4927 5299 fideles.

3725 5334 3893 5402 Quem
3924 5335 4088 5389 semel
4124 5336 4403 5400 invadunt,
4433 5336 4517 5388 vis
4550 5351 4577 5390 a
4601 5336 4816 5391 vivente
4839 5338 5116 5393 recedunt.

3724 5446 3930 5501 Anima:
3973 5446 4166 5516 igitur,
4223 5447 4381 5501 simul
4430 5457 4482 5499 et
4530 5448 4773 5516 corporis
4833 5448 5154 5504 adversitate
5197 5450 5286 5503 dc-

3726 5546 3943 5601 tentus,
4001 5546 4302 5592 revertatur
4356 5537 4609 5608 fugitivus
4655 5543 4721 5592 ad
4780 5539 5050 5593 dominum
5094 5555 5283 5603 suum,

3724 5628 3921 5695 spretis
3945 5627 4147 5697 porcis,
4172 5637 4224 5683 et
4251 5628 4459 5699 siliquis
4486 5670 4500 5693 ,
4534 5630 4599 5682 ad
4652 5630 4820 5697 patris
4866 5630 5105 5685 osculum
5150 5633 5283 5687 titius

3726 5723 3947 5777 reddeat
3978 5721 4129 5793 (Luc.
4167 5721 4256 5793 xv)
4294 5740 4306 5775 :
4350 5723 4414 5776 ad
4449 5722 4591 5776 vires
4619 5720 4847 5776 Samson
4876 5724 5150 5793 pristinas,
5190 5742 5280 5779 ca-

3723 5813 3860 5883 pillis
3916 5816 4319 5871 renascentibus
4346 5856 4360 5881 ,
4422 5815 4710 5871 incalescat
4746 5815 4943 5887 (.ludic.
4974 5818 5110 5885 xvi),
5157 5831 5280 5887 qua-
