5514 6602
561 440 663 495 435

1367 432 1610 492 OPUSC.
1657 431 1799 488 XIX.
1829 463 1896 473 —-
1928 431 2015 487 DE
2055 430 2518 489 ABDICATIONE
2562 435 3067 496 EPISCOPATUS.

3746 446 3848 502 451

556 562 714 608 tenus
740 550 935 605 stolam
961 548 1190 619 primam
1218 586 1233 611 ,
1280 561 1445 617 quam
1489 545 1785 610 amiserat,
1830 543 2018 599 induat
2043 584 2056 608 ,
2089 552 2144 597 et
2176 546 2222 603 Α
2251 555 2357 598 tam
2383 548 2610 603 honeste
2631 550 2877 617 vixisset,
2896 554 3286 622 audivit:Quia
3304 566 3525 627 propter
3555 566 3849 631 quamdam

560 645 796 700 victores
828 656 958 697 suos
987 638 1254 711 reparatis
1281 638 1490 693 viribus
1531 643 1758 693 sternat.

1160 750 1390 808 CAPUT
1429 751 1517 806 Vl.

557 846 639 902 De
681 847 965 903 simoniaco
1011 845 1249 914 episeopo
1278 883 1293 906 ,
1340 843 1431 912 qui
1480 859 1583 895 non
1622 848 1823 911 poterat
1874 839 2144 893 nominare

1057 913 1158 998 ‘Spi
1165 915 1323 966 ritum
1356 921 1617 967 sanctum.

628 1009 839 1064 Interea
873 1006 1002 1061 illud
1029 1006 1228 1069 etiam,
1272 1003 1419 1073 quod
1468 1001 1833 1056 llildebrando
1884 1000 2144 1055 Romamn

557 1100 814 1154 Ecclesia;
846 1097 1225 1153 archid'acono
1274 1091 1543 1148 referente
1630 1091 1949 1154 didicimus,
1979 1091 2139 1163 431

557 1190 644 1245 his
682 1190 920 1243 inserere
962 1202 1142 1257 operae
1180 1184 1415 1256 pretium
1452 1183 1782 1253 judicamns.
1835 1181 1969 1236 Nam
2019 1196 2143 1237 cum

555 1280 733 1334 adhuc
771 1278 1192 1333 sub'liacnnatus
1235 1276 1500 1329 duntaxat
1529 1273 1847 1344 fungeretur
1878 1272 2081 1335 officio,
2113 1287 2142 1327 a

554 1372 775 1427 Victore
824 1385 958 1440 papa
1007 1365 1398 1438 apocrisiarius
1449 1365 1517 1419 ad
1550 1364 1751 1419 Gallias
1800 1362 2142 1424 destinatus,

552 1466 819 1536 synodum
849 1461 1219 1532 congregavit,
1250 1458 1302 1512 in
1330 1472 1438 1527 qua
1462 1456 1714 1511 videlicet
1743 1454 2143 1555 scit-episcopos

553 1555 787 1613 diversis
814 1552 1136 1609 criminibus
1181 1548 1473 1615 involutos,
1519 1562 1585 1603 ex
1626 1546 1940 1616 apostolica:
1996 1545 2144 1600 sedis

552 1646 881 1701 auctoritate
902 1641 1148 1712 deposuit
1171 1656 1186 1705 ;
1222 1640 1362 1693 inter
1378 1653 1516 1708 quos
1536 1638 1756 1708 quidam
1776 1648 1895 1691 erat
1922 1636 2138 1705 episco-

553 1753 677 1807 pus,
706 1736 797 1805 qni
829 1735 1085 1805 quoniam
1116 1747 1211 1801 per
1243 1731 1596 1785 simoniacam
1630 1729 1881 1783 haeresim
1923 1728 1989 1782 ad
2018 1728 2139 1828 epi-

549 1836 806 1897 sc0patus
822 1825 1033 1881 culmen
1057 1823 1377 1891 irrepserat,
1393 1818 1658 1889 Spiritum
1683 1826 1933 1873 sanctum
1958 1818 2141 1871 verbis

2251 636 2437 701 praedii
2464 640 2860 705 possessionem
2898 643 3154 698 Metensis
3186 645 3464 711 Ecclesitc,
3493 664 3653 718 quant
3686 654 3845 709 beato

2250 724 2528 794 Stephano
2557 744 2793 797 proavus
2821 731 2936 800 ejus
2963 736 3263 790 abstulerat
3288 779 3303 801 ,
3341 740 3426 793 cui
3462 740 3715 799 videlicet
3746 746 3850 801 iste

2240 813 2353 882 jam
2382 816 2624 873 decimus
2653 820 2705 873 in
2735 820 3055 878 haereditate
3079 827 3364 893 successit,
3392 844 3585 886 omnes
3617 832 3708 886 isti
3736 850 3846 890 non

2186 971 2190 974 ί
2246 904 2464 962 diverso
2510 909 2771 979 supplicio
2812 913 3054 983 deputati
3095 926 3266 982 sunt;
3315 929 3369 974 et
3438 922 3581 977 sicut
3634 939 3730 980 eos
3772 928 3843 983 ad

2246 999 2581 1066 peccandum
2605 1016 2711 1056 non
2738 1003 2921 1072 dispar
2947 1008 3192 1064 avaritia:
3219 1010 3377 1081 culpa
3429 1015 3733 1085 conjunxit,
3770 1020 3857 1076 itar

2247 1088 2599 1145 nihilominus
2647 1094 2713 1148 ad
2758 1094 3110 1164 perferendas
3151 1102 3355 1158 atrocis
3384 1119 3574 1174 poenas
3608 1107 3852 1166 incendii

2248 1192 2535 1235 commune
2557 1184 2881 1254 supplicium
2910 1189 3202 1257 copulavit.
3516 1254 3522 1259 ,

2324 1268 2433 1324 Hoc
2458 1272 2815 1329 ecclesiastici
2854 1275 2995 1343 juris
3037 1280 3221 1348 injusti
3266 1300 3613 1354 possessores
3656 1291 3854 1347 adver—

2250 1371 2365 1421 tant
2392 1362 2557 1435 432
2596 1374 2649 1420 et
2681 1368 2955 1425 subtiliter
2985 1387 3236 1441 caveant,
3269 1393 3337 1433 ne
3365 1379 3493 1433 dum
3521 1395 3582 1435 se
3618 1382 3862 1438 redditi~

2247 1453 2347 1509 bus
2375 1457 2577 1511 satiant
2598 1458 2813 1526 alienis,
2844 1464 3041 1518 edaces
3087 1469 3431 1536 postmodum
3479 1471 3727 1529 flammas
3756 1476 3852 1531 de-

2244 1555 2475 1613 pascant
2526 1549 2777 1606 medullis
2832 1553 2966 1607 suis.
2998 1552 3134 1621 Quia
3188 1557 3354 1629 igitur
3406 1576 3507 1617 nos
3564 1578 3677 1619 non
3730 1574 3849 1619 tam

2245 1632 2506 1691 districta:
2563 1639 2919 1696 scribentium
3002 1648 3202 1716 regula:
3270 1666 3438 1721 quam
3497 1654 3851 1713 aedificationi

2243 1724 2501 1783 fraternae
2523 1732 2774 1800 cupimus
2804 1734 3105 1805 deservire,
3140 1756 3251 1795 rem
3282 1744 3425 1798 velut
3450 1746 3520 1801 ab
3541 1746 3847 1804 intentione

2244 1820 2505 1889 propositi
2554 1825 2736 1892 Operis
2780 1836 3101 1885 extraneam
3151 1835 3545 1903 apposuimus;
3592 1847 3653 1893 ut
3708 1853 3853 1909 quo-

548 1895 880 1989 exprimere,
910 1915 1323 1985 quibuscu‘nque
1354 1920 1593 1967 tentaret
1630 1910 1870 1971 nisibus,
1899 1924 2008 1963 non
2050 1922 2140 1961 va-
2177 1895 2218 1953 Β
2246 1911 2534 1968 dummodo
2566 1912 2912 1988 ﬂuctivagam
2941 1921 3090 1989 quid,
3136 1940 3203 1976 ne
3228 1924 3430 1979 oblivio
3480 1926 3727 1986 funditus
3758 1946 3849 1983 ra-

551 2014 718 2067 lebat.
751 2012 815 2064 Et
839 2010 1056 2080 quidem
1086 2008 1304 2062 Patrem
1358 2015 1413 2060 et
1447 2005 1645 2058 Filium
1685 2001 1938 2071 expedite
1985 2001 2139 2066 satis,

550 2118 615 2155 ac
673 2101 827 2154 facile
878 2098 1223 2169 proferebat;
1279 2096 1343 2149 ad
1393 2094 1655 2163 Spiritum
1708 2107 1835 2147 vero
1894 2101 2139 2147 sanctum

552 2208 678 2245 cum
712 2190 1092 2260 pervenisset,
1152 2202 1275 2240 mox
1335 2186 1514 2255 lingua
1569 2184 1873 2239 balbutiens
1926 2184 2140 2238 tandem

550 2282 725 2351 rigida
777 2282 1106 2335 remanebat.
1148 2278 1343 2331 Merito
1393 2275 1657 2345 siquidem
1704 2274 1965 2342 Spiritum
2019 2290 2140 2327 san-

550 2383 699 2427 ctum
733 2373 856 2425 dum
890 2371 1059 2433 emit,
1106 2368 1335 2429 amisit;
1378 2365 1547 2433 utqui
1598 2364 1854 2418 exclusus
1907 2372 2025 2418 erat
2076 2364 2142 2416 ab

551 2467 757 2530 anima,
794 2462 979 2534 procul
1002 2470 1146 2517 esset
1183 2460 1349 2514 etiam
1406 2467 1804 2526 consequenter
1851 2471 1880 2509 a
1936 2456 2137 2525 lingua.

549 2560 663 2612 llac
690 2559 852 2628 igitur
882 2553 1192 2610 difﬁcultate
1233 2550 1554 2614 convictus,
1611 2548 1917 2617 episcopale
1954 2548 2143 2653 decur-

548 2653 757 2707 ceravit
786 2649 1035 2705 cilicium.
1073 2646 1178 2701 Sed
1234 2645 1379 2698 absit
1429 2653 1482 2696 nt
1524 2645 1667 2697 hunc
1720 2652 2034 2697 sanctorum
2064 2645 2141 2694 vi-

550 2759 736 2797 rorum
767 2740 1012 2809 catalogo
1066 2738 1290 2806 dignum
1335 2734 1612 2801 judicent,
1655 2736 1749 2802 qui
1790 2748 1887 2803 pro
1936 2732 2139 2788 Christi

546 2848 737 2888 amore
775 2829 1108 2901 pontificales
1136 2827 1334 2882 intnlas
1371 2826 1716 2881 dimiserunt.

620 2925 791 2979 Porro
816 2933 1019 2985 autem,
1046 2920 1171 2991 quia
1206 2920 1611 2990 prudentissimi
1647 2919 1789 2973 illius
1829 2918 1928 2973 viri
1960 2918 2129 2974 semel

547 3018 743 3073 incidit
783 3014 1003 3076 mentio,
1058 3012 1203 3066 aliud
1249 3010 1418 3065 etiam
1460 3010 1670 3080 insigne
1721 3011 1865 3079 quod
1917 3008 2137 3075 retulit,

545 3108 714 3162 etiam
746 3105 789 3159 si
822 3119 926 3158 non
961 3115 1285 3172 magnopere
1316 3101 1381 3155 ad
1419 3100 1754 3170 propositum
1793 3101 1973 3154 thema
2018 3116 2142 3170 per-

547 3200 741 3260 tineat,
775 3210 880 3249 non
906 3193 1100 3247 silebo.
1128 3191 1262 3245 Nam
1276 3191 1413 3244 dum
1444 3189 1511 3243 de
1532 3190 1747 3261 praediis
1773 3190 2138 3246 Ecclesiarum

2246 2013 2418 2071 peret,
2450 2004 2575 2075 styli
2628 2005 2866 2064 funiculo
2912 2011 3326 2082 stringeretnus.
3366 2016 3503 2072 Nam
3543 2035 3667 2074 cum
3723 2022 3850 2090 quis

2244 2092 2556 2161 piscaturus
2583 2099 2901 2167 egreditur,
2937 2102 2981 2169 si
3029 2119 3189 2158 casus
3232 2108 3477 2163 attulerit
3528 2109 3703 2165 ferant
3749 2128 3843 2167 re~

2244 2194 2405 2251 pente
2436 2185 2518 2240 vel
2543 2187 2837 2254 volucrem,
2868 2193 3034 2263 capit,
3068 2196 3282 2251 etiamsi
3314 2198 3390 2253 nil
3435 2200 3501 2255 de
3531 2203 3846 2267 venatione,

2244 2274 2329 2329 vel
2360 2279 2595 2347 aucupio
2624 2285 2994 2350 proposuerit.
3020 2284 3316 2353 Praeterea,
3353 2300 3411 2344 ut
3437 2294 3641 2347 nostris
3664 2308 3844 2349 asser-

2246 2364 2486 2437 tionibus
2547 2371 2709 2423 etiam
2765 2375 3079 2443 evangelica
3144 2394 3251 2432 non
3306 2379 3447 2434 desit
3506 2386 3843 2449 auctoritas,

2245 2453 2500 2511 Salvator
2546 2472 2734 2514 noster
2781 2477 2903 2517 cum
2954 2465 3171 2521 domum
3213 2469 3476 2539 principis
3516 2489 3843 2545 synagogm,

2244 2545 2410 2601 filiam
2439 2548 2553 2617 ejus
2578 2554 3003 2611 rcsnscitaturus
3028 2560 3362 2630 aggreditur,
3384 2567 3595 2620 mulieri
3632 2567 3839 2623 fluxum

2245 2641 2526 2709 sanguinis
2577 2646 2808 2712 patienti
2864 2647 3107 2717 (Matth.
3149 2653 3279 2720 Ix),
3330 2656 3478 2708 velut
3526 2657 3732 2729 absque
3779 2677 3843 2715 ea

2244 2746 2405 2798 quam
2436 2746 2697 2804 cmperat,
2721 2738 3025 2797 intentione
3054 2745 3322 2800 medetur.
3358 2749 3498 2814 Quid
3547 2752 3717 2823 igitur
3740 2755 3844 2809 mi-

2246 2838 2385 2888 rum,
2418 2826 2462 2879 si
2496 2829 2801 2886 scribentes
2827 2833 3122 2903 aliquando
3149 2841 3294 2907 quod
3322 2854 3561 2912 coeptum
3618 2857 3703 2903 est
3751 2849 3837 2905 in-

2247 2916 2632 2983 termittimus,
2682 2937 2783 2975 nec
2830 2926 3181 2993 omittimus;
3219 2928 3347 2985 illud
3394 2932 3648 2990 videlicet
3698 2937 3845 2994 insc-

2244 3018 2448 3077 rcntes,
2481 3006 2638 3081 quod'
2659 3015 3009 3074 nihilominus
3030 3022 3095 3073 ad
3117 3023 3533 3093 aediﬁcationem
3564 3030 3842 3098 pertinere

2242 3103 2551 3158 sentimus?
2584 3104 2904 3177 Quanquam
2930 3120 2985 3165 et
3016 3112 3119 3167 hoc
3142 3128 3171 3167 a
3203 3125 3389 3179 nostro
3420 3120 3700 3190 preposito
3728 3136 3839 3175 non

2244 3191 2557 3258 abhorreat,
2593 3197 2720 3263 quia
2752 3198 2798 3251 si
2830 3198 2920 3254 ille
2951 3212 3173 3273 propter
3204 3221 3369 3260 unam
3413 3207 3670 3264 Ecclesiae
3700 3226 3831 3280 pos-

549 3287 749 3356 injuste
772 3284 1055 3353 possessis,
1089 3282 1188 3336 sub
1219 3282 1519 3349 praesentiae
1571 3290 1771 3335 vestra:
1818 3291 2136 3350 conspectu,
2169 3265 2216 3327 C
2248 3283 2640 3339 sessiunculam
2693 3289 2892 3357 periit;
2921 3292 3053 3361 quid
3098 3293 3165 3349 de
3204 3296 3294 3349 illo
3328 3298 3673 3355 sentiendum
3725 3312 3833 3367 est,

550 3373 859 3430 venerande
889 3387 1050 3441 papa,
1086 3372 1137 3424 in
1167 3370 1391 3424 Aretina
1418 3368 1842 3423 concionaretur
1870 3369 2139 3435 Ecclesia,

548 3469 734 3523 intulit
762 3474 1121 3538 congruenter
1165 3462 1515 3533 exemplum:
1559 3462 1616 3516 ln
1656 3462 1970 3518 Teutonicis
1995 3503 2011 3525 ,
2059 3465 2140 3518 in-

547 3560 687 3629 quit,
722 3558 963 3627 partibus
994 3566 1178 3609 comes
1213 3553 1435 3623 quidam
1487 3553 1640 3607 dives
1691 3568 1756 3607 ac
1803 3564 2137 3622 praepotens,

548 3651 643 3705 sed
675 3647 817 3717 quod
848 3647 900 3699 in
926 3644 1017 3699 illo
1043 3644 1324 3698 hominum
1351 3642 1544 3697 ordine
1585 3642 1891 3713 prodigium
1930 3652 2014 3698 est
2057 3660 2139 3699 re-

547 3740 738 3809 periri,
767 3739 921 3792 bona:
940 3734 1210 3806 opinionis
1237 3775 1251 3799 ,
1301 3742 1356 3788 et
1397 3734 1705 3788 innocentis
1754 3733 1879 3787 vita:
1906 3777 1921 3799 ,
1974 3743 2138 3805 prout

548 3834 842 3886 humanum
874 3836 993 3882 erat
1021 3828 1086 3880 de
1114 3825 1233 3894 ejus
1259 3824 1622 3879 testimatione
1665 3822 1931 3892 judicium
1962 3864 1975 3887 ,
2010 3834 2137 3879 ante

546 3921 867 3977 decennium
907 3917 1020 3973 fere
1074 3915 1361 3972 defunctus
1405 3923 1509 3969 est.
1561 3913 1690 3968 Post
1728 3913 1883 3981 cujus
1926 3914 2132 3967 obitum

544 4011 763 4081 quidam
824 4007 1105 4077 religiosus
1162 4006 1247 4058 vir
1284 4018 1406 4077 per
1469 4003 1720 4073 spiritum
1785 4002 1851 4055 ad
1923 4002 2133 4057 inferna

542 4099 826 4155 descendit
852 4114 866 4163 ;
899 4095 1290 4166 praefatumque
1316 4092 1645 4148 comitemin
1679 4106 1937 4160 supremo
1961 4094 2130 4162 gradu

542 4186 827 4256 cujusdam
860 4184 1019 4239 scala:
1048 4184 1286 4254 positum
1315 4183 1464 4237 vidit.
1494 4181 1686 4236 Aiebat
1714 4195 1973 4251 namque,
1998 4182 2128 4250 quia

542 4278 691 4334 scala
752 4276 840 4331 illa
871 4277 1012 4331 inter
1058 4276 1354 4330 stridentes
1416 4282 1471 4329 ct
1528 4271 1847 4341 crepitantis
1908 4272 2132 4328 ultrices

543 4371 779 4427 incendii
809 4369 1055 4423 ﬂammas
1094 4366 1384 4421 videbatur
1409 4372 1593 4421 erecta
1614 4404 1630 4429 ,
1652 4374 1818 4433 atque
1867 4364 1933 4418 ad
1959 4365 2129 4419 susci-

540 4462 768 4532 piendos
790 4473 1002 4525 omnes,
1033 4457 1125 4526 qui
1158 4471 1225 4512 ex
1268 4454 1459 4510 eadem
1506 4454 1766 4510 comitum
1814 4454 2127 4525 genealogia

541 4552 951 4614 descenderent,
989 4549 1303 4604 constituta.
1332 4543 1460 4600 Erat
1499 4553 1677 4600 autem
1707 4554 1903 4601 tetrum
1938 4547 2125 4611 chaos,

540 4658 596 4701 et
632 4647 868 4701 immane
896 4643 1214 4697 barathrum
1244 4639 1455 4693 infinite
1483 4647 1699 4708 patens,
1728 4647 1893 4709 atque
1916 4641 1968 4693 in
1997 4654 2124 4709 pro-

541 4736 709 4791 funda
762 4735 1105 4796 demersum,
1164 4730 1305 4785 unde
1353 4730 1499 4785 scala
1540 4730 1802 4799 producta
1845 4731 2119 4801 surgebat.

540 4826 656 4881 lloc
698 4825 861 4895 igitur
920 4823 1112 4879 ordine
1178 4822 1625 4878 succendentium
1680 4821 1900 4876 sibimet
1950 4822 2123 4878 series

542 4918 845 4981 texebatur,
878 4923 936 4969 ut
955 4930 1077 4970 cum
1105 4914 1227 4984 quis
1254 4928 1443 4968 eorum
1476 4928 1649 4969 novus
1680 4914 1985 4981 accederet,
2008 4915 2121 4984 pri-

540 5024 688 5064 mum
719 5008 933 5063 interim
961 5005 1121 5062 scala:
1150 5007 1374 5074 gradum
1427 5013 1654 5069 teneret,
1686 5005 1732 5062 is
1784 5016 1965 5061 autem
2026 5007 2117 5076 qui

540 5099 654 5155 illic
674 5105 922 5168 repertus
956 5102 1095 5161 erat,
1135 5095 1337 5166 aliique
1381 5111 1573 5152 omnes
1621 5097 1687 5151 ad
1746 5098 2120 5166 proximorum

540 5193 639 5247 sibi
667 5191 933 5263 graduum
963 5188 1068 5243 ima
1107 5187 1520 5243 descenderent.
1550 5183 1795 5257 Cumque
1824 5188 1916 5243 alii
1957 5197 2123 5259 atque

539 5282 626 5336 alii
654 5296 723 5335 ex
748 5280 939 5334 eodem
975 5292 1175 5348 genere
1232 5276 1480 5332 homines
1525 5285 1647 5347 post
1683 5277 1867 5332 carnis
1914 5277 2121 5333 obitum

537 5374 605 5426 ad
638 5369 921 5442 praefatam
948 5368 1150 5423 scalam
1183 5383 1279 5437 per
1329 5378 1632 5438 temporum
1677 5369 1956 5424 intervalla
1994 5385 2121 5425 eon-

537 5464 782 5524 tlnerent,
814 5460 907 5514 alii
939 5459 1185 5529 protinus
1207 5460 1467 5515 cedentes
1515 5460 1845 5515 inevitabilis
1880 5462 2121 5516 necessi-

538 5562 644 5607 tate
674 5550 862 5620 judicii
893 5548 961 5604 ad
1010 5546 1265 5603 inferiora
1298 5550 1623 5620 migrabant.
1658 5547 1826 5604 Plane
1875 5552 2001 5606 dum
2036 5552 2119 5606 vir

536 5644 625 5713 qni
653 5644 775 5699 haec
800 5640 1279 5710 contemplabatur
1302 5681 1317 5706 ,
1364 5657 1587 5697 causam
1633 5639 1796 5711 hujus
1831 5644 2119 5699 horrendae

536 5731 896 5788 damnationis
929 5729 1247 5800 inquireret,
1274 5738 1329 5785 et
1357 5732 1660 5801 praesertim
1690 5748 1789 5788 cur-
1813 5733 1901 5788 ille
1933 5748 2116 5789 comes

538 5824 612 5879 sui
637 5821 901 5889 temporis
929 5818 1231 5888 puniretur,
1255 5821 1345 5890 qui
1378 5829 1483 5876 tam
1507 5820 1674 5891 juste,
1710 5830 1816 5877 tam
1841 5824 2117 5889 decenter,

2246 3371 2336 3439 qui
2366 3375 2467 3427 sub
2497 3376 2714 3430 nomine
2741 3381 2982 3449 episcopi
3015 3390 3183 3438 totam
3212 3385 3510 3443 Ecclesium
3538 3431 3553 3455 ,
3598 3407 3722 3447 cum
3755 3394 3838 3448 in—

2243 3458 2405 3527 digne
2431 3464 2741 3529 praesideat,
2772 3482 2878 3522 non
2910 3460 3138 3526 dimittit
3168 3473 3550 3548 ?Jam.itaque
3594 3493 3719 3550 post
3754 3484 3831 3539 di-

2246 3553 2592 3620 verticulum,
2622 3558 2688 3610 ad
2717 3561 3057 3629 propositum
3090 3576 3455 3624 revertamur.

2312 3641 2450 3707 Quid
2481 3646 2647 3698 etiam
2681 3646 2746 3701 de
2776 3648 2936 3703 beato
2967 3650 3175 3709 Milesio
3196 3668 3437 3729 martyre
3457 3660 3511 3715 in
3538 3662 3836 3737 Tripartita

2239 3732 2511 3788 referatur
2566 3736 2794 3793 historia
2841 3757 2948 3796 non
2971 3744 3182 3811 silebo;
3238 3751 3383 3818 quod
3436 3732 3693 3811 nimirum
3723 3798 3739 3823 ,
3774 3769 3835 3814 ut

2240 3822 2545 3880 uberiorem
2577 3826 2883 3896 legentibus
2906 3833 3146 3900 prazbeat
3172 3835 3597 3903 fidem,eosdem
3648 3822 3836 3915 apices

2238 3914 2359 3983 styli
2387 3920 2661 3973 currentis
2684 3934 2970 3989 apponam.
3000 3924 3151 3981 Tunc
3171 3929 3357 3995 etiam,
3378 3932 3474 3996 ait,
3507 3914 3818 4007 episcopus,

2237 4002 2477 4060 Milesius
2502 4009 2742 4073 nomine,
2794 4015 3056 4083 martyrio
3101 4029 3396 4076 coronatus
3424 4002 3832 4097 estaQui-pri-

2237 4110 2381 4148 tuum
2415 4096 2631 4165 quidem
2665 4098 2933 4157 militabat
2982 4104 3124 4173 apud
3177 4105 3374 4164 Persas
3404 4153 3418 4175 ,
3467 4124 3656 4182 postea
3702 4096 3832 4172 vero

2235 4188 2424 4242 relicta
2458 4190 2669 4256 militia,
2704 4196 3178 4251 conversationem
3231 4200 3441 4258 zelatus
3468 4215 3551 4260 est
3606 4217 3829 4276 aposto-

2233 4274 2415 4331 licam.
2448 4276 2659 4334 Dicitur
2683 4282 2851 4346 enim,
2885 4284 3012 4353 quia
3056 4285 3183 4341 dum
3229 4290 3282 4343 in
3332 4293 3555 4350 civitate
3598 4274 3824 4356 Persica

2232 4368 2521 4439 episcopus
2544 4368 2709 4425 fuerit
2740 4374 3046 4442 ordinatus,
3098 4379 3267 4434 multa
3314 4398 3457 4454 smpe
3508 4387 3580 4441 sit
3610 4403 3829 4460 passus,

2231 4467 2285 4513 et
2309 4457 2575 4529 plagatus,
2601 4469 2762 4532 atque
2795 4474 3021 4530 tractus,
3071 4469 3165 4524 sed
3212 4472 3355 4527 virili
3401 4486 3583 4532 mente
3612 4457 3829 4537 cuncta

2234 4549 2510 4605 sustinuit.
2549 4549 2793 4623 Cumque
2829 4554 2957 4609 nttlli
2990 4560 3258 4627 potuisset
3313 4562 3421 4619 illic
3467 4567 3700 4625 suadere
3768 4582 3829 4626 ut

2232 4640 2575 4697 Christianus
2604 4643 2782 4709 fieret,
2820 4649 3061 4716 graviter
3089 4651 3269 4707 ferens
3294 4695 3321 4719 ,Α
3363 4657 3647 4714 maledixit
3694 4662 3831 4717 civi-

2234 4730 2351 4796 tati,
2386 4739 2442 4785 et
2465 4720 2665 4788 exinde
2693 4735 2963 4791 discessit.
2993 4736 3121 4794 Post
3150 4757 3379 4824 paucutu
3431 4761 3562 4803 vero
3612 4759 3823 4822 tempus

2229 4820 2554 4889 primatibus
2580 4824 2825 4894 ejusdem
2862 4826 2965 4883 loci
2998 4830 3054 4883 in
3087 4846 3271 4903 regem
3315 4820 3693 4906 peccantibus,
3726 4857 3820 4896 su-

2228 4913 2553 4980 perveniens
2578 4916 2851 4972 exercitus
2891 4935 3016 4973 cum
3060 4925 3317 4980 trecentis
3354 4927 3658 4997 elephantis
3686 4934 3819 4989 civi-

2229 5008 2394 5055 tatem
2420 5002 2709 5071 subvertit,
2740 5017 2794 5062 et
2831 5010 2979 5064 velut
3001 5010 3303 5070 desolatam
3354 5021 3627 5088 regionem
3657 5040 3815 5082 aran-

2229 5098 2311 5148 tes
2336 5095 2639 5153 seminibus
2670 5100 3030 5155 tradiderunt.
3060 5100 3301 5161 Milesius
3322 5116 3508 5164 autem
3528 5113 3813 5186 episcopus

2227 5186 2566 5244 solummodo
2596 5193 3205 5259 peramcircumferens
3262 5213 3385 5269 quae
3411 5216 3626 5260 sacrum
3651 5208 3807 5264 'codi-

2227 5291 2345 5332 cem
2374 5280 2780 5350 evangeliorum
2814 5283 3068 5352 habebat,
3114 5292 3354 5358 perrexit
3401 5295 3705 5353 orationem
3736 5298 3818 5357 fa.-

2227 5377 2412 5424 cturus
2443 5370 2513 5425 ad
2545 5370 3002 5444 Hierosolymam,
3032 5384 3090 5431 et
3115 5377 3241 5433 inde
3270 5379 3322 5434 in
3373 5381 3662 5455 Egyptum
3687 5426 3703 5454 ,
3755 5400 3817 5447 ut

2224 5459 2433 5519 videret
2462 5462 2759 5517 monachos
2787 5462 2985 5519 ibidem
3007 5480 3411 5525 conversantes.
3440 5472 3626 5539 Qualis
3646 5478 3814 5549 igitur

2226 5549 2330 5605 iste
2363 5562 2608 5619 sanctus,
2635 5563 2692 5609 et
2724 5557 3108 5616 miraculorum
3151 5562 3318 5620 fuerit
3356 5580 3632 5638 operator,
3686 5574 3810 5647 Syri

2223 5649 2350 5697 sunt
2409 5652 2574 5700 testes
2631 5649 2722 5717 qui
2770 5648 2889 5717 ejus
2938 5660 3093 5708 actus
3132 5655 3407 5726 vitamque
3450 5663 3807 5733 scripserunt.

2222 5731 2362 5787 Ecce
2391 5733 2501 5799 hic,
2530 5738 2622 5806 qui
2671 5740 2947 5796 commissi
2996 5742 3276 5813 regiminis
3317 5747 3443 5818 jura
3478 5731 3804 5821 boeposun.

2224 5839 2331 5878 non
2385 5826 2544 5881 modo
2588 5828 2790 5885 nullum
2846 5841 3031 5889 reatus
3078 5835 3281 5891 crimen
3338 5837 3604 5908 incurrit,
3662 5842 3807 5903 ultro

4826 6221 5126 6432 4
