5514 6662
2022 627 2125 681 455

2500 630 2555 686 S.
2600 630 2801 687 PETRI
2838 630 3121 687 DAMIANI
3158 628 3310 686 OPP.
3344 623 3577 684 TOMUS
3617 624 3746 681 SEU
3788 626 3967 683 PARS
4005 627 4089 683 ιη.
4125 659 4194 669 -
4232 627 4595 686 OPUSCULA
4629 628 4860 685 VARIA.

5160 628 5265 683 #56

2021 746 2180 799 etiam
2214 756 2274 801 ut
2303 748 2680 804 miraculorum
2712 752 2939 805 virtutes
2973 754 3295 818 operaretur
3336 741 3591 799 obtinuit.
3624 744 3670 801 Α
3700 742 4043 811 episcopatus
4088 759 4192 797 non
4235 760 4321 799 me
4384 746 4562 801 minus
4620 746 4939 801 exhortatus
4981 756 5063 800 est
5107 747 5261 801 verbo

2612 883 2853 940 CAPUT.
2881 882 2994 935 Ἧι.

2356 993 2429 1047 De
2457 993 2724 1061 Arnulp/to
2754 993 2971 1049 Materni
2999 996 3259 1062 episcopo.

2098 1103 2243 1159 Sane
2318 1104 2440 1157 dum
2515 1102 2860 1157 historiarum
2932 1104 3268 1159 latitudinem
3338 1110 3592 1170 tanquam

2024 1196 2155 1248 cat-‘i
2200 1193 2389 1247 faciem
2440 1195 2655 1251 curioso
2698 1194 3088 1261 perlustramus
3125 1194 3356 1253 intuitu,
3404 1194 3595 1245 beatus

2021 1286 2379 1354 Arnnlphns,
2447 1284 2700 1341 Ecclesia:
2769 1286 3019 1341 videlicet
3083 1282 3339 1339 Metensis
3385 1284 3599 1353 episco—

2021 1390 2164 1443 pus,
2216 1374 2363 1429 velut
2420 1390 2643 1429 aureum
2721 1376 2873 1429 nobis
2935 1374 3086 1429 sidus
3150 1376 3441 1435 occurrit;
3502 1372 3591 1440 qui

2018 1472 2077 1518 et
2140 1465 2461 1535 ignorantiae
2521 1472 2717 1521 nostra:
2774 1466 3024 1520 tenebras
3083 1480 3181 1534 per
3235 1462 3462 1531 exempli
3510 1462 3593 1515 sui

2021 1554 2203 1609 radios
2256 1556 2468 1623 abigit.
2520 1563 2575 1608 et
2627 1556 2827 1609 nostris
2888 1556 3304 1624 allegationibus
3364 1554 3590 1622 inexpu-

2018 1644 2307 1713 gnabiliter
2332 1643 2493 1715 433
2525 1644 2691 1698 robur
2716 1644 2984 1708 attribuit,
3033 1655 3195 1715 atque
3248 1656 3459 1698 omnem
3506 1657 3594 1695 su-

2016 1748 2117 1801 per
2146 1735 2245 1788 hoc
2271 1734 2507 1803 capitulo
2534 1737 2729 1789 nodum
2754 1735 3044 1790 dubietatis
3070 1735 3315 1789 absolvit.
3348 1733 3445 1787 Hie
3472 1747 3594 1803 pro-

2015 1823 2194 1887 fecto,
2234 1822 2373 1878 sicut
2418 1824 2652 1878 veridica
2697 1824 2923 1879 fratrum
2965 1824 3224 1881 relatione
3267 1823 3549 1877 didicimus
3575 1862 3591 1887 ,

2014 1917 2107 1982 qui
2137 1913 2459 1983 descriptam
2486 1912 2599 1982 ejus
2622 1930 2683 1969 se
2695 1915 2974 1969 lectitasse
3001 1922 3262 1968 testantur
3288 1914 3590 1976 historiam,

2014 2004 2070 2058 in
2104 2004 2391 2061 Lotharico
2423 2019 2583 2075 regno
2622 2020 2724 2058 non
2769 2005 2949 2073 procul
2989 2020 3017 2057 a
3049 2004 3295 2057 Flandria
3318 2045 3332 2067 ,
3367 1995 3591 2057 ducatus

3700 846 3859 899 quam
3891 834 4217 899 provocabat
4261 834 4525 904 exemplo.

3769 920 3937 974 Porro
3964 932 4144 976 autem
4177 923 4493 992 Hildulphus
4518 925 4870 981 Trevercnsis
4896 927 5258 995 archiepisco-

3695 1026 3813 1079 pus,
3860 1023 4075 1080 quanta:
4102 1017 4426 1079 sanctitatis,
4458 1031 4728 1085 quamque
4758 1017 4999 1071 miriﬂcte
5028 1019 5148 1072 vita:
5183 1019 5257 1071 vir

3696 1100 3875 1163 fuerit,
3901 1104 4172 1170 spatiosus
4200 1105 4461 1160 Occidens
4478 1122 4583 1159 non
4613 1108 4841 1177 ignorat.
4870 1109 4967 1174 Qui
4994 1110 5259 1174 nimirum,

3696 1198 3751 1243 ut
3778 1200 4049 1259 gestorum
4084 1193 4221 1247 illius
4268 1205 4498 1249 testatur
4546 1195 4795 1259 historia,
4823 1195 4989 1252 Iacob
5033 1196 5258 1252 Leuchte

3697 1282 3863 1341 urbis,
3894 1297 4014 1349 qua!
4044 1298 4187 1336 nunc
4218 1284 4404 1337 Tullus
4434 1294 4679 1343 vocatur.
4726 1285 5029 1339 obsecravit
5055 1286 5257 1355 episcoo

3695 1386 3837 1439 pum.
3871 1381 3929 1423 ut
3960 1371 4059 1426 sibi
4106 1387 4403 1443 congruum
4451 1374 4517 1428 ad
4563 1375 4914 1429 habitandum
4963 1375 5259 1444 provideret

3695 1460 4000 1517 solitudinis
4048 1463 4245 1517 locum.
4302 1466 4459 1520 Prius
4514 1467 4697 1535 itaque
4743 1466 4845 1521 sibi
4897 1481 5259 1521 successorem

3694 1552 3873 1622 elegit,
3899 1554 4093 1609 deinde
4128 1559 4516 1611 monasterium
4545 1567 4883 1622 construens,
4945 1573 5037 1628 per
5069 1573 5251 1612 mona-

3694 1644 3843 1697 sticz:
3872 1644 4165 1711 disciplina:
4189 1646 4384 1701 lin'stm
4412 1650 4689 1704 districtus
4713 1650 4953 1704 incessit.
4987 1648 5085 1704 Ubi
5105 1647 5255 1701 nimi-

3694 1746 3811 1784 rum
3845 1739 3920 1785 tot
3951 1748 4046 1801 per
4091 1748 4212 1787 eum
4244 1734 4380 1789 facta
4426 1737 4683 1791 miracula
4715 1738 4833 1791 luce
4870 1736 5069 1791 clarius
5096 1732 5259 1808 53$

3694 1821 3997 1889 perhibent,
4041 1825 4163 1890 quia
4222 1826 4303 1879 vir
4353 1825 4555 1880 domini
4579 1814 5256 1897 episcopatumilimitteris,

3696 1925 3801 1963 non
3850 1912 4009 1963 modo
4075 1922 4255 1966 reatus
4295 1915 4562 1969 maculam
4602 1931 4707 1969 non
4764 1918 5027 1982 incurrit,
5080 1930 5258 1969 verum

3696 2001 3856 2054 etiam
3886 2002 3995 2054 Deo
4024 2003 4309 2057 suavitatis
4338 2004 4669 2059 sacrificium
4698 2007 4912 2061 obtulit.

2014 2096 2236 2165 gerebat
2264 2094 2517 2149 oﬂicinm.
2550 2094 2649 2148 ﬂic
2677 2105 2933 2164 prmterea
2966 2093 3171 2165 Pippini
3202 2102 3373 2161 pater,
3408 2101 3459 2146 et
3489 2092 3589 2147 Ca-
3616 2077 3664 2137 Β
3760 2093 3897 2159 Quid
3945 2093 4174 2147 referam
4222 2095 4513 2148 Deodaturn
4558 2110 4807 2165 superna:
4844 2096 5144 2151 sanctitatis
5182 2096 5257 2151 vi-

2012 2186 2112 2238 roli
2146 2186 2322 2256 magni
2360 2200 2544 2255 regum
2573 2200 2705 2239 avus
2732 2184 2851 2239 fuit.
2883 2183 3125 2254 Cumque
3161 2182 3323 2237 divini
3360 2181 3591 2250 Spiritus

1932 2304 1935 2305 ν
2014 2279 2208 2331 ardore
2229 2291 2550 2339 succensus,
2584 2276 2769 2331 uxoris
2801 2275 3023 2331 aﬂectus
3079 2275 3416 2342 filiorumque
3447 2282 3591 2341 post-

2012 2378 2253 2437 poneret,
2282 2383 2344 2421 ae
2372 2368 2655 2422 mundana:
2678 2367 2859 2436 giorite
2880 2381 3101 2435 pompas
3124 2364 3361 2436 glorifica
3391 2363 3590 2417 ChriSIi

2012 2470 2325 2529 paupertate
2356 2467 2613 2523 mutaret,
2645 2459 2713 2513 ad
2748 2473 2984 2511 eremum
3019 2471 3333 2527 preperans,
3365 2456 3591 2524 contigit

2013 2560 2072 2602 ut
2098 2566 2192 2619 per
2214 2548 2454 2613 fluvium,
2483 2550 2570 2616 qui
2601 2548 2815 2601 Mosella
2848 2547 3062 2609 dicitur,
3099 2548 3387 2600 transitum
3415 2546 3589 2597 viator

2011 2640 2252 2694 haberet.
2279 2640 2383 2693 Sed
2408 2653 2529 2693 cum
2556 2637 2667 2707 jam
2693 2638 2928 2691 medium
2959 2637 3068 2691 fere
3096 2636 3379 2705 stiperjecti
3408 2636 3588 2704 pontis

2011 2733 2323 2800 attingeret,
2356 2730 2443 2785 ubi
2484 2729 2736 2784 torrentis
2770 2729 2952 2783 alveus
2990 2728 3303 2795 profundior
3336 2727 3590 2779 decurre-

2011 2826 2122 2885 bat,
2158 2822 2264 2876 illic
2295 2819 2550 2875 annulum
2589 2834 2744 2874 suum
2776 2820 2875 2873 sub
2901 2819 3003 2871 hac
3030 2817 3249 2871 findet-is
3281 2816 3586 2871 conditione

2006 2912 2251 2983 projeeit.
2293 2914 2423 2967 Cum
2463 2926 2589 2982 ego,
2622 2910 2826 2980 inquit,
2869 2909 3123 2963 annulum
3154 2906 3297 2963 hunc
3338 2921 3588 2977 recepero

2007 3005 2073 3058 de
2102 3004 2367 3072 spumosis
2397 3001 2645 3057 ﬂuctibus
2670 3010 2903 3063 erutum,
2936 3009 3063 3054 tunc
3090 3015 3174 3055 me
3208 2999 3393 3068 procul
3425 2998 3588 3053 dubio

2004 3095 2283 3151 confidam,
2303 3095 2539 3149 omnium
2581 3102 2927 3163 peccatorum
2958 3106 3198 3147 meorum
3234 3090 3462 3145 nexibus
3491 3091 3583 3143 ab-

2006 3187 2289 3251 solutum;
2327 3200 2556 3255 moxque
2602 3199 2841 3239 eremum
2888 3184 3079 3252 petiit,
3123 3181 3211 3236 ιιὶιὶ
3262 3196 3365 3235 non
3416 3195 3583 3250 parvo

2008 3288 2251 3346 tempore
2282 3276 2379 3329 sibi
2430 3290 2496 3329 ac
2519 3274 2719 3327 mundo
2752 3282 2994 3326 mortuus
3022 3272 3174 3325 vixit.
3214 3271 3458 3333 Interea,
3486 3272 3582 3324 de-

2006 3365 2212 3429 functo,
2244 3366 2333 3433 qui
2369 3375 2493 3417 tunc
2524 3362 2723 3424 fuerat,
2758 3361 3011 3417 Ecclesia:
3042 3360 3292 3414 Metensis
3322 3361 3580 3423 antistite,

3693 2200 3834 2247 rum,
3860 2184 4096 2251 ejusdem
4127 2185 4335 2239 scilicet
4362 2186 4621 2240 Ecclesia:
4666 2186 5017 2241 Treverensis
5048 2186 5257 2255 episco-

3690 2275 3858 2343 pum?
3886 2275 4042 2353 Quia,
4068 2276 4205 2330 sicut
4233 2276 4537 2329 authentica
4574 2276 4738 2330 tradit
4784 2277 5030 2339 historia,
5062 2292 5105 2330 ~tt
5136 2275 5256 2332 Gir—

3688 2367 3846 2421 baldo
3874 2366 4111 2434 ejusdem
4143 2367 4376 2438 Lencbze
4405 2368 4753 2422 sanctissimo
4786 2367 5013 2437 praesule
5041 2366 5093 2421 in
5120 2367 5253 2421 saltu

3690 2460 3879 2529 Vosagi
3922 2459 4097 2513 locum
4128 2460 4383 2524 obtinuit,
4432 2461 4483 2513 in
4535 2475 4643 2529 quo
4684 2462 4997 2516 renuntians
5040 2460 5256 2529 Simulo,

3689 2549 4030 2604 laudabiliter
4054 2562 4441 2612 conversatus,
4494 2552 4818 2605 monasteria
4870 2554 5057 2605 statuit
5097 2562 5257 2620 atque

3687 2651 3807 2708 post
3842 2642 4103 2694 diutinam
4152 2643 4202 2695 in
4230 2641 4430 2695 Christi
4458 2656 4627 2711 agone
4672 2642 4915 2696 militiam
4947 2644 5067 2697 vitae
5098 2658 5257 2698 sena-

3688 2738 3797 2783 tum
3834 2730 4109 2783 laureatns
4140 2733 4379 2784 intravit.

3757 2818 3894 2884 Quid
3919 2819 4344 2883 Gondebertum,
4375 2821 4850 2888 praeclarissimum
4888 2821 5139 2876 videlicet
5170 2836 5258 2876 ar—

3686 2909 4087 2979 chiepiscopum
4114 2910 4386 2965 Senonum
4410 2911 4433 2963 ?
4462 2911 4561 2965 Hic
4580 2912 4737 2979 plane
4762 2912 4964 2967 cmlesti
4991 2913 5259 2968 desiderio

3685 3012 3945 3065 :estuans,
3987 3004 4332 3056 commissam
4361 3003 4569 3058 dimisit
4594 3002 4912 3067 Ecclesiam,
4948 3012 5003 3058 et
5050 3004 5103 3057 in
5139 3003 5258 3060 loco

3684 3093 3779 3161 qui
3832 3092 4218 3147 Grandiavium
4283 3093 4481 3146 dicitur
4556 3093 4861 3147 coenobium
4947 3092 5257 3149 Senonense

3684 3186 4007 3249 construxit,
4039 3186 4179 3252 quod
4217 3185 4422 3239 scilicet
4450 3200 4513 3238 ex
4559 3184 4763 3240 relictae
4797 3183 5051 3238 Ecclesia!
5081 3198 5245 3238 voca-

3683 3278 3811 3331 bulo
3842 3278 4226 3331 denominavit.
4258 3279 4615 3331 llecrevcram
4663 3277 4880 3348 quidem
4930 3276 5257 3331 vicenarium

3687 3383 3792 3420 non
3830 3368 4094 3421 excedere
4142 3383 4451 3431 numerum,
4488 3368 4581 3422 sed
4613 3368 4756 3437 quod
4797 3382 4907 3437 prae
4950 3366 5121 3421 oculis
5148 3376 5254 3431 est,

2002 3459 2220 3513 beatum
2250 3432 2583 3523 Arnulphum
2620 3453 2685 3506 ad
2714 3450 3135 3522 pastoralisjura
3164 3452 3441 3519 regiminis
3468 3451 3580 3503 dis-
3610 3432 3655 3495 (ἶ
3686 3458 3852 3512 latere
3872 3472 3978 3510 non
4008 3459 4201 3526 patior.

2004 3545 2247 3615 pensatio
2297 3542 2475 3599 divina
2524 3543 2806 3611 provex't;
2859 3540 3093 3608 dumque
3140 3553 3233 3593 esu
3292 3539 3533 3591 carnium
3563 3580 3576 3603 ,

2003 3644 2162 3707 prout
2194 3634 2246 3687 in
2279 3648 2462 3688 eremo
2488 3634 2801 3687 desueverat
2827 3672 2841 3693 ,
2874 3631 2927 3685 in
2955 3631 3189 3685 Ecclesia
3233 3631 3581 3685 nihilominus

2003 3729 2335 3791 abstineret,
2376 3726 2539 3795 piscis
2578 3724 2867 3794 aliquando
2906 3723 3010 3778 sibi
3056 3723 3230 3777 elatus
3263 3731 3345 3777 est
3392 3724 3445 3775 in
3483 3736 3577 3776 xe-

2003 3821 2178 3883 nium,
2202 3827 2361 3887 quem
2392 3832 2597 3886 coquus
2624 3824 2966 3877 exenterans,
2998 3815 3049 3867 in
3083 3815 3243 3869 ililms
3267 3814 3383 3883 ejus
3410 3830 3582 3877 anuu-

2004 3910 2117 3964 lum
2138 3909 2339 3979 reperit
2354 3922 2624 3977 ,eumqne
2645 3922 2763 3962 mox
2788 3907 3007 3961 domino
3031 3921 3128 3960 suo
3148 3905 3480 3960 ltetabnndns
3502 3906 3582 3959 of-

2004 3999 2149 4055 ferre
2161 3998 2388 4054 curavit.
2412 3996 2580 4063 Quem
2602 3997 2788 4051 beatus
2809 3998 3093 4066 episcOpus
3112 4004 3170 4048 ut
3188 3996 3417 4064 aSpexit,
3438 3994 3580 4050 illico

2002 4088 2317 4160 recognovit
2346 4104 2359 4139 :
2386 4095 2437 4140 et
2466 4100 2569 4139 non
2596 4094 2704 4139 tam
2731 4086 2993 4139 vibrantis
3020 4084 3213 4161 metalli
3248 4086 3472 4139 miratus
3496 4093 3581 4138 est

2003 4194 2234 4243 venam,
2274 4182 2432 4248 quam
2475 4178 2597 4247 quia
2643 4178 3021 4260 propitiatione
3052 4179 3232 4232 diVina
3275 4190 3457 4233 reatus
3496 4178 3576 4233 sui

2003 4275 2327 4323 consecutus
2370 4274 2450 4319 est
2493 4265 2738 4330 veniam;
2778 4266 3026 4335 quodque
3061 4266 3166 4321 vim
3210 4268 3579 4322 admirationis

2003 4364 2325 4428 exaggerat,
2354 4356 2499 4411 bidui
2532 4356 2635 4410 iter
2670 4366 2752 4411 est
2776 4371 2805 4410 a
2844 4365 3005 4425 ponte
3035 4356 3173 4409 unde
3200 4355 3469 4424 proiectus
3496 4367 3575 4410 est

2007 4448 2239 4502 annulus
2268 4462 2439 4516 usque
2468 4447 2533 4500 ad
2565 4447 2741 4502 locum
2801 4446 2890 4501 ubi
2943 4446 3105 4515 piscis
3157 4446 3445 4503 venerabili
3476 4446 3577 4501 fuit

2002 4539 2257 4607 episeopo
2298 4544 2670 4608 prasentatns.
2719 4537 2868 4592 Tunc
2896 4538 2977 4589 vir
3021 4538 3109 4592 Dei
3155 4553 3311 4605 quoa
3344 4537 3579 4605 peccatis

2003 4639 2084 4687 est
2107 4630 2400 4694 absolutus,
2428 4630 2554 4684 hinc
2582 4632 2753 4700 magis
2777 4638 2857 4685 est
2883 4632 2982 4686 sub
3007 4632 3187 4684 divino
3216 4640 3419 4685 terrore
3443 4647 3571 4685 eon-

2005 4722 2225 4775 strietus
2252 4738 2263 4773 :
2296 4730 2348 4774 et
2377 4735 2442 4775 eo
2470 4736 2526 4774 se
2553 4720 2845 4775 arbitratur
2872 4721 3100 4790 amplius
3128 4721 3441 4783 debitorem,
3467 4739 3574 4792 quo

2002 4812 2147 4867 circa
2179 4827 2237 4868 se
2280 4814 2421 4866 videt
2450 4812 2701 4879 majorem
2740 4829 2985 4883 supernae
3019 4814 3315 4869 clementiae
3357 4815 3566 4868 bonita-

2006 4912 2135 4957 tem.
2188 4901 2404 4972 Eligens
2459 4902 2623 4973 igitur
2668 4904 2884 4957 sibimet
2929 4919 3333 4967 successorem,
3386 4921 3573 4959 rursus

2006 5009 2245 5049 eremum
2270 4994 2461 5063 petiit,
2483 4994 2661 5066 ibique
2688 4994 2936 5064 pastorali
2961 5009 3086 5047 cura
3114 4994 3374 5063 deposita,
3406 5010 3574 5062 usque

2006 5086 2074 5142 ad
2115 5084 2321 5139 felicem
2366 5086 2569 5138 obitum
2613 5086 2764 5138 visit.
2810 5084 3038 5156 Insignis
3080 5085 3265 5154 itaque
3306 5086 3387 5138 vir
3432 5085 3573 5153 quod

2003 5176 2155 5238 fecit,
2190 5190 2286 5229 nos
2314 5175 2493 5243 utique
2522 5186 2578 5229 ut
2601 5175 2903 5230 faceremus
2926 5176 3158 5231 edocuit.

2078 5268 2344 5323 Praeterea
2378 5266 2463 5320 vix
2494 5267 2668 5321 adhuc
2696 5268 3000 5338 quindecim
3033 5267 3235 5322 emensi
3267 5278 3391 5322 sunt
3426 5268 3570 5328 dies,

2002 5373 2069 5413 ex
2097 5371 2201 5427 quo
2230 5358 2336 5411 vidi
2372 5356 2734 5425 Farnulphnm
2781 5359 3141 5413 venerabilem
3176 5360 3351 5412 virum
3384 5367 3573 5427 sponte

2004 5462 2099 5503 sua
2124 5446 2474 5503 ecclesiastici
2504 5446 2777 5517 regiminis
2802 5446 3267 5502 administratione
3290 5448 3567 5500 nudatum.

2004 5536 2060 5591 In
2091 5537 2321 5592 cisterna
2357 5537 2622 5606 siquidem
2652 5536 2822 5605 Apula
2853 5538 3065 5592 civitate
3092 5539 3399 5591 cathedram
3428 5537 3569 5591 obti-

2008 5614 2218 5687 nuerat,
2241 5641 2400 5696 quam
2426 5626 2663 5695 reliquit,
2692 5642 2755 5681 ac
2777 5628 2982 5682 duobus
3012 5628 3198 5683 ferreis
3224 5630 3441 5684 circulis
3464 5644 3570 5697 non

2003 5714 2155 5783 parvi
2185 5716 2435 5784 ponderis
2465 5725 2670 5785 pectus,
2703 5726 3051 5785 ventremque
3082 5719 3419 5779 constrinxit,
3454 5718 3571 5787 qni-

2006 5808 2104 5863 bus
2134 5804 2296 5875 affligi
2344 5806 2454 5861 fere
2478 5809 2587 5875 iam
2619 5824 2648 5861 a
2690 5810 2971 5878 septennio
2996 5827 3102 5865 non
3140 5812 3403 5877 cessavit;
3449 5812 3571 5864 \ino

2010 5896 2091 5950 vcl
2119 5912 2427 5965 nunquam,
2460 5897 2539 5950 vel
2570 5913 2692 5952 raro
2737 5900 2924 5960 utitur,
2951 5901 3156 5954 crebris
3191 5917 3402 5970 quoque
3433 5900 3575 5971 jeju-

2008 5988 2110 6041 Iiis
2138 5997 2458 6043 maceratur.
2504 5987 2601 6044 [lic
2631 5996 2808 6044 tantus
2838 5988 2918 6043 vir
2952 5992 3014 6044 ad
3049 5990 3569 6047 abrenuntiationem

3605 4763 3653 4821 D

3756 3546 4033 3601 Postremo
4068 3547 4248 3613 igitur,
4297 3555 4354 3599 ut
4392 3547 4610 3601 omissis
4639 3546 4873 3611 caeteris,
4901 3546 4967 3600 ad
4997 3544 5257 3601 domesti-

3681 3652 3804 3691 cmn
3830 3650 4174 3689 recurranms
4214 3635 4538 3703 exemplum.
4575 3635 4894 3689 Lambertus
4935 3635 5257 3689 veneranda:

3681 3728 3976 3792 memoriae,
4022 3729 4112 3797 qui
4143 3738 4269 3781 ante
4302 3744 4394 3780 vos
4416 3726 4740 3782 Florentium
4776 3726 4974 3795 praesul
5001 3726 5261 3781 Ecclesia:

3682 3816 3876 3871 tertius
3920 3816 4167 3885 praefuit,
4198 3826 4381 3884 spreto
4418 3816 4767 3885 pontificatus
4792 3815 4993 3879 offleio,
5059 3830 5251 3871 mona—

3680 3910 3833 3965 sticae
3857 3909 4152 3977 disciplinae
4178 3907 4606 3977 snhjecit.anus
4627 3908 4879 3962 nimirum
4901 3922 5059 3977 quam
5075 3906 5256 3976 splen-

3681 3999 3803 4053 dida
3833 3998 3974 4053 fama
3997 4015 4090 4052 ora
4116 3999 4393 4052 hominum
4418 3997 4706 4067 compleat,
4729 4012 4887 4066 quam
4910 3996 5093 4050 suavis
5119 3997 5255 4051 odor

3679 4089 3949 4156 opinionis
3997 4090 4256 4141 mentium
4299 4102 4457 4141 nares
4502 4097 4774 4157 aspergat,
4823 4095 5016 4142 vestrae
5040 4102 5255 4157 quoque

3679 4179 4026 4233 beatitudinis
4040 4179 4341 4233 sublimitas
4366 4194 4469 4233 non
4489 4181 4722 4247 ignorat.

3750 4269 3946 4324 Beatus
3971 4284 4183 4337 quoque
4208 4267 4431 4321 Nonnus
4458 4278 4685 4338 martyr,
4709 4268 4800 4337 qui
4827 4276 4883 4322 et
4911 4268 5247 4339 Hippolytus,

3680 4362 3958 4415 memoria:
4006 4369 4202 4413 nostrae
4249 4374 4354 4412 non
4394 4358 4797 4427 pnetereundus
4836 4359 5093 4411 occurrit.
5147 4356 5259 4424 Qui

3680 4452 3933 4503 nimirum
3969 4460 4248 4517 postquam
4287 4449 4502 4518 triginta
4552 4449 4717 4501 millia
4764 4447 5155 4501 Saracenorum
5184 4448 5251 4501 ad

3678 4539 3879 4594 Christi
3915 4538 4072 4594 fidem
4108 4538 4484 4593 efficacissima
4536 4537 4915 4607 praedicatione
4960 4535 5248 4601 convertit,

3679 4640 3965 4699 postquam
4002 4630 4219 4683 beatam
4248 4643 4461 4698 quoque
4502 4629 4773 4697 Pelagium
4811 4629 4876 4681 de
4899 4627 5253 4697 lupanaribus

3678 4722 3745 4776 ad
3774 4720 4024 4775 Ecclesia:
4069 4720 4377 4789 pudicitiam
4404 4720 4742 4787 provocavit,
4779 4727 5058 4787 postquam
5100 4717 5252 4772 deni-

3679 4826 3784 4880 que
3819 4811 4105 4865 nonnullos
4131 4819 4434 4864 sanctarum
4464 4809 4863 4878 expositionum
4904 4808 5071 4862 libros
5101 4808 5252 4860 lucu-

3679 4904 3853 4955 lenter
3878 4902 4149 4970 explicuit,
4204 4902 4415 4955 tandem
4473 4902 4841 4970 episcopatum
4888 4900 5152 4965 deseruit;
5185 4900 5253 4953 de

3681 4986 4034 5045 Antiochenis
4060 4992 4321 5057 partibus,
4348 4992 4489 5045 unde
4516 4999 4634 5044 erat
4661 4990 4939 5051 oriundus,
4967 4988 5256 5049 abscessit,

3682 5082 3955 5136 Romanos
3984 5081 4131 5137 fines
4158 5082 4402 5151 appetiit.
4450 5081 4691 5149 Cumque
4727 5080 4885 5134 beata
4910 5080 5084 5132 Aurea
5107 5081 5249 5147 apud

3684 5172 3887 5226 Ostiam
3916 5172 4211 5235 civitatem,
4246 5187 4375 5224 saxo
4404 5171 4710 5225 cervicibus
4732 5169 4966 5239 alligato,
4998 5169 5047 5221 in
5073 5168 5245 5229 mari-

3681 5265 3764 5317 nis
3803 5263 4056 5316 fluctihus
4084 5262 4396 5331 martyrium
4434 5264 4894 5325 consummasset,
4924 5256 4984 5311 Β.
5025 5256 5249 5312 Nonnus

3680 5363 3925 5408 Sanctum
3943 5352 4171 5405 cadaver
4193 5354 4275 5419 pia
4304 5350 4587 5404 devotione
4612 5348 4845 5418 collegit,
4873 5356 4927 5401 et
4955 5361 5075 5402 eum
5098 5348 5245 5401 omni

3678 5448 3952 5514 diligentia
3998 5445 4298 5499 tumulavit.
4339 5443 4509 5509 Quem
4552 5458 4672 5495 mox
4728 5442 4865 5495 idem
4910 5449 5233 5509 persecutOr,

3678 5537 3767 5603 qni
3787 5536 4063 5589 dicebatur
4085 5534 4455 5604 Ulpius,juxta
4480 5532 4693 5585 Tiberis
4722 5530 4930 5584 alveum
4955 5529 5007 5582 in
5036 5528 5241 5582 foveam

3678 5627 3835 5695 aquis
3880 5626 4095 5694 plenam
4158 5626 4325 5695 mergi
4367 5625 4654 5692 prmeepit,
4706 5622 4859 5689 cujus
4903 5620 5251 5687 postmodum.

3674 5733 3889 5785 corpus,
3924 5724 4296 5772 consummato
4343 5714 4652 5783 triumphali
4695 5710 4971 5780 martyrio,
5005 5709 5056 5763 in
5105 5709 5245 5763 civi-

3676 5817 3787 5863 tate
3815 5816 3933 5877 qua:
3951 5810 4142 5862 Portus
4165 5807 4361 5861 dicitur
4402 5804 4713 5859 Christiana
4751 5801 4961 5855 devotio
4980 5797 5242 5868 sepelivit.

3674 5901 3819 5953 Illico
3847 5900 4023 5954 audita
4053 5908 4137 5951 est
4169 5913 4268 5951 vox
4299 5896 4440 5950 velut
4473 5894 4788 5951 infantium,
4823 5904 4918 5959 per
4941 5903 5100 5943 unam
5132 5886 5246 5942 fere

3676 5994 3862 6045 horam
3888 5989 4250 6051 clamantium,
4282 5986 4386 6039 Deo
4408 5987 4624 6054 gratias.
4653 5982 4753 6051 Qui
4782 5995 4910 6052 ergo
4936 5980 5092 6036 talem
5122 5979 5245 6033 vit.e
