5514 6620
550 467 647 523 ιῗῆ

1329 448 1575 512 OPUSC.
1630 444 1774 502 XIX.
1807 472 1877 485 -—
1917 436 2009 495 DE
2047 426 2510 490 ABDICATIONE
2565 417 3066 480 EPISCOPATUS.

3736 411 3845 467 4'58

553 577 749 634 meum
786 571 1105 634 dammam,
1133 564 1341 637 liquido
1378 562 1574 635 patuit,
1608 558 1732 628 quia
1766 554 2137 625 episcopatum
2168 546 2216 606 Α
2244 541 2370 596 dum
2402 552 2487 593 me
2513 532 2721 604 pariter
2748 532 3123 637 verberarem.
3161 525 3231 582 Ut
3262 527 3449 637 sciatis
3478 534 3658 637 aLutem
3714 527 3845 637 quia

557 671 811 727 deserens
860 682 1044 724 coram
1074 665 1183 719 Deo
1213 676 1319 717 non
1351 656 1583 713 incurrit
1609 650 1888 707 oﬂ‘ensam.

621 762 834 818 Nostris
878 770 1093 829 quoque
1139 750 1476 821 temporibus
1522 740 1820 800 Pennensis
1860 736 2144 829 episcopus

552 822 920 923 pontiﬁcalem
942 822 1257 902 cathedram
1281 846 1471 909 sponte
1493 832 1753 895 deseruit,
1784 840 2012 896 seseque
2065 822 2144 923 illi

556 915 644 1012 qui
677 942 781 997 sibi
812 936 1078 994 successit
1132 934 1342 988 sincera
1370 926 1661 984 admodum
1689 920 1975 977 devotione
2013 915 2143 971 sub-
2177 974 2180 977 I

556 1006 770 1087 stravit.
820 1026 952 1081 Nam
996 1036 1052 1078 et
1096 1024 1209 1094 ipse
1253 1020 1383 1075 mihi
1432 1028 1717 1072 successor
1758 1010 1875 1078 ejus
1922 1006 2143 1069 retulit,

558 1132 707 1177 tanta
748 1118 895 1174 illum
935 1112 1151 1170 sibimet
1190 1110 1497 1167 obedientia
1555 1113 1611 1159 et
1675 1100 1979 1158 humilitate
2017 1095 2144 1153 sub-

547 1210 785 1281 jectum,
820 1222 883 1263 ac
912 1206 956 1261 si
988 1218 1047 1260 se
1082 1213 1358 1271 nunquam
1402 1192 1709 1251 meminerit
1744 1203 1909 1260 super
1939 1185 2149 1256 aliquos

555 1301 857 1377 obtinuisse
888 1300 1203 1368 primatum.

641 1370 836 1446 Nostra
885 1366 1238 1443 nihilominus
1291 1376 1460 1438 astate
1507 1374 1832 1446 Liutulphus
1884 1366 2152 1427 Cailensis

557 1480 845 1551 episcopus
869 1471 1159 1546 episcopali
1188 1486 1249 1527 se
1280 1468 1539 1541 dignitate
1565 1463 1789 1535 dejecit,
1826 1456 2149 1521 successori,

557 1549 652 1641 qui
686 1584 829 1624 nunc
863 1575 1142 1638 superest,
1175 1561 1470 1619 Ecclesiam
1508 1556 1760 1620 tradidit;
1800 1552 1988 1621 sicque
2019 1549 2149 1641 sibi,

558 1639 604 1714 si
637 1668 818 1713 tamen
854 1672 960 1711 non
990 1654 1159 1709 defuit
1200 1653 1445 1715 animus,
1477 1648 1701 1703 liberam
1738 1644 2051 1700 facultatem
2086 1639 2152 1693 ad

555 1749 823 1821 agendam
854 1744 1230 1818 penitentiam
1259 1741 1422 1815 5.35
1457 1738 1789 1810 procuravit.
1827 1734 1979 1789 Felix
2010 1732 2157 1789 scili-

554 1851 647 1897 cet
678 1840 789 1905 ille,
825 1839 917 1909 qui
947 1839 1028 1893 sic
1051 1836 1415 1892 conditionem
1442 1834 1568 1887 vita:
1595 1846 1707 1886 sum
1737 1830 1790 1882 in
1821 1829 1922 1883 hac
1951 1838 2155 1882 morta-

2243 645 2350 686 non
2396 629 2664 691 mentior,
2706 622 2965 695 perendie
3010 622 3141 675 hora
3188 629 3341 676 sexta
3392 618 3457 674 de
3502 617 3605 673 hoc
3649 616 3849 673 szeculo

2246 724 2575 791 migraturus
2602 734 2739 775 sum.

2319 814 2446 868 Erat
2470 824 2630 883 porro
2658 819 2784 863 tunc
2808 814 2960 863 sexta
2986 804 3152 871 feria;
3182 812 3340 859 nocte
3357 818 3507 867 vero,
3535 817 3639 871 qua
3668 801 3852 856 Domi-

2248 906 2403 964 nicus
2433 903 2780 959 illucescebat
2811 901 2949 964 dies,
2980 898 3072 967 qui
3103 897 3299 952 dicitur
3326 897 3392 951 de
3420 895 3610 950 Ramis
3640 894 3848 964 palma-

2249 1014 2389 1060 rum,
2422 996 2489 1051 de
2520 994 2685 1057 lecto,
2727 991 2941 1047 cunctis
2970 989 3312 1050 mirantibus,
3349 1002 3453 1040 non
3494 986 3676 1055 segnis
3702 986 3853 1040 exsi»

2250 1088 2417 1150 tiens,
2457 1084 2743 1154 scapulare
2778 1090 2942 1150 atque
2972 1078 3205 1133 cilicium
3249 1090 3369 1145 quae
3399 1076 3553 1146 juxta
3592 1089 3650 1130 se
3691 1083 3854 1129 erant

2250 1187 2473 1248 repente
2505 1174 2797 1244 corripuit,
2841 1187 3078 1242 moxque
3117 1168 3404 1225 ecclesiam
3449 1167 3589 1222 beati
3621 1167 3856 1221 Andreae

2250 1270 2515 1325 attonitus
2540 1282 2605 1322 ac
2626 1265 2859 1322 festinus
2889 1262 3112 1318 intravit
3140 1279 3153 1315 :
3181 1261 3273 1315 ubi
3300 1267 3473 1315 strato
3500 1258 3856 1329 compositus,

2252 1361 2339 1415 his
2370 1359 2463 1429 qui
2494 1358 2724 1413 aderant
2758 1353 3023 1409 fratribus
3053 1352 3130 1406 ait
3156 1369 3170 1406 :
3205 1351 3344 1406 Ecce
3388 1359 3699 1405 sanctorum
3730 1362 3859 1401 ver--

2252 1450 2474 1506 beribus
2503 1445 2837 1518 ﬂagellatus,
2877 1445 2949 1497 ita
2982 1444 3049 1497 de
3087 1455 3317 1511 corpore
3348 1440 3668 1509 purificatus
3704 1452 3862 1507 egre-

2254 1539 2392 1604 dior,
2424 1539 2567 1593 sicut
2590 1552 2657 1597 ex
2698 1536 2846 1590 fonte
2871 1531 3214 1602 baptismatis
3255 1530 3491 1584 mundus
3520 1528 3681 1583 exivi.
3714 1527 3870 1581 inter
3908 1584 3917 1589 _

2256 1630 2545 1683 missarum
2592 1626 2757 1696 igitur
2786 1630 3097 1679 sacrosacta
3138 1618 3421 1679 solemnia,
3462 1616 3741 1672 Dominica
3770 1615 3863 1669 vix

2256 1714 2510 1790 passione
2538 1716 2814 1786 perlecta,
2844 1714 2976 1767 hora
3003 1709 3170 1782 436
3201 1724 3305 1779 qua
3347 1706 3676 1778 praedixerat
3702 1746 3716 1771 ,
3751 1706 3864 1759 Deo

2257 1812 2509 1882 spiritum
2560 1808 2811 1864 reddidit.
2860 1804 3074 1859 Nudato
3119 1812 3299 1857 autem
3347 1802 3416 1855 ad
3457 1799 3747 1854 lavandum
3793 1813 3864 1852 ex

558 1889 1349 1995 litate‘dispot’titrut‘eilieeat
1382 1918 1697 1991 pmnitendo
1725 1918 1982 1989 plangere
2010 1914 2154 1984 quod
2188 1903 2229 1961 Β
2259 1917 2407 1957 more
2431 1892 2718 1963 cadavere,
2745 1896 2825 1951 sic
2847 1896 3052 1949 vibices
3101 1908 3166 1947 ac
3191 1892 3445 1961 stigmata
3472 1892 3523 1945 in
3552 1889 3668 1956 ejus
3693 1903 3871 1944 mem-

558 2017 806 2086 deliquit.
848 2016 997 2072 Felix
1025 2056 1040 2081 ,
1083 2016 1303 2085 inquam
1328 2054 1343 2078 ,
1384 2013 1477 2083 qui
1520 2011 1764 2083 procula
1802 2026 1860 2065 se
1900 2006 2156 2078 providus

559 2109 747 2178 abiicit
787 2107 1047 2178 quidquid
1087 2105 1216 2160 illud
1278 2115 1363 2161 est
1418 2104 1562 2173 quod
1606 2103 1659 2156 in
1694 2101 1834 2155 viam
1866 2100 1966 2155 sibi
2012 2098 2156 2153 veri—

560 2202 694 2257 tatis
731 2200 967 2257 obsistit.
1006 2197 1277 2267 Quidquid
1312 2197 1459 2253 enim
1506 2196 1558 2250 in
1603 2196 1707 2249 hac
1733 2194 1842 2248 vita
1882 2190 2159 2247 commisi—

560 2308 717 2355 mus,
748 2301 842 2345 aut
877 2291 967 2346 hic
990 2289 1145 2358 juxta
1192 2289 1400 2359 peccati
1451 2301 1759 2342 mensuram
1807 2300 1903 2353 per
1948 2283 2158 2353 ﬂagella

560 2382 874 2453 corrigitur,
906 2389 1001 2437 aut
1028 2379 1224 2436 futuris
1250 2378 1438 2450 procul
1473 2378 1638 2433 dubio
1668 2376 1949 2446 suppliciis
1978 2388 2157 2430 reser-

561 2482 740 2529 νιιυτ.

1148 2561 1377 2619 CAPUT
1417 2560 1550 2615 Vill.

565 2672 646 2729 De
668 2690 915 2730 conuerso
935 2716 951 2742 ,
980 2676 1070 2746 qui
1098 2692 1130 2729 α
1172 2674 1274 2797 SS‘.
1309 2676 1521 2796 And‘rea
1550 2682 1597 2726 et
1629 2671 1882 2741 Gregorio
1920 2669 2161 2724 verbera-

1278 2762 1337 2797 us
1370 2762 1423 2797 88
1453 2784 1465 2795 .

1278 2762 1337 2798 us
1370 2762 1465 2798 εει.

640 2832 904 2902 Quocirca
933 2850 1037 2889 non
1060 2836 1158 2892 abs
1180 2852 1237 2892 re
1262 2846 1367 2901 est,
1402 2836 1446 2891 si
1474 2834 1617 2903 quod
1642 2834 1746 2889 tida
1772 2832 2002 2888 fratrum
2025 2832 2164 2887 rela-

570 2923 718 2980 tione
745 2926 1126 2993 cognovimns,
1159 2926 1249 2981 hic
1286 2926 1449 2980 etiam
1481 2925 1722 2980 breviter
1744 2924 2068 2979 inseramus.
2102 2923 2161 2977 ln

569 3021 904 3075 monasterio
952 3035 1225 3091 namque,
1272 3020 1415 3089 quod
1464 3018 1647 3073 Clivus
1697 3017 1889 3073 Scauri
1940 3018 2162 3081 dicitur,

573 3115 827 3186 quodque
854 3115 1046 3169 beatus
1074 3113 1366 3184 Gregorius
1396 3112 1536 3167 infra
1568 3113 1826 3167 Romana:
1852 3110 2004 3165 urbis
2030 3125 2166 3165 mm-

570 3206 661 3258 nia
690 3203 947 3267 condidit,
974 3217 1108 3272 puer
1130 3202 1346 3271 quidam
1377 3217 1406 3255 a
1436 3200 1770 3271 parentibus,
1794 3208 1854 3254 ut
1880 3199 1991 3253 Deo
2014 3198 2168 3253 dein-

2258 1994 2370 2048 bris
2393 1992 2632 2060 undique
2670 1988 3017 2051 videbantur,
3050 1999 3114 2039 ac
3143 1984 3188 2039 si
3218 1998 3417 2052 corpus
3455 1982 3572 2051 ejus
3603 1980 3869 2035 materia-

2259 2085 2395 2139 libus
2419 2083 2617 2139 fuisset
2647 2080 2813 2151 virgis
2844 2078 3082 2134 aliisum.
3380 2122 3387 2131 ,

2330 2181 2436 2235 Sed
2462 2179 2591 2250 quid
2613 2178 2834 2239 mirum,
2865 2175 2907 2229 si
2940 2172 3113 2228 sancti
3147 2172 3265 2237 Dei,
3293 2171 3384 2241 qui
3412 2169 3712 2241 judicaturi
3735 2176 3875 2222 sunt

2260 2272 2542 2333 mundum,
2595 2269 2648 2323 in
2685 2267 2903 2321 homine
2937 2264 3029 2333 qui
3065 2263 3289 2317 rationis
3321 2270 3441 2315 erat
3472 2274 3663 2329 capax,
3716 2258 3869 2312 inse-

2260 2363 2369 2417 cuti
2394 2369 2520 2415 sunt
2545 2359 2777 2428 culpam,
2806 2355 3242 2425 quandoquidem
3261 2361 3315 2406 et
3340 2353 3407 2405 de
3435 2353 3594 2405 bruto
3622 2347 3870 2412 animali,

2260 2462 2321 2508 ut
2370 2452 2572 2507 ibidem
2606 2447 2915 2509 didicimus,
2946 2446 3227 2515 expetiere
3272 2442 3360 2494 viu
3425 2438 3611 2495 etam?
3642 2436 3776 2493 Nam
3812 2436 3870 2490 in

2260 2546 2450 2601 eodem
2483 2540 2815 2597 monasterio
2846 2546 3033 2609 crypta
3064 2545 3147 2592 est
3167 2578 3182 2600 ,
3220 2550 3338 2603 qure
3365 2531 3423 2586 Β.
3452 2530 3700 2601 Gregorii
3730 2528 3874 2583 dici-

2265 2646 2373 2700 tur,
2404 2632 2495 2689 ubi
2528 2631 2780 2687 videlicet
2812 2639 2868 2684 et
2898 2627 3020 2683 fons
3055 2626 3172 2694 ejus
3196 2622 3499 2695 perspicuis
3548 2636 3613 2675 ac
3663 2618 3875 2689 frigidis

2266 2725 2529 2782 redundat
2573 2722 2754 2792 aquis,
2798 2722 2940 2775 unde
2993 2718 3229 2780 bibebat,
3276 2724 3332 2771 et
3379 2714 3646 2783 lapideum
3696 2710 3877 2765 cubile

2265 2817 2443 2872 adhuc
2505 2814 2777 2877 cernitur,
2832 2810 2921 2865 ubi
2980 2808 3171 2863 arstivo
3239 2814 3482 2875 tempore
3535 2800 3873 2873 quiesceba..

2266 2908 2438 2975 Quam
2487 2902 2780 2972 aliquando
2830 2910 3078 2971 cryptam
3133 2910 3418 2968 praegnans
3464 2891 3711 2948 canicula
3744 2907 3876 2946 casn

2270 3000 2509 3070 ingressa
2541 3004 2646 3060 est,
2672 2994 2787 3048 sive
2814 3000 2873 3045 ut
2906 3000 3146 3045 mstuans
3178 2988 3410 3049 biberet,
3450 2986 3565 3038 sive
3595 2982 3775 3053 potius
3816 2990 3881 3035 ut

2269 3104 2334 3143 eo
2359 3084 2459 3142 ioci
2492 3085 2807 3157 parturiret.
2841 3082 2946 3137 Sed
2976 3081 3205 3135 necdum
3238 3080 3305 3133 ad
3335 3092 3506 3147 aquas
3533 3090 3702 3144 usque
3743 3088 3871 3143 per-

2272 3182 2509 3250 tingens,
2540 3195 2665 3233 mox
2707 3185 2765 3230 ut
2801 3173 3028 3245 prmfato
3074 3170 3269 3227 lectulo
3302 3166 3716 3240 propinquavit,
3766 3178 3886 3218 mo-

571 3308 702 3366 περ,
732 3258 1007 3357 militare;
1036 3258 1249 3348 οωέιυε
1272 3299 1374 3347 εει,
1406 3258 1507 3358 ῥυῇ
1536 3258 1876 3360 ροδιιηοέίυη,
1908 3303 2029 3344 cum
2053 3288 2166 3355 jam
2198 3264 2241 3323 C
2272 3274 2424 3326 riens
2447 3258 2676 3324 corruit.
2703 3267 2914 3333 Quanta
2944 3279 3072 3335 ergo
3112 3262 3403 3364 formidine
3433 3258 3709 3366 pensanda
3756 3264 3888 3312 sunt

570 3382 946 3445 adolesceret,
997 3381 1063 3437 de
1116 3381 1446 3437 monasterio
1492 3395 1743 3451 egressus
1791 3380 1858 3433 ad
1915 3380 2171 3433 Strottlum

571 3472 770 3538 rediit,
812 3486 1146 3542 uxoremque
1190 3471 1292 3526 sibi
1341 3471 1565 3541 nuptiali
1610 3469 1814 3526 {cedere
1858 3468 2169 3539 capulavit:

571 3561 772 3619 deinde
805 3578 926 3617 cum
963 3561 1073 3629 iam
1108 3562 1176 3617 ad
1206 3562 1502 3632 juvenilem
1539 3561 1875 3631 pervenisset
1916 3568 2128 3613 mtatetu
2156 3601 2169 3623 ,

573 3653 758 3711 divina
796 3653 1063 3708 sententia
1105 3662 1327 3722 repente
1369 3662 1452 3708 est
1495 3666 1784 3721 percussus
1819 3651 1873 3703 in
1912 3658 2130 3719 gutture
2157 3689 2170 3710 ,

573 3743 849 3813 capitque
870 3742 1277 3813 ingravescente
1301 3742 1574 3812 languoris
1603 3741 1848 3796 molestia
1873 3741 2030 3795 morti
2056 3755 2177 3808 pro-

574 3836 841 3905 pinquare
866 3852 879 3887 :
908 3835 1122 3891 tandem
1146 3834 1285 3889 male
1306 3834 1584 3905 fugitivus,
1606 3842 1664 3889 ut
1688 3835 1754 3888 ad
1782 3832 2171 3887 monasterium

576 3930 967 3993 reportaretur,
1007 3922 1263 3993 expetiit;
1304 3924 1485 3992 ibique
1529 3923 1922 3992 paenitudinem
1956 3922 2022 3976 de
2061 3922 2175 3977 suis

578 4010 961 4083 pravitatibus,
990 4011 1341 4081 habitumque
1368 4013 1726 4067 monacbatus
1750 4012 1979 4083 accepit.
2010 4012 2176 4067 Cum-

576 4118 683 4171 que
712 4117 852 4157 uxor
874 4101 991 4170 ejus
1018 4118 1140 4157 eum
1171 4102 1445 4158 nonnullis
1489 4103 1613 4157 aliis
1640 4104 1778 4157 lecto
1811 4104 2046 4173 jacentis
2080 4119 2172 4158 as-

577 4195 819 4257 sisteret,
853 4194 1015 4264 cmpit
1064 4194 1153 4249 ille
1190 4195 1432 4266 graviter
1460 4210 1677 4266 gemere
1699 4237 1713 4262 ,
1749 4196 1983 4251 ululatus
2013 4196 2173 4251 emit-

582 4294 733 4345 tere;
778 4294 833 4338 et
872 4295 1131 4359 tanquam
1164 4286 1478 4354 phronesim
1520 4296 1819 4356 pateretur,
1867 4288 2172 4341 inordinata

580 4372 969 4429 vociferatione
1014 4376 1240 4445 garrire.
1292 4375 1778 4433 Percunctantibus
1827 4389 2007 4432 autem
2055 4380 2173 4445 eis,

582 4479 685 4521 cur
731 4481 836 4520 non
886 4465 974 4521 ille
1020 4470 1325 4535 quiesceret
1367 4485 1380 4522 :
1421 4466 1639 4531 Nonne,
1693 4467 1907 4539 inquit,
1953 4470 2177 4523 cernitis

581 4553 802 4612 beatum
832 4555 1102 4611 Andream
1126 4551 1450 4627 apostolum,
1477 4567 1830 4627 sanctumque
1853 4555 2171 4627 Gregorium

584 4644 869 4699 acerrimis
892 4660 977 4699 me
997 4646 1110 4700 suis
1129 4645 1443 4700 verberibus
1462 4647 1791 4701 unanimiter
1812 4624 2177 4717 ﬂagellantes?
2212 4624 2256 4681 θ

586 4734 810 4792 Ululans
847 4736 1030 4806 itaque
1068 4752 1293 4802 rursus,
1336 4752 1402 4793 ac
1430 4736 1635 4792 ﬂebiles
1680 4752 1840 4792 voces
1880 4740 2176 4803 cmittens,

588 4827 861 4899 paululum
890 4828 1225 4897 respirabat,
1257 4840 1421 4898 atque
1451 4830 1665 4886 dicebat
1696 4847 1710 4883 :
1744 4830 1899 4884 Modo
1938 4845 2025 4884 me
2056 4846 2184 4885 ver-

586 4920 952 4985 beraverunt,
1000 4930 1284 4991 propterea
1332 4921 1459 4990 quia
1533 4922 1920 4977 monasterium
1999 4922 2176 4976 dimisi

590 5028 920 5083 uxoremque
941 5013 1174 5083 suscepi.
1202 5012 1511 5084 iterumque
1538 5024 1656 5084 post
1685 5014 1842 5069 ﬂetus
1902 5026 2061 5083 atque
2089 5032 2178 5065 ru-

592 5105 752 5177 gitus,
774 5104 842 5159 ad
884 5112 1214 5159 momentum
1254 5103 1578 5172 quiescens,
1624 5104 1849 5159 aiebat:
1896 5103 2051 5158 Modo
2098 5119 2182 5157 ιιιθ

590 5198 1032 5267 castigat/erunt,
1107 5196 1233 5265 quia
1304 5197 1630 5266 pauperibus
1703 5198 2181 5260 mendicantibus,

593 5289 937 5359 maximeque
964 5288 1287 5358 Scotigenis,
1321 5304 1426 5343 non
1456 5290 1615 5344 modo
1642 5290 1771 5345 nihil
1800 5291 1945 5353 dedi,
1974 5292 2064 5344 sed
2090 5306 2184 5345 eos

592 5380 781 5446 etiam,
817 5380 960 5449 quod
992 5379 1314 5452 ﬂagitiosum
1341 5391 1457 5445 est,
1485 5381 1795 5451 frequenter
1835 5382 1999 5437 irrisi.
2039 5382 2152 5436 Rur

596 5486 688 5525 sus
715 5471 1053 5541 ingeminans
1076 5470 1338 5526 stridores
1378 5481 1434 5527 et
1459 5473 1709 5543 gemitus,
1738 5474 2017 5528 asserebat
2047 5490 2179 5544 quo-

596 5564 740 5618 niam
770 5578 867 5619 sex
898 5578 1148 5617 nummos
1176 5578 1208 5617 a
1249 5563 1481 5632 quadam
1513 5564 1671 5619 vidua
1712 5565 2038 5635 paupercula
2068 5581 2185 5619 mn-

599 5664 718 5709 tuos
751 5654 934 5724 accepi
958 5694 972 5715 ,
1000 5661 1054 5709 et
1092 5653 1317 5709 reddere
1346 5654 1521 5717 nolui;
1554 5664 1684 5725 quot
1714 5656 1907 5725 pedum
1941 5656 2189 5725 passibus

596 5744 685 5798 illa
716 5743 1011 5807 laboravit,
1054 5743 1178 5796 dum
1208 5758 1300 5798 eos
1328 5742 1393 5797 ad
1428 5759 1513 5798 me
1544 5744 1806 5799 veniendo
1846 5745 2145 5815 requireret
2172 5787 2188 5805 ,

602 5846 679 5892 tot
705 5849 835 5907 ergo
868 5848 1011 5889 nunc
1054 5834 1190 5890 ictus
1224 5834 1290 5891 de
1317 5844 1629 5892 sanctorum
1670 5838 1920 5893 manibus
1965 5838 2189 5908 pertuli,

2274 3363 2481 3417 homini
2532 3361 2713 3416 divina
2757 3357 2995 3426 judicia,
3028 3354 3243 3423 quando
3288 3362 3344 3407 et
3389 3352 3442 3405 in
3490 3347 3751 3411 animalia
3793 3363 3881 3401 ra-

2277 3457 2422 3509 tione
2437 3453 2676 3509 carentia
2692 3458 2800 3504 tam
2828 3447 3124 3503 terribilem
3144 3446 3285 3499 Deus
3299 3443 3474 3499 exerit
3495 3438 3838 3509 disciplinam
3859 3438 3884 3491 ἲ

2276 3548 2334 3604 Si
2378 3546 2523 3601 enim
2554 3558 2623 3598 ne
2668 3540 2968 3611 simplicem
3013 3536 3231 3607 quidem
3276 3548 3473 3604 aquam
3504 3531 3666 3599 huius
3702 3532 3883 3585 sancti

2275 3636 2378 3692 loci
2410 3634 2585 3689 noluit
2606 3630 2950 3699 omnipotens
2990 3628 3133 3680 Deus
3170 3634 3230 3678 ut
3261 3624 3448 3677 insons
3473 3620 3720 3677 canicula
3764 3628 3887 3673 tan—

2276 3733 2450 3794 geret,
2478 3736 2584 3793 qua
2615 3730 2871 3790 putamus
2909 3714 3154 3771 molestia
3196 3711 3415 3776 tolerat,
3441 3726 3564 3765 cum
3592 3722 3886 3779 perversus

2275 3814 2503 3887 quilibet
2534 3812 2599 3866 ad
2629 3808 3043 3879 percipiendum
3093 3818 3292 3874 corpus
3327 3802 3443 3872 ejus
3473 3809 3527 3856 et
3556 3799 3881 3869 sanguinem

2276 3903 2450 3960 sacris
2499 3900 2765 3954 altaribus
2817 3892 3264 3967 appropinquat?
3338 3890 3445 3945 Sed
3502 3904 3625 3945 cum
3682 3902 3888 3958 pravus

2241 4020 2247 4025 ~
2276 3994 2507 4065 quisque
2528 3992 2697 4047 Deum
2724 3989 2973 4061 reprobis
2994 3988 3110 4044 suis
3131 3986 3345 4042 actibus
3364 3984 3679 4045 exaeerbat,
3708 3990 3764 4037 et
3791 3981 3891 4036 sti-

2277 4085 2468 4151 mulat,
2501 4100 2607 4139 non
2635 4083 2711 4137 illi
2742 4083 2991 4153 protinus
3020 4082 3227 4151 irrogat
3260 4076 3522 4149 patientia
3554 4075 3738 4129 divina
3763 4073 3887 4127 vin-

2277 4176 2501 4244 dictam,
2524 4189 2687 4247 quem
2709 4183 2889 4228 tamen
2920 4180 3239 4241 perpetuam
3266 4176 3513 4226 reservat
3541 4166 3611 4224 ad
3640 4180 3887 4237 poenam.

2905 4283 3137 4342 CAPUT
3166 4280 3260 4339 IX.

2281 4380 2357 4436 De
2392 4378 2712 4447 Pandulplto
2740 4387 2787 4432 et
2816 4376 3026 4431 Joanne
3051 4374 3375 4457 principibus
3406 4374 3461 4429 in
3505 4374 3714 4445 inferno
3739 4373 3893 4428 dam-

2996 4456 3157 4501 natis.

2353 4559 2527 4615 Porro
2558 4559 2687 4614 dum
2737 4558 2862 4630 styli
2895 4557 3057 4627 hujus
3105 4572 3274 4613 exaro
3301 4557 3541 4613 dictator
3570 4556 3890 4619 articulum,

2284 4668 2412 4708 ecce
2439 4650 2749 4707 Desiderins
2778 4649 3063 4720 religiosus
3091 4649 3409 4705 Casineusis
3440 4649 3758 4703 monasterii
3787 4650 3885 4702 ab-

2282 4742 2381 4796 bas
2404 4742 2634 4797 accedit.
2660 4740 2761 4807 Qui
2796 4741 3075 4803 nimirum,
3102 4740 3245 4794 sicut
3269 4740 3429 4794 beato
3456 4737 3665 4792 Danieli
3688 4752 3891 4808 cogna-

2288 4832 2432 4885 tione
2457 4830 2701 4899 jungitur
2738 4830 2994 4895 nominis,
3026 4830 3107 4886 sic
3135 4845 3259 4884 eum
3291 4830 3359 4883 ab
3397 4827 3487 4885 illo
3522 4841 3628 4881 non
3673 4838 3890 4897 separat

2288 4923 2518 4978 assertio
2554 4921 2822 4975 veritatis.
2872 4920 2971 4975 llic
3010 4922 3193 4991 itaque
3244 4920 3373 4974 mihi
3426 4918 3628 4988 aliquid
3677 4930 3892 4983 narrat,

2288 5013 2433 5083 quod
2458 5013 2573 5082 ipsa
2594 5013 2735 5067 ratio
2755 5012 3050 5082 persuadet
3075 5021 3133 5065 ut
3153 5012 3411 5067 scribam.
3439 5010 3663 5076 Servus,
3689 5011 3887 5081 inquit,

2290 5104 2385 5159 Dei
2428 5103 2798 5174 Neapolitana:
2846 5102 3085 5174 regionis
3135 5102 3187 5156 in
3219 5111 3490 5173 praerupta
3536 5118 3689 5174 rupe,
3735 5102 3892 5170 juxta

2290 5195 2431 5249 viam
2477 5193 2749 5265 publicam
2798 5193 3075 5249 solitarius
3128 5193 3430 5248 habitabat.
3486 5192 3894 5259 Qui'nimirum

2290 5289 2416 5343 dum
2451 5298 2717 5343 nocturno
2746 5296 2992 5356 tempore
3021 5285 3300 5357 psalleret,
3342 5294 3399 5339 et
3443 5283 3737 5341 fenestram
3785 5285 3896 5339 cel-

2290 5380 2410 5435 lulas
2448 5381 2702 5435 horarum
2731 5380 3043 5451 eXplorator
3072 5379 3328 5448 aperiret,
3360 5393 3491 5433 ecce
3521 5378 3670 5433 videt
3697 5377 3897 5431 multos

2289 5471 2475 5542 nigros
2490 5471 2738 5525 homines
2755 5480 3010 5539 tanquam
3025 5469 3314 5537 Ethiopes
3333 5470 3433 5523 iter
3446 5483 3694 5538 carpere,
3714 5476 3769 5521 et
3781 5466 3897 5521 lon-

2293 5581 2360 5634 go
2388 5574 2565 5620 tractu
2580 5575 2805 5620 onustos
2820 5566 2943 5619 leno
2958 5565 3256 5636 sagmarios
3271 5564 3627 5620 comminare.
3645 5564 3895 5631 Cumque

2292 5674 2387 5713 eos
2425 5658 2676 5715 curiosus
2723 5659 3045 5727 inquireret,
3097 5658 3187 5728 qui
3244 5666 3450 5721 essent,
3502 5657 3764 5726 cujusque
3818 5655 3898 5708 rei

2296 5749 2466 5819 gratia
2505 5750 2623 5806 htcc
2664 5750 3035 5819 iumentorum
3079 5746 3275 5817 pabula
3327 5748 3673 5802 devectareut
3700 5758 3714 5797 :
3743 5742 3899 5797 Mali-

2301 5842 2410 5912 gni,
2446 5842 2715 5911 inquiunt,
2738 5840 2963 5911 spiritus
2986 5854 3192 5907 sumus,
3218 5848 3267 5893 et
3290 5854 3545 5909 paramus
3568 5852 3673 5894 non
3699 5836 3899 5908 pabula

4744 6218 5132 6446 4
