5514 6648
63 6390 845 6648 Ξ

2001 512 2104 567 439

2006 628 2290 698 pecoribus
2312 620 2537 681 alendis,
2567 616 2661 673 sed
2688 615 2922 671 fomenta
2954 603 3132 678 potius
3167 605 3366 676 ignium
3394 597 3568 655 homi-

2003 720 2162 773 nibus
2186 710 2581 772 combarcndis.
2627 704 3007 762 Prmstolamttr
3053 698 3198 753 enim
3244 695 3294 748 in
3338 688 3583 761 proximo

2002 809 2299 882 principem
2320 804 2515 873 Capuae
2535 798 2933 869 Pandulphum,
2953 795 3043 865 qui
3064 792 3176 862 jam
3200 784 3470 842 decumbit
3494 801 3507 848 ;
3531 794 3585 838 et

2003 876 2266 955 Joannem
2305 897 2619 967 magistrum
2668 890 2895 946 militum
2927 883 3287 955 Neapolitana:
3324 876 3581 937 civitatis,

2006 990 2299 1062 quiadhuc
2326 966 2609 1042 incolumis
2643 981 2795 1037 vivit.
2846 978 2991 1032 Illico
3036 975 3119 1027 vir
3165 971 3254 1025 Dei
3303 966 3584 1037 pra'fatum

2005 1083 2266 1139 Joannem
2296 1077 2521 1147 impiger
2549 1074 2701 1137 adiit,
2732 1085 2848 1141 qua:
2881 1069 3087 1120 viderat
3141 1073 3369 1131 qumque
3403 1056 3585 1110 audie-

2009 1164 2105 1230 rat
2148 1171 2375 1228 fideliter
2402 1176 2594 1223 cuneta
2637 1163 2890 1220 narravit.
2922 1160 3026 1213 Per
3055 1158 3191 1211 idem
3246 1165 3457 1223 tempus
3489 1153 3585 1205 im-

2004 1269 2226 1332 perator
2248 1258 2374 1316 Otto
2407 1256 2695 1318 secundus,
2739 1253 2998 1307 adversus
3040 1249 3340 1301 Saracenos
3367 1242 3583 1313 praelia-

2010 1361 2185 1416 turus,
2216 1346 2522 1404 Calabriam
2552 1345 2855 1399 festinabat.
2883 1340 2978 1393 His
3003 1339 3164 1409 igitur
3184 1336 3403 1395 auditis.
3423 1334 3584 1387 Joan-

2008 1455 2108 1497 nes
2139 1440 2214 1495 ait
2240 1455 2253 1493 :
2278 1438 2436 1495 Modo.
2459 1450 2557 1490 nos
2585 1448 2805 1490 necesse
2827 1439 2908 1486 est
2933 1425 3244 1498 imperatori
3277 1430 3586 1479 reverenter

2006 1546 2319 1595 occurrere,
2340 1539 2535 1584 etcum
2564 1542 2628 1583 eo
2649 1526 2805 1582 simul
2832 1527 2897 1579 de
2922 1524 3079 1592 hujus
3111 1532 3266 1575 terra:
3290 1526 3432 1571 statu
3463 1530 3585 1585 pro—

2004 1620 2131 1677 vida
2161 1618 2592 1675 consideratione
2634 1623 2887 1671 tractare.
2934 1612 3102 1665 Porro
3135 1617 3256 1678 post
3298 1608 3585 1673 imperato-

2003 1715 2088 1770 ιιι
2123 1713 2439 1767 abscessum
2468 1707 2709 1779 spondeo
2729 1704 2889 1777 5,37
2933 1702 3187 1772 quoniam
3229 1707 3284 1753 et
3334 1695 3583 1752 saeculum

2003 1803 2251 1860 deseram
2272 1845 2285 1868 ,
2308 1811 2363 1857 et
2390 1800 2637 1857 monachi
2675 1798 2877 1854 ordinis
2904 1795 3142 1849 habitum
3179 1806 3409 1847 sumam.

2084 1894 2153 1952 Ut
2177 1904 2358 1950 autem
2396 1893 2646 1963 probaret
2700 1897 2875 1943 utrum
2920 1901 3107 1940 verum
3133 1894 3277 1938 esset
3331 1882 3472 1950 quod
3499 1878 3585 1933 ille

2003 1984 2291 2050 narrabat,
2313 1984 2555 2039 nuntium
2602 1981 2845 2051 protinus
2875 1976 2943 2033 ad
2972 1976 3169 2031 ina-nia
3215 1974 3461 2042 Capuana
3507 1970 3561 2026 di

2004 2076 2167 2141 rexit,
2191 2077 2280 2146 qui
2303 2076 2525 2130 veniens
2547 2071 2916 2142 Pandulphum
2934 2070 3048 2139 jam
3070 2076 3339 2123 mortuum
3365 2065 3579 2134 reperit.

2002 2165 2123 2236 ipse
2174 2182 2388 2237 quoque
2440 2166 2697 2236 magister
2738 2164 2964 2219 militum
2992 2161 3246 2224 Joannes,
3295 2166 3579 2224 antequam

2002 2259 2128 2313 illas
2154 2269 2341 2328 partes
2368 2260 2659 2328 imperator
2685 2259 2992 2323 attingeret,
3028 2254 3108 2306 vix
3140 2252 3325 2305 diebus
3354 2249 3577 2317 quinde-

2006 2351 2112 2404 nim
2138 2351 2454 2418 supervixit.
2496 2351 2610 2416 Quo
2658 2360 2868 2402 mortuo
2911 2359 3061 2399 mons
3114 2343 3392 2402 Vesuvius,
3442 2341 3578 2392 mide

2001 2442 2253 2496 videlicet
2294 2442 2531 2510 geltcuna
2592 2441 2899 2506 frequenter
2944 2443 3191 2497 eructat,
3232 2433 3282 2485 in
3335 2433 3579 2483 llantmas

2003 2532 2210 2602 erupit;
2249 2542 2309 2586 ut
2348 2531 2550 2600 liquido
2582 2530 2903 2599 probaretur
2958 2526 3084 2594 quia
3128 2523 3307 2575 fenum
3373 2520 3512 2589 quod
3548 2536 3575 2570 ιι

2009 2621 2345 2679 daemonibus
2392 2619 2716 2688 parabatur,
2766 2618 2841 2671 nil
2897 2615 3040 2668 aliud
3097 2613 3196 2665 fuit
3256 2611 3355 2663 nisi
3442 2609 3579 2673 ignis

2006 2711 2179 2767 trucis
2217 2712 2475 2773 incendii,
2521 2710 2611 2778 qui
2658 2709 2837 2777 pravis
2885 2722 2948 2759 ac
2996 2704 3240 2771 reprohis
3271 2701 3579 2753 hominibus

2010 2805 2329 2861 debebatur.
2378 2793 2525 2855 Nam
2576 2802 3001 2869 quamloeunque
3061 2798 3111 2849 in
3173 2795 3277 2847 illis
3335 2791 3576 2861 partibus

2006 2895 2272 2965 reprobus
2303 2894 2451 2948 dives
2481 2893 2729 2955 moritur,
2756 2891 2892 2960 ignis
2919 2902 3203 2957 erumpere
3227 2888 3289 2939 de
3317 2884 3575 2954 praedicto

2001 3000 2188 3045 monte
2222 2989 2467 3052 videtur,
2510 2998 2765 3054 tantaque
2801 2984 3105 3052 sulphurea:
3143 2981 3335 3035 resinrc
3380 2993 3578 3045 congc-

2001 3082 2114 3135 ries
2147 3096 2212 3133 ex
2266 3080 2382 3147 ipso
2429 3077 2666 3132 Vesuvio
2712 3060 2961 3143 protinus
3008 3072 3144 3135 ﬂuit,
3185 3081 3244 3124 ut
3282 3080 3576 3123 torrentem

2008 3171 2193 3233 faciat,
2225 3179 2385 3238 atque
2412 3164 2733 3222 decurrente
2770 3166 2969 3233 impetu
3000 3164 3051 3217 in
3087 3177 3235 3216 mare
3264 3160 3572 3213 descendat.

2005 3260 2108 3314 libi
2164 3259 2370 3313 scilicet
2416 3256 2776 3326 corporaliter
2827 3254 2997 3307 videri
3057 3261 3250 3321 potest,
3314 3250 3455 3317 quod
3518 3250 3570 3301 in

2006 3352 2329 3421 Apocalypsi
2375 3349 2597 3404 Joannis
2651 3351 2715 3401 de
2769 3346 3014 3415 reprobis
3057 3346 3259 3397 dicitur
3308 3361 3320 3395 :

2007 3460 2136 3514 pars
2162 3444 2373 3498 illorum
2402 3441 2504 3495 erit
2527 3444 2579 3494 in
2610 3450 2799 3508 stagno
2823 3438 3030 3490 ardenti
3062 3438 3273 3505 igne,et
3298 3436 3574 3503 sulphure,

2008 3537 2156 3606 quod
2180 3545 2265 3589 est
2287 3549 2432 3587 mors
2464 3533 2699 3586 secunda
2732 3531 2915 3598 (Apoc.
2948 3545 3060 3591 six,
3099 3530 3213 3595 ξω).
3251 3547 3269 3578 ι

2080 3625 2369 3679 Enimvero
2393 3630 2447 3677 et
2479 3620 2847 3675 Salernitantts
2878 3620 3127 3687 princeps
3156 3617 3299 3670 illius
3330 3616 3579 3669 videlicet

2004 3715 2306 3774 Guaitnarii
2339 3728 2493 3781 mque
2541 3710 2822 3780 principis,
2861 3708 2952 3777 qui
3001 3717 3126 3760 ante
3164 3722 3270 3760 non
3321 3706 3580 3773 plurimos

2006 3824 2181 3866 annos
2209 3823 2307 3877 pro
2339 3805 2520 3859 tuultis
2547 3802 2814 3857 violentiis
2845 3810 3006 3869 atque
3034 3798 3267 3867 lyl'itlllllt
3287 3798 3330 3849 is
3361 3808 3580 3863 oppres-

2004 3900 2252 3957 sionibus
2278 3912 2497 3953 suorum
2530 3894 2719 3965 gladiis
2747 3892 3101 3959 interemptus
3132 3898 3233 3952 est,
3268 3903 3420 3949 avus,
3455 3900 3578 3938 cum

2004 3990 2199 4061 procul
2240 3974 2545 4057 aspexisset
2589 3984 2822 4053 quadam
2873 3981 2959 4034 die
3010 3980 3074 4032 de
3105 3977 3358 4046 praedicto
3399 3984 3579 4027 monte

2009 4080 2456 4149 Vesuvio'piceas
2500 4085 2660 4145 atqtte
2707 4072 3028 4141 sulphureas
3068 4077 3287 4137 repente
3335 4066 3579 4118 flammas

2010 4185 2317 4239 erumpere,
2366 4169 2614 4237 protinus
2661 4165 2784 4217 ait:
2820 4156 3015 4216 Procul
3067 4159 3229 4212 dubio
3282 4156 3579 4209 sceleratus

2014 4261 2226 4353 aliquiq
2257 4260 2407 4313 dives
2437 4258 2489 4310 in
2537 4256 2789 4325 proximo
2843 4252 3141 4305 moriturus
3185 4256 3267 4300 est
3308 4252 3469 4311 atque
3514 4242 3581 4294 ad

2086 4352 2092 4353 ,
2286 4352 2293 4353 κ
2707 4345 2735 4353 ρ.
2796 4343 2810 4353 .
3368 4351 3377 4353 _
3402 4350 3417 4353 -
3446 4331 3577 4353 su,_l.!

2010 4331 2226 4409 iaferos‘
2267 4352 2641 4405 descensurus.
2705 4343 2834 4409 Sed,
2884 4357 2917 4395 ο
2971 4356 3111 4395 cmea
3156 4352 3308 4395 tuens
3368 4331 3579 4402 reprobi

2008 4443 2267 4519 ltOminis,
2312 4442 2419 4495 into
2453 4438 2694 4493 terribile
2741 4449 2905 4505 super
2944 4448 3041 4488 nos
3078 4431 3337 4501 judicium
3378 4425 3579 4482 Condi-

2008 4536 2178 4591 toris!
2226 4516 2634 4602 superveniente
2656 4527 2923 4598 siquidem
2964 4526 3207 4593 prosima
3242 4528 3427 4581 nocte,
3453 4516 3579 4569 dum

2006 4644 2235 4688 securus
2288 4644 2410 4682 cum
2475 4624 2762 4680 nierctrice
2814 4618 3227 4677 concumberet,
3291 4610 3577 4680 expiravit.

2008 4718 2180 4786 Quem
2240 4715 2344 4775 illa.
2400 4723 2460 4768 ut
2504 4712 2845 4782 postmodum
2894 4706 3185 4767 referebat,
3233 4702 3364 4772 quid
3402 4698 3578 4780 conti-

2010 4810 2177 4880 gisset
2222 4808 2508 4878 ignorans,
2562 4804 2775 4859 diutius
2810 4798 3059 4869 pertulit,
3112 4804 3167 4849 et
3221 4796 3306 4847 vix
3361 4773 3576 4847 tandem

2011 4914 2044 4951 a
2073 4910 2257 4951 senon
2288 4896 2582 4958 lmininem,
2608 4891 2701 4947 sed
2726 4892 2960 4947 cadaver
2986 4885 3239 4947 exanime
3266 4881 3578 4953 prostituta,

2014 4988 2232 5057 dejecit.

2633 5076 2858 5134 CAPUT
2897 5075 2962 5131 Χ.

2151 5192 2227 5248 De
2263 5195 2559 5263 presbytero
2596 5193 2683 5261 qui
2711 5193 2762 5245 iu
2799 5190 3020 5246 Vesuvio
3048 5198 3221 5241 oronte
3250 5187 3423 5255 periit.

2087 5288 2317 5356 Quidam
2347 5297 2609 5356 praeterea
2642 5284 2694 5338 in
2728 5283 3095 5353 Neapolitanis
3141 5281 3387 5349 partibus
3461 5293 3590 5347 pre-

2018 5379 2204 5449 sbyter
2232 5375 2421 5432 volens
2464 5372 2690 5435 certius,
2724 5373 2865 5441 quod
2899 5387 3005 5427 non
3043 5371 3264 5433 licebat,
3288 5370 3588 5429 addiscere,

2020 5466 2178 5530 illuc,
2231 5466 2319 5520 tibi
2374 5462 2677 5536 gehennale
2741 5462 3055 5517 barathrum
3119 5460 3419 5515 ferventius
3468 5471 3594 5511 eru-

2020 5556 2220 5619 ctahat,
2248 5552 2658 5625 prmsumptoria
2695 5551 2934 5632 decrevit
2956 5551 3177 5607 audacia
3197 5549 3583 5620 prepinquarc.

2022 5648 2303 5705 Missarum
2339 5646 2500 5717 igitur
2537 5645 2798 5701 solemnia
2832 5644 3147 5708 celebravit,
3178 5644 3364 5713 sicque
3394 5642 3588 5695 infula-

2024 5751 2130 5802 tus,
2177 5736 2327 5791 velut
2364 5744 2624 5801 armatus,
2677 5736 2780 5791 iter
2825 5732 3098 5804 arripuit:
3128 5733 3222 5788 sed
3269 5733 3395 5787 dum
3441 5730 3588 5785 ultra

2025 5841 2180 5898 quam
2206 5826 2453 5883 solebant
2483 5828 2727 5883 homines
2778 5824 3099 5883 temerarius
3130 5824 3381 5890 accessit,
3412 5821 3589 5879 redire

2019 5930 2130 5978 uoa
2160 5918 2344 5977 valens
2373 5919 2713 5991 postmodum
2741 5934 2844 5975 non
2874 5916 3143 5991 apparuit.

3373 3363 3391 3393 ι
3438 3342 3572 3408 Quia
3604 3327 3648 3387 Ο

160 9 4378 237 "——

2456 503 2517 562 S.
2557 500 2755 559 PETR!
2800 493 3076 554 DARDANI
3116 490 3265 548 OPP.
3299 484 3531 545 TOMUS
3570 479 3699 537 SEU
3738 475 3919 534 PARS
3958 474 4043 530 ili.
4068 468 4515 528 -0PL'SCL'LA
4560 464 4783 521 VARIA.

3603 605 3646 661 Α
3745 591 3895 645 Alius
3925 601 4139 658 quoque
4174 583 4458 654 presbyter
4489 587 4716 633 matrem
4757 588 4911 629 suam
4955 572 5240 628 Beneventi

5144 457 5242 515 ιιιο

3687 681 3975 749 reliquerat
4023 682 4400 745 mgrotantem,
4460 682 4690 737 cumque
4736 682 4830 736 per
4874 663 5243 732 Neapolitanos

3684 769 3817 822 lines
3859 765 4076 819 domino
4126 777 4225 817 suo
4262 759 4578 815 comitatum
4630 756 4919 824 pratheret,
4969 750 5241 805 exundan-

3687 859 3828 912 tibus
3857 855 4090 909 liammis
4119 851 4427 912 intendens,
4456 847 4745 901 clamorem
4770 840 5001 912 lugentis
5025 838 5245 902 audivit,

3683 962 3841 1018 quem
3870 962 3981 999 sum
4009 943 4198 996 matris
4228 954 4347 995 esse
4377 935 4563 1008 procul
4590 932 4752 988 dubio
4782 928 5109 1001 recognovit.
5142 926 5245 981 No-

3683 1040 3817 1093 tavit
3844 1038 4052 1093 horam.
4079 1043 4133 1088 et
4162 1041 4287 1087 tunc
4313 1027 4720 1085 evidentissime
4742 1022 5004 1091 comperit
5026 1029 5247 1076 matrem

3684 1132 3849 1183 luisse
3886 1127 4216 1182 defunctam.

3754 1218 3826 1274 Ut
3857 1217 4020 1287 igitur
4049 1214 4115 1267 ad
4152 1210 4429 1284 superiora
4455 1207 4763 1269 redeamus,
4792 1198 5148 1268 suﬂiciatjam
5170 1198 5250 1252 his

3683 1284 3963 1359 duodenos
3999 1309 4218 1355 sanctos
4256 1307 4602 1351 enumerasse
4643 1289 4943 1361 pontiﬁces,
4972 1288 5062 1358 qui
5089 1284 5248 1342 divini

3683 1393 3885 1448 amoris
3915 1392 4036 1461 igne
4075 1388 4347 1442 ferventes
4385 1385 4453 1439 ab
4484 1380 4848 1437 ecclesiastica
4896 1378 5250 1431 decreverunt

3684 1480 4151 1539 administratione
4183 1478 4467 1540 desistere,
4499 1481 4560 1528 ut
4594 1470 4827 1526 terrenis
4865 1465 5074 1523 actibus
5094 1479 5249 1533 expe—

3685 1575 3803 1640 diti,
3830 1575 3938 1628 Dco
3959 1578 4175 1641 possent
4205 1568 4410 1622 arctius
4446 1575 4610 1633 atque
4625 1560 4946 1615 familiarius
4967 1557 5247 1611 inbatrere.

3685 1662 3750 1718 lli
3805 1661 4058 1715 nimirum
4108 1653 4402 1711 venerandi
4453 1650 4620 1723 ωε
4662 1647 4940 1718 praesulem
4999 1653 5249 1713 tanquam

3685 1767 3872 1807 revera
3900 1749 4087 1820 viginti
4123 1755 4359 1817 quatuor
4388 1744 4649 1801 seniores,
4674 1737 4964 1809 procidunt
4989 1743 5115 1789 ante
5150 1730 5246 1787 Se—

3686 1842 3902 1896 dentem
3939 1839 3992 1892 in
4028 1837 4242 1897 throno,
4278 1841 4333 1885 et
4375 1831 4606 1885 adorant
4649 1828 4914 1881 viventem
4956 1824 5008 1878 in
5058 1820 5250 1877 mula

3612 1954 3654 2012 Β
3686 1929 4025 1991 saeculorum,
4085 1926 4363 1980 mittentes
4401 1934 4631 1975 coronas
4673 1934 4796 1975 snas
4843 1928 4967 1970 ante
5002 1915 5248 1969 thronum

3683 2016 3894 2070 Domini
3915 2015 4098 2085 (Apoc.
4120 2010 4215 2081 tv).
4246 2009 4486 2065 Coronas
4511 2020 4701 2073 nempe
4730 2018 4856 2059 suas
4879 2010 5006 2056 ante
5035 1999 5244 2055 Domini

3682 2109 3933 2162 throntnn
3984 2105 4228 2164 mittunt,
4281 2101 4405 2154 dum
4453 2106 4771 2152 ornamenta
4802 2091 5029 2163 propria:
5073 2089 5249 2159 digni-

3681 2201 3807 2253 tatis
3836 2212 3933 2266 pro
3971 2195 4088 2262 ejus
4121 2206 4306 2247 amore
4351 2192 4643 2259 deponunt.
4680 2185 4761 2241 Ad
4810 2199 4995 2240 eorum
5037 2195 5248 2253 quoque

3683 2288 4089 2344 similitudinem
4140 2285 4347 2354 phialas
4377 2294 4572 2333 aureas
4604 2278 4801 2331 habent
4833 2275 5019 2342 plenas
5059 2273 5246 2325 odora-

3683 2391 4009 2439 tnentorum,
4042 2393 4160 2445 qum,
4190 2384 4311 2428 sunt
4339 2372 4613 2426 orationes
4642 2377 4984 2429 sanctorum;
5014 2364 5160 2432 quia.
5193 2370 5249 2414 ut

3681 2477 3923 2544 put-iores
3960 2471 4065 2523 Deo
4100 2474 4308 2521 valeant
4333 2466 4607 2519 orationes
4632 2462 4682 2514 in
4705 2462 4925 2515 odorem
4958 2454 5239 2512 suavitatis

3678 2567 3895 2626 oll‘erre,
3925 2560 4135 2615 cunctis
4165 2574 4221 2612 se
4267 2555 4451 2610 mundi
4479 2552 4636 2621 hujus
4665 2551 4882 2606 student
4916 2548 5125 2602 actibus
5163 2559 5247 2598 se-

3682 2670 3926 2726 grcgare.

3754 2745 3915 2796 Plane
3964 2741 4065 2794 nisi
4121 2738 4378 2806 longioris
4423 2735 4546 2804 styli
4610 2731 4881 2785 fastidium
4932 2726 5247 2787 devitantur,

3680 2835 3891 2886 beatum
3926 2845 4139 2899 quoque
4165 2825 4517 2881 Athanasium
4550 2822 4634 2877 his
4672 2838 4774 2874 non
4803 2816 5244 2872 inconvenierter

3680 2939 4022 2992 apponeret“.
4087 2921 4187 2986 Qui
4249 2917 4498 2971 videlicet
4547 2914 4647 2967 sub
4692 2912 4892 2965 Ariano
4938 2924 5060 2977 rege
5108 2905 5243 2962 Cur,

3680 3016 3879 3069 stantio
3928 3013 4220 3066 ECClCSlﬂm
4257 3006 4536 3069 deferens,
4589 3001 4859 3072 ergastulo
4889 3014 4945 3053 se
4974 2995 5243 3063 cujusdam

3681 3116 3881 3159 saneta:
3922 3104 4161 3157 mulieris
4202 3099 4486 3159 immersit,
4539 3095 4718 3163 ibique
4764 3091 5034 3163 geminato
5081 3088 5243 3141 trien-

3683 3199 3791 3256 nio,
3831 3202 4025 3259 pra‘ter
4066 3188 4511 3245 cohabitatricem
4556 3197 4729 3242 suam,
4781 3177 4989 3232 cunctis
5036 3177 5246 3243 ignotus

3682 3283 4001 3339 mortalibus
4034 3280 4208 3332 latuit.
4242 3276 4491 3330 Poteram
4529 3281 4581 3325 et
4613 3269 4977 3324 beatissimum
5009 3264 5091 3318 his
5117 3278 5245 3317 cono

3681 3390 3972 3432 numerare
4002 3372 4322 3431 Mat-tinum;
4356 3367 4445 3436 qui
4464 3364 4553 3432 jus
4579 3359 4898 3430 episcctpalis
4925 3355 5081 3411 cilicii
5108 3355 5248 3409 velut
5291 3398 5302 3410 .

3681 3484 3743 3521 ex
3778 3466 4011 3533 quadam
4048 3470 4200 3531 parte
4239 3456 4499 3517 deseruit,
4545 3453 4670 3506 dum
4704 3449 4876 3503 tribus
4908 3446 5019 3499 fere
5065 3443 5243 3496 lustris

3683 3567 3807 3610 ante
3840 3556 4044 3608 obitum
4095 3565 4273 3611 suum,
4324 3555 4381 3600 ut
4428 3545 4538 3598 Deo
4585 3539 4904 3594 familiarius
4957 3535 5178 3597 viveret,
5222 3551 5249 3585 a

3682 3648 3925 3702 ruite-iliis
3951 3662 4008 3699 se
4033 3642 4384 3714 synodalibus
4414 3637 4656 3691 funditus
4687 3628 5011 3687 ahscutavit.

3756 3738 3979 3791 Beatum
4010 3747 4227 3802 quoque
4255 3729 4587 3784 Gaudiosunt
4621 3739 4725 3777 non
4746 3722 5035 3789 incongrue
5063 3730 5250 3785 snper-

3683 3830 3957 3887 :nE-lercm,
4013 3826 4101 3893 qui
4141 3823 4265 3875 dum
4297 3815 4646 3872 Ahitunensis
4669 3811 4936 3872 Reclesiae,
4970 3822 5087 3876 qua:
5114 3806 5253 3858 vidc-

3683 3920 3809 3970 liret
3839 3917 4106 3969 Africana:
4149 3909 4400 3966 dimccsis
4454 3916 4560 3970 est,
4609 3903 4921 3959 cathedram
4963 3898 5251 3960 obtineret,

3682 4004 3958 4060 \Yandaiis
3984 4003 4221 4056 Africam
4253 3995 4676 4056 devastantibus,
4703 4006 4823 4046 cum
4856 3987 4911 4043 S.
4944 3985 5238 4053 Quodvult-

3683 4097 3787 4151 deo
3848 4111 3911 4148 ac
3953 4092 4166 4148 caeteris
4194 4085 4515 4159 praesulibus
4545 4084 4699 4152 fugit.
4728 4090 4782 4136 et
4822 4080 4873 4131 in
4919 4075 5254 4142 Parthctmpe

3682 4187 3898 4238 civitate
3938 4179 4323 4236 monasterium
4349 4174 4611 4229 condidit.
4644 4171 4699 4225 Si
4735 4184 4863 4238 ergo
4885 4164 4972 4219 ille
5005 4163 5139 4233 fugit
5198 4172 5255 4215 ut

3686 4273 4072 4327 Wandalorum
4117 4268 4369 4322 evaderet
4421 4263 4647 4333 gladios,
4698 4265 4903 4328 quanto
4941 4253 5115 4322 magis
5154 4265 5255 4322 ego

3687 4367 3733 4419 la
3756 4379 3905 4431 lucos
3935 4372 4153 4415 aeterna:
4181 4356 4370 4411 mortis
4395 4353 4634 4423 effugere
4665 4347 4871 4403 debeo?

3755 4453 3978 4522 Sergius
4002 4437 4167 4504 etiam
4206 4444 4549 4514 metropolita
4591 4439 4835 4495 Damasci
4865 4453 4970 4492 non
5000 4434 5252 4488 incouve-

3687 4543 3901 4596 nienter
3936 4539 4022 4591 his
4049 4543 4237 4606 posset
4267 4532 4504 4595 annecti,
4537 4529 4628 4599 qui
4654 4526 4946 4582 Ecclesium
4978 4536 5129 4577 suam
5160 4534 5257 4589 pro

3683 4631 3887 4685 Christi
3914 4643 4101 4683 amore
4123 4626 4384 4687 deseruit,
4412 4631 4470 4678 et
4496 4622 4720 4676 Romam
4748 4615 5063 4688 peregrinus
5087 4612 5259 4665 adve-

3688 4725 3794 4785 nit;
3831 4720 4213 4790 repcriensque
4243 4716 4523 4770 beatorum
4554 4708 4813 4764 Bnnifacii
4860 4716 4915 4761 et
4949 4701 5121 4758 Alexii
5164 4703 5256 4754 ha-

3688 4815 3897 4869 silieam
3928 4808 4358 4866 sacerdotalibus
4399 4817 4536 4875 pene
4563 4801 4754 4857 ol‘liciis
4789 4798 5122 4855 destitutam.
5158 4792 5255 4846 Be-

3689 4906 3959 4960 nedictum
4007 4902 4268 4958 Romanae
4297 4903 4442 4955 sedis
4470 4890 4767 4952 antistitem
4795 4892 4950 4956 adiit,
4995 4898 5158 4957 atque
5197 4897 5255 4941 ut

3689 5012 3749 5052 se
3792 4994 4231 5051 monasterialcm
4270 4992 4343 5045 ibi
4380 4990 4714 5061 permitteret
4767 4981 5005 5051 regulam
5028 4980 5252 5035 'eonsri-

3694 5099 3863 5152 tuere,
3894 5087 4145 5157 precibus
4176 5081 4509 5152 impetravit.
4544 5078 4645 5136 Ubi
4680 5076 4932 5133 nimirum
4962 5073 5118 5144 longe
5135 5078 5271 5143 post’

3690 5195 3936 5253 tempore
3956 5181 4219 5250 religiose
4256 5179 4459 5248 degens
4488 5176 4653 5230 vitam
4684 5172 4876 5227 linivit.

3760 5272 3958 5325 Beatus
4002 5283 4222 5338 quoque
4265 5265 4579 5335 Gregorius,
4624 5263 4767 5318 sicut
4798 5261 4853 5316 in
4886 5256 5100 5331 registri
5136 5256 5256 5328 ejus

3689 5360 3959 5431 reperitur
4009 5344 4270 5418 Historia:
4310 5355 4484 5409 tribus
4523 5351 4791 5422 episcopis
4829 5348 5015 5418 prima:
5050 5344 5257 5401 scilicet

3687 5451 4027 5515 Justinianre,
4064 5448 4414 5511 Ariminensi,
4458 5456 4514 5501 et
4554 5444 4715 5499 tertio
4757 5440 4966 5496 cuidam
5010 5452 5110 5509 pro
5146 5437 5257 5492 sola

3692 5541 3885 5612 capitis
3908 5539 4249 5610 aegritudine,
4277 5552 4407 5592 suas
4428 5533 4708 5591 deserendi
4728 5530 4994 5587 Ecclesias
5035 5526 5256 5581 liberam

3695 5632 4003 5688 facultatem
4034 5632 4184 5688 dedit
4223 5631 4412 5701 eisque
4439 5634 4719 5683 reservato
4746 5625 4815 5680 de
4843 5619 5044 5678 relictis
5074 5618 5257 5674 Eccle-

3695 5726 3791 5781 siis
3835 5723 4143 5780 necessario
4185 5720 4484 5791 stipendio,
4544 5727 4887 5772 successores
4930 5709 5260 5766 substituere

3695 5830 3801 5869 non
3848 5815 4086 5882 negavit.
4119 5812 4277 5882 Quod
4322 5810 4571 5866 videlicet
4606 5806 4697 5877 qui
4724 5801 4980 5875 epistolas
5007 5798 5258 5855 Anatolio

3694 5904 4297 5976 Constantinopolitano
4324 5900 4676 5968 subdiacono,
4714 5893 5014 5951 Mariniano
5040 5888 5223 5946 ﬂaven
5240 5918 5254 5932 σ
