5514 6652
540 444 635 511 ιιι

1164 447 1401 508 ΟΡΙῙὲΟ.
1448 443 2156 507 XX.-APOLOGETIC.
2211 446 2299 504 OB
2347 446 2686 510 DIMISSUM
2732 447 3141 510 EPISCOPAT.

3722 447 3827 506 ω

542 578 651 624 natt
678 573 843 636 atque
868 562 1146 630 Etherio,
1172 565 1443 635 episcopis
1480 564 1678 621 missas
1704 562 1905 636 legerit
1922 602 1937 629 ,
1961 561 2121 617 dubi-
2155 569 2201 627 Α
2231 566 2417 621 multis
2444 566 2705 637 lacrymis
2730 577 2952 622 sanctus
2980 568 3275 637 presbyter
3299 565 3618 622 accedebat.
3663 564 3826 620 Post-

542 668 656 714 tare
684 669 790 711 non
810 654 1032 725 poterit.

1143 744 1373 802 CAPUT
1413 746 1507 801 XI.

644 858 715 913 De
743 857 912 913 tribus
942 857 1067 912 aliis
1097 856 1657 980 eﬁscopialfccluiar
1696 874 1821 912 suae
1855 856 2036 911 itidem

1176 944 1393 980 eserenr
1435 944 1516 980 us.

1176 944 1516 982 eaerentwus.

614 1021 751 1077 Ecce
791 1021 917 1075 dum
969 1020 1075 1075 illis
1122 1020 1313 1089 viginti
1369 1028 1605 1090 quatuor
1646 1020 1934 1090 episcopis,
1984 1003 2162 1090 quos-

547 1115 797 1186 supcrius
829 1113 1299 1177 enumeravimus,
1352 1123 1462 1169 tres
1491 1115 1653 1180 istos,
1700 1114 1790 1183 qui
1824 1123 2047 1170 auctore
2070 1114 2128 1168 Β.

543 1208 823 1279 Gregorio,
872 1224 1001 1264 suas
1050 1208 1376 1263 dimiserunt
1423 1208 1712 1269 Ecclesias,
1776 1209 2129 1278 capulamus:

546 1300 737 1354 beatos
770 1308 1030 1370 praeterea
1075 1297 1408 1355 Gaudiosum
1467 1309 1632 1368 atque
1672 1298 2132 1365 Quodvultdeum,

543 1386 796 1459 Sergium
850 1402 1065 1458 quoque
1117 1378 1515 1475 Ramascenum
1582 1388 1986 1457 metropolitam
2046 1389 2137 1445 his

539 1479 798 1535 omnibus
828 1479 1269 1549 superaddimus,
1307 1478 1533 1550 triginta
1580 1479 1768 1549 procul
1810 1480 1998 1544 dubio,
2040 1478 2135 1549 qui

539 1582 649 1638 pro
670 1568 854 1623 divino
880 1583 1067 1623 amore
1093 1568 1207 1623 suis
1237 1568 1689 1623 renuntiaverunt
1720 1569 1958 1633 sedibus,
2016 1570 2133 1638 epi-

538 1659 931 1734 scoposm
987 1659 1313 1715 invenimus.
1364 1659 1521 1715 Dicat
1570 1655 1705 1715 mihi
1761 1668 2139 1731 perscrutator

540 1760 821 1816 veterum,
856 1752 998 1807 dicat
1040 1750 1420 1817 historiarum,
1461 1750 1547 1807 vel
1589 1750 1868 1805 annalium
1911 1749 2139 1820 quilibet

542 1843 851 1915 indagator,
904 1851 986 1899 tot
1031 1844 1237 1899 sanctis
1281 1843 1530 1913 patribus
1574 1843 1904 1913 pastolarem
1946 1849 2134 1897 custo-

544 1934 698 1988 diam
749 1934 1128 1990 deserentibus
1171 1934 1296 2004 quis
1334 1950 1574 2004 unquam
1622 1932 1936 2003 apostolica:
1977 1931 2125 1987 sedis
2170 1916 2216 1976 Β

542 2023 794 2094 pontifex
844 2026 1093 2081 obstitit?
1140 2024 1275 2093 Quis
1322 2041 1514 2082 eorum
1559 2025 1865 2095 quemlibet
1903 2023 1989 2078 vel
2042 2037 2137 2093 per

541 2116 840 2187 legationis
889 2118 1073 2187 apices
1118 2118 1494 2187 reprehendit,
1545 2118 1629 2172 vel
1682 2133 1781 2187 per
1823 2115 2139 2188 synodalem

543 2211 876 2262 sententiam
908 2208 1328 2264 condemnavit?
1379 2208 1553 2268 Dicat,
1610 2209 1855 2277 inquam,
1904 2207 1988 2261 vel
2018 2222 2142 2261 cum

544 2296 862 2353 nullatenus
904 2298 1077 2367 possit
1118 2298 1363 2353 invenire
1405 2298 1534 2367 quid
1571 2304 1803 2362 asserat,
1851 2311 2141 2365 procacem

545 2387 791 2458 linguam
838 2403 993 2443 suam
1034 2388 1291 2445 dentibus
1338 2390 1606 2453 mordeat,
1650 2404 1755 2443 non
1801 2404 1887 2442 me
1929 2387 2150 2457 injustis

546 2479 987 2535 detractionibus
1017 2481 1192 2534 rodat.

622 2570 708 2624 An
733 2586 840 2624 non
860 2578 915 2627 et
938 2571 1115 2625 minor
1135 2570 1459 2627 Benedictus
1480 2588 1615 2640 papa
1642 2572 1778 2640 (19),
1797 2587 1954 2639 quem
1980 2585 2145 2639 supra

547 2661 862 2745 retulimus,
910 2664 1193 2733 apostolici
1248 2680 1306 2719 se
1365 2665 1619 2719 culminis
1677 2663 2147 2717 administratione

543 2751 810 2820 privavit,
841 2767 1321 2823 successoremque
1364 2754 1464 2808 sibi
1503 2754 1824 2823 Gregorium
1854 2753 2002 2821 (13),
2053 2754 2145 2821 qui

545 2842 853 2898 Gratianus
898 2844 1223 2908 dicebatur,
1254 2852 1306 2899 in
1360 2844 1603 2899 Romana
1655 2845 1785 2899 sede
1834 2844 2151 2898 constituit?

545 2932 737 3003 Super
786 2934 982 3003 quibus
1020 2946 1286 3005 praesente
1334 2936 1571 2989 Henrico
1624 2934 1976 3003 imperatore,
2022 2950 2146 2989 cum

546 3022 893 3092 disceptaret
954 3026 1304 3094 postmodum
1350 3024 1610 3093 synodale
1654 3023 1972 3088 concilium,
2023 3024 2148 3091 Quia

545 3115 830 3170 venalitas
861 3115 1247 3183 intervenerat,
1280 3119 1557 3185 depositus
1596 3126 1681 3171 est
1721 3116 1813 3185 qui
1874 3116 2145 3186 suscepit;

546 3223 660 3263 non
690 3211 1201 3265 excommunicatus
1228 3220 1313 3265 est
1368 3212 1460 3280 qui
1493 3210 1752 3265 deseruit.

2232 658 2452 711 modum
2496 672 2628 712 vero
2671 659 2738 713 ad
2789 657 3109 713 monasterii
3162 659 3405 728 regimen
3442 657 3711 713 violenter
3749 669 3825 712 at-

2234 757 2471 814 tractus,
2526 748 2738 815 aiebat,
2782 749 2977 821 (quod
3006 742 3199 805 infelix
3247 749 3569 819 frequenter
3608 757 3665 804 et
3716 749 3829 818 ipse

2231 840 2491 912 deploro)
2523 840 2729 905 Jesum,
2765 841 3042 913 inquiens,
3071 854 3172 909 per
3202 840 3366 909 pedes
3408 840 3579 904 tenui,
3602 849 3657 895 et
3686 853 3836 894 nunc

2231 933 2401 988 miser
2422 943 2479 987 et
2503 947 2681 988 caecus
2710 931 2893 988 saeculi
2928 932 3105 988 molas
3137 932 3315 987 volvo.
3350 930 3561 999 Vixque
3606 940 3833 999 peracto

2231 1024 2474 1088 biennio,
2503 1024 2557 1078 in
2590 1039 2753 1078 manu
2796 1023 3039 1084 Ottonis.
3083 1023 3177 1092 qui
3210 1030 3339 1077 tunc
3370 1021 3583 1091 imperii
3614 1030 3835 1091 sceptra

2233 1113 2476 1185 regebat,
2508 1113 2833 1183 pastoralem
2870 1112 3038 1185 ιω
3060 1111 3316 1168 baculum
3342 1111 3614 1167 reddidit:
3641 1110 3838 1165 deinde

2234 1210 2378 1278 apud
2427 1217 2683 1263 sanctum
2732 1205 3076 1263 Bonifacium
3135 1206 3280 1260 intra
3330 1204 3576 1260 Romana
3630 1203 3834 1258 moenia

2234 1291 2617 1367 perseverans,
2669 1309 2747 1349 ex.
2786 1295 2958 1360 omni,
2992 1294 3135 1365 quod
3168 1294 3274 1351 sibi
3318 1295 3446 1349 vita:
3487 1291 3649 1360 huius
3699 1292 3838 1347 resi~

2236 1387 2401 1442 duum
2427 1386 2551 1452 fuit,
2577 1386 2654 1440 nil
2684 1372 2853 1451 aliud,
2886 1400 3051 1457 quam
3088 1395 3309 1441 :eternm
3334 1384 3461 1439 vitae
3490 1384 3594 1439 sibi
3624 1383 3836 1453 stipen-

2236 1477 2323 1532 dia
2360 1476 2696 1553 proc‘uravit.
2742 1470 2839 1531 'Ad
2884 1461 3042 1547 c'ujus
3092 1474 3442 1545 postmodum
3492 1474 3833 1544 sepulturam

2238 1584 2417 1625 caecus
2445 1570 2695 1635 veniens,
2725 1568 2829 1624 luci
2861 1568 3110 1639 pristina:
3134 1568 3399 1624 asseritur
3421 1567 3730 1624 restitutus.

2315 1660 2511 1716 Verum
2540 1672 2609 1713 ne
2638 1660 2798 1729 copia
2839 1658 3133 1715 deﬁciente
3161 1658 3507 1729 pontificum,
3546 1656 3613 1712 ad
3650 1670 3839 1712 exem-

2236 1751 2325 1820 pla
2360 1750 2540 1804 minus
2586 1763 2827 1819 congrua
2872 1748 3198 1805 convolasse
3243 1759 3504 1804 notemur
3550 1746 3841 1813 abbatum,

2240 1852 2303 1898 ut
2346 1858 2453 1897 non
2500 1841 2781 1896 diversum
2829 1855 3029 1896 nomen
3073 1854 3369 1910 apponam,
3402 1838 3513 1895 Leo
3548 1830 3847 1895 Bavennas

2244 1932 2714 2003 archiepiscopus,
2764 1946 2891 1986 mox
2950 1939 3011 1985 ut
3066 1930 3339 2004 paralysis
3393 1931 3512 2002 ejus
3558 1944 3658 1986 ora
3707 1945 3847 1986 con-

2245 2026 2499 2089 strinxit,
2549 2025 2867 2081 cathedram
2917 2025 3143 2094 sprevit,
3192 2025 3383 2094 sicque
3438 2025 3689 2092 privatus
3731 2021 3849 2079 fere

2245 2120 2609 2192 quadriennio
2666 2119 2989 2187 supervixit.
3042 2118 3143 2174 Cui
3194 2118 3455 2173 videlicet
3504 2114 3847 2175 Fridericus.

2247 2213 2411 2267 tertio
2456 2210 2657 2266 Ottone
2698 2209 2933 2265 feliciter
2974 2209 3300 2279 imperante,
3349 2204 3843 2275 successit,eique

2250 2320 2355 2359 non
2390 2305 2593 2371 inopes.
2652 2302 2852 2371 quibus
2890 2300 3153 2365 aleretur,
3184 2300 3557 2371 possessiones
3587 2297 3850 2353 Ecclesia:

2250 2398 2541 2463 delegavit.

2321 2486 2525 2541 Horum
2586 2486 2773 2557 igitur,
2826 2485 3173 2555 aliorumque
3235 2470 3458 2539 Patrum
3518 2483 3851 2539 auctoritate

2252 2576 2526 2642 suffultus,
2557 2576 2895 2645 episcopatui
2922 2576 3083 2631 simul
3108 2585 3163 2630 et
3192 2575 3542 2632 monasteriis
3570 2576 3620 2629 in
3647 2573 3855 2629 sanctis

2252 2668 2505 2722 manibus
2535 2666 2733 2721 vestris
2766 2665 3240 2720 irretractabiliter
3276 2664 3625 2728 abrenuntio,
3656 2677 3852 2719 omne—

2252 2777 2358 2831 que
2391 2760 2480 2828 jus
2516 2775 2543 2813 a
2583 2775 2669 2813 me
2712 2760 2997 2814 movenda).
3028 2759 3082 2814 in
3114 2768 3395 2828 posterum
3429 2756 3755 2827 quaestionis
3790 2771 3817 2809 a

2251 2850 2594 2920 repetitionis
2645 2849 2937 2914 abscinde;
2976 2860 3032 2904 et
3061 2851 3191 2919 quia
3219 2865 3319 2918 pro
3365 2848 3674 2903 innumeris
3726 2861 3856 2915 pec-

2253 2944 2391 2995 catis
2426 2942 2562 2995 meis
2595 2957 2701 2993 non
2736 2956 2857 2993 sum
2881 2939 3145 3009 dignusin
3174 2939 3553 2993 ecclesiastica
3585 2937 3851 3006 dignitate

2252 3032 2570 3102 persistere,
2603 3033 2693 3085 det
2723 3031 2852 3083 mihi
2879 3030 3063 3084 divina
3088 3030 3467 3085 misericordia
3504 3044 3601 3099 per
3622 3037 3845 3083 sanctas

2251 3126 2528 3179 orationes
2564 3134 2797 3188 vestras,
2832 3123 3163 3178 venerabilis
3203 3132 3377 3193 pater,
3440 3137 3506 3177 eo
3550 3122 3669 3192 ipso
3721 3120 3848 3176 vitae

2254 3214 2399 3282 quod
2444 3224 2613 3267 restat
2677 3214 2739 3286 in
2794 3213 2941 3266 luctu
3016 3220 3072 3266 et
3128 3212 3453 3280 pmnitentia
3508 3225 3855 3281 permanere.

624 3299 807 3353 Porro
839 3309 1020 3353 autem
1055 3310 1109 3353 et
1150 3300 1211 3353 Β.
1246 3300 1598 3356 Benedictum
1632 3302 1806 3355 instar
1834 3298 2016 3369 magni
2048 3314 2151 3352 cn-
2177 3273 2222 3327 δ
2255 3303 2530 3360 Conﬁteor
2584 3283 2753 3367 enim,
2795 3304 2923 3373 quia
2953 3302 3286 3357 criminosus
3333 3302 3494 3357 simul
3541 3310 3599 3355 et
3630 3302 3859 3356 vitiosus

537 3390 774 3461 jnsdam
807 3391 1099 3458 pontiﬁcis,
1132 3406 1419 3459 possumus
1449 3392 1517 3445 ad
1547 3389 1855 3457 exemplum
1888 3386 2151 3442 imitatio-

544 3480 635 3533 nis
667 3478 954 3543 inducere,
980 3480 1071 3549 qui
1103 3480 1354 3535 videlicet
1389 3481 1739 3535 commissum
1777 3494 1885 3532 non
1921 3476 2150 3546 ambigi-
2203 3473 2211 3487 '

546 3582 641 3625 tnr
672 3572 924 3642 regimen
959 3573 1248 3631 dimisisse.

618 3662 744 3717 Leo
798 3678 1015 3733 quoque
1054 3664 1464 3720 Nonantulanus
1512 3666 1683 3719 abbas
1728 3664 1796 3719 ad
1835 3664 2156 3719 memoriam

543 3750 749 3814 rediit,
798 3751 892 3820 qni
937 3753 1063 3805 dum
1097 3753 1402 3807 clericalem
1440 3754 1617 3808 adhuc
1648 3753 1884 3822 speciem
1917 3761 2155 3823 gereret,

534 3838 785 3911 jamque
817 3842 1106 3896 devotione
1135 3853 1375 3912 peracta,
1406 3843 1474 3897 ab
1503 3842 1893 3915 Hierosolymis
1922 3856 2161 3897 remeas-

541 3941 657 3996 set,
712 3932 804 3987 sic
849 3933 1015 3987 vitam
1060 3949 1217 3988 suam
1266 3936 1517 3999 instituit,
1565 3946 1624 3989 nt
1665 3936 1739 3990 nil
1783 3936 1928 3990 aliud
1958 3946 2159 4005 praater

542 4037 726 4077 unum
764 4024 1039 4078 duntaxat
1069 4026 1283 4081 asinum
1315 4028 1637 4096 possideret.
1678 4026 1813 4087 Cum
1842 4028 1946 4081 hoc
1975 4028 2157 4096 quoti-

538 4113 635 4167 die
660 4113 874 4177 saltus,
900 4122 954 4167 et
978 4128 1175 4183 pascua
1198 4116 1625 4187 circumquaque
1651 4118 2014 4187 perlustrans,
2041 4133 2158 4171 ma-

539 4201 725 4258 terias
767 4205 1125 4272 congerebat,
1170 4207 1368 4275 quibus
1419 4206 1486 4261 ad
1517 4208 1778 4277 requisita
1819 4217 2031 4263 naturae
2060 4225 2155 4265 ne-

536 4292 805 4350 eessaria
858 4291 1121 4350 fratribus
1182 4297 1453 4368 anitergia
1501 4297 1863 4352 ministraret.
1928 4297 2159 4354 Peracto

537 4384 742 4454 itaque
776 4382 1031 4453 gloriﬂco
1073 4386 1380 4457 huiusmodi
1419 4404 1584 4459 opere
1630 4405 1915 4455 manuum,
1957 4391 2158 4461 psalte-

536 4475 748 4545 rioque
788 4491 920 4530 cum
958 4477 1074 4547 ipsa
1104 4479 1265 4534 simul
1299 4482 1699 4537 exercitatione
1740 4483 1997 4549 decurso,
2038 4500 2162 4555 pro-

538 4562 697 4620 tinus
746 4563 828 4620 ad
882 4564 1164 4623 offerenda
1208 4570 1321 4624 Deo
1365 4584 1521 4627 sacra
1573 4572 1829 4642 mysteria
1885 4588 1995 4627 non
2043 4576 2161 4630 sine
2189 4588 2240 4646 ι)

608 4719 740 4790 (12)
785 4718 967 4789 Hujus
991 4722 1226 4778 nominis
1250 4739 1443 4779 nonus.

2256 3393 2324 3447 ad
2362 3394 2627 3448 honorem
2670 3394 2840 3456 hunc,
2869 3402 2925 3446 et
2962 3406 3069 3445 non
3113 3392 3232 3445 sine
3267 3391 3697 3460 reprehensione
3730 3404 3859 3461 per-

2259 3484 2405 3547 veni,
2447 3492 2501 3538 et
2544 3485 2598 3537 in
2628 3498 2693 3539 eo
2738 3482 3242 3553 repreliensibiliter
3273 3484 3380 3539 vixi
3412 3502 3424 3536 :
3460 3484 3701 3551 ideoque.
3726 3480 3861 3537 mihi

2262 3582 2437 3627 tutum
2468 3574 2643 3627 visum
2686 3584 2789 3639 est,
2825 3582 2883 3626 ut
2913 3574 3029 3643 ipse
3057 3588 3145 3627 me
3182 3574 3363 3641 potius
3392 3582 3587 3642 sponte
3617 3573 3861 3642 depone-

2264 3680 2403 3728 rem,
2442 3680 2606 3733 quam
2641 3673 2769 3717 ante
2802 3664 3045 3719 tribunal
3079 3664 3350 3718 tremendi
3382 3663 3583 3733 judicis
3635 3664 3689 3716 in
3728 3677 3863 3718 con-

2262 3763 2451 3825 spectu
2480 3756 2721 3810 omnium
2753 3754 3070 3825 angelorum
3099 3756 3475 3819 ethominum,
3496 3754 3856 3824 depositionis

2263 3848 2594 3902 sententiam
2639 3846 2740 3900 sub
2784 3855 2989 3901 aeterna
3035 3843 3392 3901 damnatione
3437 3845 3698 3925 subirem.
3752 3844 3863 3901 Sed

2258 3937 2375 4007 jam
2416 3938 2521 3992 ista
2554 3936 2827 3992 suﬁiciant
2856 3954 2870 3991 :
2897 3936 3262 4009 Omnipotens
3308 3938 3476 4002 Deus,
3512 3935 3606 4007 qui
3654 3936 3861 3989 incom-

2267 4028 2625 4099 prehensibili
2658 4028 3083 4099 dispensationis
3113 4042 3227 4083 sua:
3265 4028 3525 4093 consilio,
3577 4036 3633 4082 et
3670 4040 3757 4079 me
3797 4027 3864 4080 ab

2267 4117 2546 4173 obtinendi
2592 4118 2876 4187 regitninis
2919 4116 3228 4172 ambitione
3271 4115 3494 4185 dejecit,
3522 4122 3599 4170 .et
3648 4127 3746 4168 vos
3798 4113 3865 4166 ad

2264 4208 2629 4265 ecclesiastici
2653 4208 2910 4263 culminis
2937 4208 3152 4261 sumina
3179 4206 3459 4277 provexit,
3481 4212 3671 4260 sancto
3713 4203 3865 4259 cordi

2265 4308 2454 4355 vestro
2485 4298 2641 4368 cujus
2673 4307 2758 4354 est
2791 4299 3154 4365 inbabitator,
3186 4298 3418 4367 inspiret
3443 4296 3573 4351 talia
3599 4292 3737 4349 mihi
3765 4305 3865 4364 per

2265 4406 2455 4446 sacras
2493 4390 2709 4446 litteras
2753 4390 3012 4445 mandata
3057 4389 3313 4460 dirigere,
3364 4403 3487 4458 qua:
3528 4386 3666 4442 meis
3720 4380 3866 4441 vctis

2265 4482 2509 4553 meisque
2538 4482 2759 4537 valeant
2787 4480 3073 4537 desideriis
3096 4480 3462 4536 concordare.

2597 4569 2679 4626 Sit
2710 4588 2900 4627 nomen
2928 4573 3144 4626 Domini
3178 4571 3528 4626 benedictum.

2346 4727 2461 4799 (15)
2506 4726 2677 4799 llujus
2704 4729 2939 4784 nominis
2967 4725 3203 4797 sextum.

542 4856 3293 4892 mm

1111 4964 1466 5040 mm
1524 4898 2390 5101 OPUSCULUM
2468 4987 3323 5107 VICESIMUM.

3296 4870 3838 4901 ﬂ

1302 5163 1911 5226 APOLOGETICUS
1954 5162 2058 5223 OB
2103 5164 2496 5259 DlMlSS‘UM
2539 5166 3127 5231 EPISCOPATUM.

533 5366 974 5421 Διαυιεκτυκ.
998 5382 1069 5394 ο-
1086 5352 1323 5425 Excusat
1344 5368 1403 5409 se
1426 5352 1486 5425 Β.
1513 5350 1717 5425 Petrus
1726 5354 1887 5425 Dam.
1913 5358 2054 5425 apud
2076 5354 2412 5425 pontificem,
2438 5339 2581 5425 quod
2606 5346 2886 5425 tenuitatis
2913 5367 3025 5408 sua:
3045 5352 3149 5425 sibi
3170 5352 3444 5417 conscius,
3466 5351 3781 5425 episcopatu
3803 5361 3866 5407 ss

605 5416 947 5489 indicarit;
977 5437 1047 5478 ne
1079 5424 1203 5492 quis
1226 5434 1409 5478 autem
1440 5424 1516 5479 illi
1548 5424 1652 5479 hoc
1683 5416 2063 5480 inconstantia:
2078 5416 2390 5482 ascriberet

2468 5440 2573 5479 non
2605 5425 2750 5479 enim
2780 5424 2906 5479 licet
2939 5423 3108 5479 semel
3139 5431 3454 5495 susceptum
3481 5423 3755 5493 deponere
3779 5434 3864 5495 re-

606 5501 866 5577 gimen),
904 5490 1488 5577 breviténrespondet,
1520 5504 1574 5547 et
1602 5494 1893 5577 multorum
1922 5494 2146 5577 Patrum
2176 5490 2463 5577 exemplis,
2499 5496 2592 5565 qui
2634 5495 2815 5577 delato
2837 5495 3153 5577 episcopatu
3177 5490 3603 5577 utinoluerun't,
3630 5490 3868 5577 ostendit

576 5592 577 5595 η
606 5562 795 5644 ἦωείε
817 5562 1021 5622 tutum
1052 5562 1579 5644 cepisseconsilium
1609 5573 1761 5644 tanto
1789 5580 1957 5621 onere
1983 5582 2049 5644 _se
2070 5567 2304 5644 __levandi
2330 5562 2354 5622 ε’
2380 5583 2495 5623 rem
2517 5562 2791 5636 praeterea
2838 5562 3090 5632 arduam,
3138 5565 3488 5639 maximeque
3536 5562 3866 5619 laboriosam

606 5634 741 5699 aliis
770 5648 1057 5711 praeesse,
1086 5643 1142 5689 et
1164 5634 1508 5704 episcopatus
1538 5634 1687 5706 fungi
1715 5650 1941 5691 munere
1965 5636 2231 5693 declarat.

606 5745 1027 5815 Dilectissimis
1046 5746 1354 5816 apostolica:
1372 5747 1516 5805 sedis
1531 5748 1724 5827 electo,
1749 5756 1803 5804 et
1825 5747 1972 5820 virga
1996 5748 2166 5838 Assur

536 5847 982 5907 Ιιιιπιιυιωο,
1005 5833 1220 5893 PETRI]!
1232 5845 1484 5909 peccator
1496 5838 1803 5898 monachus
1823 5833 2159 5899 servitutém.

2346 5749 2569 5812 Ferunt,
2602 5748 2693 5819 qui
2725 5747 2778 5803 in
2828 5748 3093 5804 rimandis
3131 5763 3317 5804 rerum
3346 5744 3679 5803 desudavere
3710 5748 3869 5827 gnatu-

2277 5852 2374 5905 rts,
2404 5832 2781 5906 hoclyncibus
2808 5833 3131 5891 naturaliter
3160 5833 3410 5901 insitum,
3438 5832 3565 5904 quia
3596 5844 3721 5888 cum
3746 5836 3867 5903 post

4782 6230 5112 6432 Α
