5664 6660
2069 521 2209 604 ’διδ
2556 547 2615 605 s.
2655 546 2859 606 PETRI
2896 544 3178 603 usuum
3216 544 3369 603 ore.
3409 542 3647 602 rosus
3684 543 3818 600 seu
3865 542 4043 601 rans
4080 544 4165 601 ιιι.
4200 574 4270 586 .-

3112 544 3178 602 ΝΙ
3216 544 3369 603 OPP.
3409 542 3647 602 τοιιιιε.
3684 543 3818 600 SEU
3865 542 4043 601 PARS
4080 544 4165 601 Ill.
4200 574 4270 586 --
4307 544 4671 604 OPUSCULA
4710 545 4964 601 VAltlA.‘
5255 542 5346 599 ιιι

2101 674 2249 732 terga
2300 664 2610 733 respiciunt.
2658 663 2905 733 protinus
2980 661 3127 716 illum
3195 662 3289 730 qui
3345 663 3682 739 prmeesserit
3710 667 3755 724 Α
3784 658 3945 729 digne
3973 658 4180 715 restitui
4206 676 4218 711 :
4256 666 4310 712 et
4342 666 4400 713 ut
4427 657 4579 713 vobis
4606 672 4693 713 me
4719 656 5025 712 confessum
5050 670 5169 712 esse
5190 657 5348 711 conti-

2098 752 2504 809 obliviscuntur.
2529 753 2796 810 Continuo
2822 753 3090 817 videlicet,
3116 762 3172 805 et
3200 767 3353 807 mens
3378 750 3535 806 simul
3563 765 3678 818 per-

2099 844 2181 897 dit
2206 858 2326 912 quae
2348 844 2533 898 oculus
2586 845 2770 897 videre
2801 828 3041 899 deSierit.
3079 843 3295 897 Etcum
3347 842 3460 894 haec
3502 839 3675 893 bellua

2101 940 2253 984 tanto
2283 930 2431 985 visus
2461 934 2707 987 acumine
2732 932 2969 986 ferarum
2999 946 3167 1001 genus
3196 945 3353 985 onme
3384 929 3677 997 praecellat,

2099 1030 2160 1074 ut
2183 1030 2240 1075 et
2267 1021 2510 1091 lapideos
2536 1032 2816 1093 penetrare
2845 1024 3085 1091 parietes
3113 1022 3304 1083 v.-.leat,
3336 1021 3439 1075 hoc
3468 1022 3679 1076 laborat

2102 1115 2267 1180 vitio;
2304 1117 2423 1184 quia
2456 1116 2815 1186 quodcunque
2846 1117 2973 1171 illud
3002 1127 3106 1177 est,
3139 1132 3168 1169 a
3198 1131 3307 1183 quo
3350 1115 3519 1170 semel
3548 1132 3679 1170 oeu-

2102 1204 2182 1258 los
2207 1207 2421 1267 avertit,
2458 1208 2524 1261 ad
2554 1211 2870 1279 memoriam
2902 1207 3240 1279 postmodum
3286 1222 3391 1261 non
3444 1207 3674 1262 reducit.

2101 1292 2338 1360 Quorum
2369 1294 2616 1351 videlicet
2642 1296 2951 1351 animalium
2979 1298 3271 1366 quamdam
3290 1297 3442 1353 vobis
3463 1311 3581 1351 esse
3608 1296 3678 1350 si-

2098 1381 2457 1443 militudinem
2485 1384 2872 1446 dicerem,_nisi
2923 1399 3009 1439 me
3049 1384 3438 1453 magnitudinis
3485 1394 3677 1444 vestra

2100 1473 2404 1524 reverentia
2452 1472 2786 1539 prohiberet.
2816 1471 3007 1526 Mirum
3058 1483 3142 1527 est
3172 1474 3339 1534 enim,
3394 1474 3519 1543 quia
3566 1482 3675 1526 tam

2099 1567 2257 1614 acuta
2283 1560 2587 1627 prudentia,
2614 1561 2742 1626 imo,
2764 1562 2906 1629 quod
2937 1561 3095 1630 longe
3120 1562 3406 1631 gloriosius
3432 1571 3534 1621 est,
3568 1572 3677 1617 tam

2099 1648 2311 1703 sincera
2334 1658 2389 1703 et
2433 1648 2829 1711 ferventissima
2857 1652 3120 1717 ebaritas,
3155 1666 3275 1720 qua
3322 1665 3408 1705 me
3451 1652 3689 1719 suscipit

2097 1734 2388 1792 affectuose
2437 1749 2777 1807 presentem,
2833 1756 3105 1809 nunquam
3153 1742 3269 1795 sive
3313 1756 3410 1809 per
3455 1740 3678 1811 stylum,

2096 1832 2210 1886 sive
2242 1847 2341 1899 per
2378 1836 2600 1888 verbum
2630 1836 2851 1913 visitare
2882 1838 3130 1906 dignetur
3176 1837 3476 1897 absentem.
3510 1838 3677 1893 Porno

2096 1923 2356 1990 quoniam
2397 1939 2425 1975 a
2456 1925 2608 1978 vobis
2652 1926 2849 1994 scripta
2881 1942 2985 1979 non
3020 1941 3251 1991 mereor,
3297 1927 3341 1981 si
3376 1928 3507 1981 mibi
3552 1943 3671 1982 eum

3780 759 3915 814 tear,
3948 766 4047 818 pro
4075 751 4176 803 liae
4207 748 4533 803 refutatione
4561 757 4777 811 centum
4809 762 5072 802 annorum
5092 746 5351 815 pmoiten-

3780 842 3851 894 tia
3884 842 4011 896 mihi
4041 851 4121 895 est
4146 850 4539 911 consequenter
4560 841 4835 910 injuncta;
4866 855 4959 909 per
4986 840 5073 892 illa
5102 838 5347 893 nimirum

3779 933 4037 995 remedia,
4062 946 4179 1000 qua:
4205 932 4517 986 monasticis
4544 940 4667 985 sunt
4695 930 4892 1001 regulis
4916 930 5174 984 instituta.
5200 928 5347 994 Quod

3778 1022 3820 1075 si
3842 1036 4032 1089 parum
4057 1022 4295 1081 videtur,
4320 1036 4413 1075 vos
4434 1020 4597 1075 etiam
4622 1021 4965 1089 superaddite
4995 1038 5007 1071 :
5033 1019 5171 1073 ultro
5189 1018 5353 1073 etiam

3776 1122 3829 1165 et
3856 1112 4138 1175 careerali,
4173 1112 4215 1165 si
4246 1112 4441 1179 placet,
4474 1112 4733 1166 custodite
4762 1111 5085 1179 manoipate.
5115 1109 5243 1164 Post
5272 1116 5348 1162 tot

3778 1204 3974 1271 quippe
4007 1203 4306 1269 vagationis
4336 1211 4389 1256 et
4416 1204 4591 1255 noxia:
4624 1202 4892 1255 libertatis
4922 1214 5197 1261 excessus,
5222 1198 5351 1266 quid

3777 1300 3967 1367 restat,
3999 1292 4101 1345 nisi
4140 1300 4196 1345 ut
4226 1305 4311 1344 me
4344 1290 4680 1361 religatioois
4710 1300 4873 1359 atque
4894 1289 5093 1344 silentii
5116 1302 5353 1343 censura.

3776 1380 4057 1434 coerceat?
4093 1380 4196 1433 Sed
4231 1383 4317 1435 hic
4363 1382 4501 1437 forte
4530 1384 4763 1438 blandus
4808 1384 4896 1438 ille
4932 1393 5210 1453 tyrannus,
5259 1382 5346 1451 qui

3779 1470 3909 1524 mihi
3941 1469 4246 1525 Neroniana
4281 1489 4498 1541 semper
4550 1474 4747 1543 pietate
4800 1474 5094 1535 condoluit,
5128 1471 5217 1543 qui
5268 1485 5350 1526 me

3778 1558 4170 1627 colaphizando
4195 1561 4469 1625 demulsit,
4500 1564 4590 1632 qui
4619 1579 4704 1617 me
4738 1574 4885 1618 certe
4913 1564 5171 1633 aquilino,
5200 1570 5257 1615 ut
5279 1563 5353 1616 ita

3779 1647 3985 1714 loquar,
4019 1664 4198 1718 ungue
4245 1651 4507 1719 palpavit,
4539 1654 4676 1706 hanc
4707 1653 4967 1721 querulus
5005 1659 5248 1720 erumpet
5296 1650 5346 1703 in

3778 1752 3961 1792 vocem
3991 1756 4003 1791 :
4036 1739 4174 1793 Ecce
4203 1740 4483 1795 latibulum
4506 1744 4661 1810 petit,
4683 1751 4737 1795 et
4765 1743 4864 1795 sub
4892 1740 5069 1794 colore
5091 1739 5351 1809 pteniten-

3778 1830 3886 1892 tiae,
3922 1830 4105 1885 Rome
4140 1832 4516 1901 subterfugere
4540 1834 4735 1901 quaerit
4781 1847 5104 1895 accessum;
5152 1830 5348 1885 lucrari

3779 1920 4118 1974 machinatur
4140 1922 4206 1975 de
4233 1920 4594 1977 iuobedientia
4627 1924 4815 1987 otium,
4847 1931 4901 1977 et
4934 1922 5141 1977 caeteris
5166 1921 5217 1974 in
5242 1919 5351 1974 bel-

2102 2012 2224 2067 aliis
2252 2013 2523 2083 negati-um
2552 2025 2826 2085 ageretur,
2859 2017 3127 2080 dicerem;
3184 2020 3308 2088 quia
3359 2018 3468 2081 illa,
3515 2034 3673 2088 quam
3710 2014 3750 2067 Β
3782 2011 3827 2063 la
3857 2010 4136 2065 ruentibus
4167 2013 4253 2067 liie
4284 2015 4386 2067 sibi
4438 2015 4720 2083 degeneris
4754 2017 4955 2073 umbrte
5008 2014 5198 2083 qimrit
5224 2028 5353 2083 opa—

2100 2099 2387 2168 Apostolus
2436 2102 2588 2165 dicit,
2644 2106 2924 2161 cliaritatis
2958 2108 3207 2177 epistola,
3254 2124 3362 2163 non
3409 2119 3491 2164 est
3535 2109 3674 2179 apud

2101 2198 2197 2242 vos
2218 2186 2276 2243 in
2308 2189 2500 2245 tabulis
2529 2194 2709 2247 cordis
2739 2194 3047 2249 carnalibus
3066 2198 3267 2266 scripta
3299 2197 3383 2267 (ll
3413 2196 3533 2251 Cor.
3567 2199 3671 2265 Ill),

2102 2278 2201 2331 sed
2234 2278 2374 2343 imis,
2421 2290 2480 2334 ut
2525 2282 2706 2345 aiunt,
2738 2286 2877 2338 ceris
2918 2300 3094 2341 erasa.
3146 2286 3250 2341 Sed
3299 2288 3423 2340 dum
3457 2289 3676 2343 attendo

2100 2365 2230 2432 quid
2258 2366 2472 2438 loquar,
2496 2372 2944 2426 considerandum
2995 2384 3077 2428 est
3106 2376 3453 2430 nihilominus
3479 2378 3676 2446 quibus

2100 2455 2311 2524 loquar.
2342 2457 2680 2529 Quapropter
2709 2464 2831 2517 dum
2868 2466 2942 2517 uti
2994 2466 3245 2534 loquendi
3294 2468 3539 2522 libertate
3568 2484 3673 2523 non

2098 2551 2293 2614 audeo,
2320 2551 2400 2605 ori
2431 2553 2651 2623 digitum
2688 2571 3013 2625 superpono.
3048 2559 3277 2626 Querela
3311 2561 3477 2631 igitur
3503 2578 3673 2631 expo-

2099 2637 2406 2695 stulationis
2436 2642 2709 2713 hucusque
2739 2648 3020 2715 producta,
3073 2651 3125 2703 in
3155 2650 3296 2720 quod
3355 2653 3676 2721 propensius

2099 2736 2272 2783 seatet
2292 2728 2528 2798 animus,
2557 2734 2795 2789 breviter
2828 2737 3074 2791 inferam.

2612 2844 2838 2900 CAPUT
2873 2847 3159 2903 PRIMUM.

2095 2926 2253 2995 Quod
2278 2926 2470 2985 Petrus
2498 2931 2790 3056 Damianuls
2814 2936 3042 3057 ignarum
3070 2940 3461 3011 episcopatum
3490 2959 3672 2997 caram

2768 3023 2819 3057 ta
2859 3020 3012 3057 κει-ιι.

2768 3020 3012 3061 tacuerit.

2168 3091 2453 3149 Benedicta
2482 3096 2827 3165 omnipotens
2849 3099 3179 3168 dispensatio
3210 3104 3523 3169 conditoris,
3548 3108 3675 3174 quia

2094 3182 2164 3236 ad
2186 3196 2281 3240 vos
2304 3198 2475 3252 nuper
2495 3187 2791 3241 ascendens
2814 3190 3040 3243 duorum
3067 3189 3490 3260 episeopatuum,
3516 3197 3675 3251 unius

2096 3273 2336 3341 regendi.
2369 3273 2589 3329 alterius
2616 3277 2869 3332 visitandi
2897 3279 3033 3334 mole
3062 3282 3380 3350 depressus,
3403 3294 3675 3355 praerupta

3778 2118 3897 2153 Cttlll
3923 2102 4056 2171 (M).
4076 2102 4180 2156 Sed
4206 2104 4305 2157 hoc
4321 2120 4417 2173 ego
4440 2116 4628 2159 sancto
4652 2104 4865 2159 Satanae
4889 2120 5007 2159 meo
5033 2103 5349 2173 respondeo.

3778 2192 3918 2259 quod
3949 2192 4041 2244 lilii
4072 2191 4263 2246 Ruben
4301 2203 4356 2247 et
4410 2194 4525 2249 Gad
4566 2195 4732 2265 Moysi
4762 2195 4969 2250 ductori
5007 2210 5104 2249 suo
5134 2207 5353 2261 respon-

3776 2283 3920 2336 disse
3948 2294 4245 2337 noscuntur
4272 2303 4283 2337 :
4326 2304 4343 2335 ι
4384 2284 4509 2347 Nos,
4542 2287 4810 2355 inquiunt,
4841 2286 5051 2343 armati,
5082 2293 5136 2339 ct
5166 2284 5349 2339 accin-

3778 2374 3847 2425 cti
3876 2387 4161 2443 pergemus
4205 2374 4270 2427 ad
4316 2376 4560 2445 pnrlium
4613 2386 4740 2430 ante
4788 2376 4924 2429 filios
4972 2373 5355 2438 Israel,donec

3776 2462 4184 2517 introducamos
4212 2480 4307 2519 eos
4347 2468 4414 2521 ad
4463 2467 4577 2521 loca
4624 2482 4749 2529 sua;
4803 2466 5008 2535 parvuli
5059 2464 5253 2528 nostri,
5298 2472 5354 2517 ct

3777 2553 4036 2621 quidquid
4066 2555 4264 2610 habere
4295 2571 4581 2624 possumus
4604 2569 4762 2610 erunt
4794 2557 4845 2611 in
4880 2554 5103 2609 urbibus
5131 2553 5352 2606 moratis

3778 2654 3995 2715 propter
4021 2645 4383 2699 habitatorum
4409 2646 4663 2707 insidias;
4695 2660 4799 2699 non
4830 2653 5158 2699 revertemur
5186 2641 5238 2695 in
5265 2640 5353 2694 do-

3780 2748 3896 2786 mos
3921 2741 4135 2787 nostras
4162 2748 4438 2803 usquequo
4470 2733 4781 2802 possideant
4812 2732 4903 2786 lilii
4936 2729 5100 2785 Israel
5130 2727 5353 2784 heredi-

3779 2833 3943 2877 tatem
3969 2838 4145 2886 suam,
4178 2838 4276 2878 nec
4299 2825 4594 2894 quidquam
4621 2838 4927 2893 quaeremus
4958 2830 5109 2874 trans
5162 2818 5354 2874 Jorda-

3780 2927 3923 2975 neut,
3956 2914 4080 2983 quia
4104 2913 4228 2984 [jam
4275 2915 4535 2970 habemus
4570 2915 4965 2983 possessionem
5014 2918 5249 2965 nostram
5297 2910 5349 2961 in

3775 3004 4024 3074 orientali
4055 3004 4173 3072 ejus
4200 3004 4352 3071 plaga
4380 3002 4569 3074 (Nam.
4597 3004 4769 3073 sui).
4805 3023 4823 3053 ι
4861 3002 4973 3057 Hoc
5001 3002 5178 3070 itaque
5198 2998 5353 3053 modo

3778 3089 4134 3147 comitaturus
4164 3095 4380 3163 quidem
4414 3110 4529 3158 vos,
4560 3110 4709 3150 arma
4754 3093 5012 3161 corripio,
5058 3093 5151 3145 sed
5204 3089 5353 3143 vobis

3778 3183 3915 3236 duce
3940 3182 4182 3244 Christo,
4206 3191 4326 3251 post
4353 3183 4489 3237 bella
4510 3183 4829 3245 victoribus,
4862 3196 4984 3235 mox
5009 3180 5219 3235 recedo.
5248 3178 5355 3231 Hoc

3778 3274 3940 3339 igitur
3969 3274 4142 3327 dicam
4176 3273 4349 3328 electo
4396 3274 4631 3338 Domini,
4658 3273 4800 3341 quod
4854 3271 5093 3327 Berselai
5142 3280 5353 3338 quoque

2094 3362 2306 3429 Alpium
2331 3362 2457 3431 juga
2492 3368 2787 3431 transmisi,
2818 3384 3050 3438 moxque
3072 3374 3285 3426 sarcina
3317 3375 3676 3431 tribulationis
3703 3376 3746 3437 C
3777 3362 4086 3417 (λαίεκηίάθδ
4114 3363 4331 3416 descent

3115 3374 3285 3426 ircina
3317 3375 3676 3431 tribulationis
3703 3376 3746 3437 ρ
3777 3362 4086 3417 Galaatides
4114 3363 4447 3416 descendens
4477 3362 4544 3417 de
4574 3360 4816 3432 Rogelim
4846 3361 5011 3415 David
5038 3359 5247 3413 locutus
5273 3367 5352 3412 est

2092 3451 2324 3520 abjecta,
2357 3468 2680 3511 exoneratus
2729 3466 2784 3513 et
2813 3458 2973 3523 liber,
3006 3462 3072 3513 ad
3122 3462 3371 3517 dilectam
3412 3463 3669 3539 solitudi-

2094 3557 2219 3596 nem
2253 3556 2507 3614 tanquam
2532 3545 2787 3616 fugitivus
2813 3550 3147 3623 postliminio
3195 3555 3465 3622 repedavi.
3519 3555 3674 3613 Libet

2095 3634 2281 3704 itaque
2308 3637 2409 3691 sub
2431 3632 2663 3705 quadam
2692 3641 2887 3707 mentis
2911 3630 3151 3713 eriergia,
3188 3647 3342 3716 quasi
3384 3648 3474 3701 diu
3522 3648 3674 3719 stipi—

2096 3726 2240 3780 tibus
2265 3728 2480 3782 attritos
2510 3730 2715 3798 agitare
2744 3733 2923 3800 pedes,
2950 3732 3206 3805 durisque
3233 3740 3438 3793 catenis
3461 3741 3671 3801 edomi-

2096 3824 2182 3867 tas
2205 3816 2490 3871 sublevare
2514 3822 2777 3883 cervices,
2810 3820 3049 3890 illudque
3072 3825 3448 3892 propheticum
3479 3828 3675 3883 alacri-

2095 3910 2183 3957 ter
2212 3903 2503 3960 decantare
2528 3922 2540 3957 :
2566 3924 2585 3955 ‹
2604 3905 2885 3976 Dirupisti,
2906 3910 3150 3974 Domine,
3172 3912 3384 3967 vincula
3408 3929 3555 3968 mea:
3574 3916 3671 3969 tibi

2094 3991 2411 4065 sacriﬁcabo
2424 3995 2651 4049 hostiam
2666 3995 2859 4066 laudis(
2870 3997 3174 4063 Psat.csv,l
3185 4000 3258 4071 7).
3272 4020 3289 4051 ι
3300 4000 3480 4057 Nostis
3492 4004 3670 4072 plane,

2096 4093 2320 4152 tumque
2346 4087 2545 4141 tenetis
2567 4088 2682 4141 base
2706 4091 2762 4142 in
2794 4090 3135 4159 mesproj-‘cta
3165 4090 3328 4147 fuisse
3350 4108 3538 4158 onera,
3567 4112 3671 4150 non

2097 4184 2388 4242 suscepta;
2417 4183 2490 4238 et,
2526 4186 2581 4229 ut
2613 4179 2685 4231 ita
2710 4178 2928 4249 loquar,
2963 4182 3280 4245 retiaculum
3329 4200 3436 4241 non
3462 4187 3675 4257 ingres-

2096 4277 2360 4343 ειη-,ξηιλ
2391 4266 2485 4322 sed
2537 4267 2802 4322 violenter
2847 4278 3085 4337 apertus.
3134 4272 3473 4345 Quapropter
3511 4291 3670 4331 occa-

2094 4353 2251 4408 sione
2280 4366 2458 4418 nacta,
2488 4359 2695 4425 pondus
2723 4358 2955 4413 libenter
2993 4360 3188 4427 abjeei.
3217 4365 3361 4433 quod
3400 4366 3677 4422 ultroneus

2098 4451 2224 4497 ante
2273 4460 2377 4500 non
2408 4447 2566 4502 subii.
2601 4446 2665 4501 Et
2692 4450 2818 4519 quia
2870 4466 2963 4505 vos
3011 4453 3306 4521 apostolica
3353 4455 3531 4521 sedes,
3582 4474 3675 4514 vos

2097 4532 2338 4593 Romana
2370 4538 2498 4591 estis
2530 4538 2788 4603 Ecclesia,
2818 4542 2887 4595 ad
2911 4543 3284 4611 deponendum
3311 4547 3676 4602 reddendum-

2095 4638 2203 4696 que
2229 4627 2370 4693 quod
2390 4627 2633 4696 bajulare
2661 4631 3031 4699 nequiveram,
3052 4634 3319 4702 integrum
3343 4638 3471 4691 mihi
3493 4640 3670 4694 visum

3776 3455 3888 3524 regi
3918 3472 3932 3507 :
3967 3473 3985 3505 ι
4016 3454 4298 3508 Paululum
4325 3454 4612 3525 procedam
4637 3453 4871 3507 famulus
4893 3463 5016 3507 tuus
5040 3450 5108 3505 ab
5126 3448 5355 3505 Iordane

3776 3556 3986 3611 tecum;
4020 3549 4250 3602 obsecro
4279 3555 4338 3600 ut
4388 3556 4632 3602 revertar
4670 3560 4861 3601 servus
4890 3549 5032 3608 tuus‘,
5065 3550 5119 3597 et
5158 3541 5365 3596 moriar-

3776 3640 3827 3692 in
3858 3640 4077 3693 civitate
4106 3653 4221 3694 mea
4256 3638 4342 3696 (11
4376 3638 4505 3708 Reg.
4537 3638 4674 3708 xxx).
4714 3657 4732 3689 ι

4406 3727 4635 3783 CAPUT
4672 3727 4736 3781 ll.

3941 3820 4095 3886 Quod
4121 3822 4449 3889 epismpntus
4481 3820 4668 3889 deponi
4696 3820 4858 3889 possit
4886 3815 5197 3886 aliquando.

3846 3909 3944 3964 llic
3976 3911 4106 3963 mihi
4143 3910 4387 3963 fortassis
4434 3910 4707 3977 objicitur,
4757 3907 4922 3963 semel
4966 3914 5245 3976 acceptum
5276 3903 5359 3959 di-

3774 4000 3915 4053 mitti
3950 4000 4185 4069 regimeu
4203 4014 4307 4052 non
4349 3998 4529 4051 licere.
4558 3997 4635 4051 Ad
4656 3996 4798 4067 quod
4823 3996 5056 4050 breviter
5076 3996 5195 4050 dico
5216 3992 5355 4063 quod

3772 4092 3981 4155 sentio;
4008 4091 4131 4159 quia
4163 4090 4403 4158 plerique
4435 4088 4783 4158 pontiﬁcatus
4800 4085 4926 4155 jura
4951 4100 5055 4140 non
5082 4084 5355 4149 deserunt,

3772 4189 3827 4234 et
3861 4180 3929 4235 de
3960 4180 4195 4233 sinistris
4224 4188 4352 4232 sunt
4378 4196 4390 4229 :
4422 4185 4687 4247 quotquot
4716 4186 4895 4231 autem
4944 4176 5169 4245 legimus
5199 4181 5355 4226 recta

3773 4270 4071 4325 intentione
4116 4269 4409 4331 dimisisse,
4450 4279 4599 4323 certa
4629 4283 4755 4336 spes
4779 4277 4863 4323 est
4908 4281 5003 4321 eos
5030 4266 5099 4322 de
5140 4272 5339 4319 atem:

3775 4376 3899 4414 cum
3928 4359 4146 4413 Christo
4175 4360 4434 4413 societate
4463 4358 4717 4427 gaudere.
4762 4352 4943 4428 Neque
4976 4357 5077 4412 hoc
5108 4355 5355 4416 dicimus.

3780 4459 3838 4502 ut
3870 4450 4070 4518 passim
4100 4448 4275 4502 deseri
4314 4449 4689 4520 episcopatum
4741 4448 4923 4509 liceat,
4964 4445 5067 4501 nisi
5111 4444 5359 4500 videlicet

3780 4546 3830 4599 id
3862 4545 3975 4598 lieri
4017 4544 4316 4599 necessitas
4353 4559 4545 4613 magna
4577 4542 4888 4611 compellat.
4921 4540 5205 4595 Enimvero
5230 4538 5358 4592 bea-

3782 4648 3869 4693 tus
3916 4637 4177 4691 Valerius
4209 4636 4335 4690 dum
4388 4636 4487 4689 sibi
4538 4634 4781 4703 providet
4822 4642 5207 4691 successorem,
5249 4640 5360 4679 ma-

2095 4722 2308 4767 estnon
2339 4716 2487 4769 adire
2518 4716 2773 4772 fabricam
2804 4720 3072 4790 lapidum;
3101 4725 3191 4778 sed
3222 4739 3313 4779 eos
3360 4729 3559 4797 potius,
3616 4732 3667 4783 in
3701 4720 3748 4777 D
3776 4746 3938 4801 gnum
3982 4728 4341 4797 Augustinum
4373 4726 4703 4794 llipponensi
4735 4722 4989 4778 Ecclesia!
5035 4716 5360 4774 inthronilat

2095 4803 2292 4874 quibus
2322 4806 2465 4875 viget
2495 4807 2661 4876 ipsius
2690 4809 2942 4865 Ecclesia:
2971 4824 3388 4870 sacramentum.
3414 4818 3526 4871 Sub
3551 4834 3671 4886 per-

2096 4896 2375 4952 secutione
2404 4898 2603 4969 quippe
2630 4902 2849 4957 Judaica
2881 4904 3187 4974 ubicunque
3242 4917 3396 4961 erant
3442 4912 3671 4972 apostoli

2099 4984 2212 5039 illic
2249 5000 2369 5039 esse
2398 4989 2664 5052 primitiva
2697 4992 2975 5049 dicebatur
3014 4994 3277 5049 Ecclesia.
3328 4996 3481 5052 Nune
3507 5000 3669 5054 etiam

2097 5090 2223 5129 cum
2254 5077 2441 5129 Simon
2470 5078 2575 5141 ille,
2608 5090 2924 5137 veternosus
2946 5084 3194 5138 videlicet
3224 5089 3507 5155 trapezita,
3543 5090 3674 5143 mal-

2095 5168 2213 5223 leos
2238 5180 2291 5221 et
2319 5170 2565 5223 incudem
2591 5184 2818 5240 reparat,
2849 5190 2968 5229 eum
2994 5176 3288 5232 Romanam
3322 5180 3511 5235 urbem
3534 5180 3678 5235 velut

2076 5257 2369 5319 'omcinam
2398 5260 2501 5314 sibi
2532 5277 2627 5329 per
2660 5268 2981 5322 monétarios
3002 5268 3273 5336 pestifera:
3294 5270 3677 5340 negotiationis

2098 5360 2359 5420 usurpat,
2389 5368 2496 5420 quo
2529 5368 2621 5406 vos
2651 5354 2840 5408 Petrus
2872 5359 3144 5413 vobiscum
3190 5359 3400 5431 fugiens
3429 5362 3673 5425 attrahit,

2100 5442 2208 5507 illic
2238 5458 2359 5500 esse
2390 5444 2686 5498 Romanam
2714 5446 3005 5501 Ecclesium
3028 5451 3277 5506 omnibus
3308 5454 3675 5514 indubitanter

2100 5535 2353 5587 ostendit.
2389 5535 2539 5590 Unde
2570 5535 2733 5608 M3
2766 5553 2863 5606 ego
2893 5552 3013 5591 cum
3049 5541 3471 5597 ecclesiasticum
3521 5544 3677 5597 vobis

2101 5622 2341 5691 regimen
2373 5626 2683 5680 renuntiare
2708 5627 2967 5695 disposui,
3000 5644 3103 5682 non
3134 5633 3339 5696 erravi;
3391 5635 3517 5701 quia
3568 5632 3680 5685 Ro-

2104 5725 2321 5776 manae,.
2353 5729 2470 5783 qua:
2522 5730 2615 5769 vos
2663 5717 2795 5773 estis
2825 5717 3098 5783 Ecclesiae,
3147 5722 3290 5791 quod
3339 5738 3494 5777 suum
3556 5732 3675 5776 erat

3778 4820 4098 4879 antistitem.
4138 4818 4374 4873 Lucidus
4402 4816 4730 4871 Fieoclensis
4756 4814 5043 4883 episcopus
5086 4809 5210 4863 dum
5238 4822 5361 4876 pro-

3777 4911 4037 4979 pinquum
4086 4909 4301 4961 sibimet
4349 4904 4896 4975 obitumjmminere
4945 4900 5240 4970 cognoscit.
5294 4897 5359 4949 ad

3779 5000 4097 5053 comobialis
4131 5007 4345 5067 portum
4380 4996 4633 5052 convolat
4660 4995 4885 5056 ordinis,
4916 5008 4979 5047 ac
5007 4989 5358 5046 sacerdotalis

3780 5093 3978 5149 infulas
4012 5093 4296 5162 dignitatis
4323 5090 4659 5146 monacliieis
4693 5097 4865 5144 mutat
4900 5085 5167 5145 induviis:
5199 5093 5255 5137 et
5303 5091 5360 5136 ut

3783 5182 3994 5237 noveris
4031 5182 4159 5250 quid
4182 5182 4285 5235 sibi
4316 5181 4600 5234 conversio
4636 5181 4741 5233 ista
4770 5176 5072 5238 contulerit,
5108 5173 5245 5228 sicut
5272 5188 5359 5226 au-

3784 5273 4019 5325 thentica
4052 5270 4287 5337 Registri
4321 5278 4549 5323 testatur
4582 5269 4828 5325 historia,
4860 5267 4959 5320 sub
4987 5265 5103 5333 ipso
5130 5262 5359 5332 migran-

3787 5364 3854 5417 tis
3883 5364 4031 5416 obitu
4074 5361 4310 5428 Spiritus
4356 5360 4528 5413 sancti
4560 5360 4727 5429 gratia
4773 5356 5047 5410 laetissimo
5094 5352 5361 5406 relucebat

3783 5454 3833 5506 in
3868 5453 4037 5505 vultu.
4076 5450 4173 5503 Cui
4204 5452 4455 5503 nimirum
4487 5459 4541 5504 et
4572 5459 4859 5517 antequam
4886 5454 5201 5503 moreretur,
5231 5442 5363 5496 bea-

3786 5553 3872 5598 tus
3903 5543 4179 5611 apostolus
4206 5542 4449 5598 Andreas
4477 5541 4755 5611 apparuit;
4790 5548 4845 5593 et
4866 5552 4973 5608 qua
5004 5538 5136 5591 hora
5171 5536 5365 5605 migra-

3782 5643 3938 5685 turus
3966 5641 4113 5687 esset
4138 5647 4205 5685 ex
4230 5646 4479 5703 corpore,
4520 5629 4811 5684 nuntiavit.

3852 5722 4014 5795 ω
4043 5722 4183 5793 Quid
4205 5723 4419 5777 beatum
4445 5721 4795 5777 Adelbertum
4825 5727 5123 5791 martyrem
5154 5713 5365 5798 dicam?

2182 5896 2292 5967 (li)
2330 5896 2749 5954 lllldebrandum
2788 5899 2844 5955 S.
2882 5901 2946 5955 Β.
2996 5900 3053 5955 Ε.
3085 5900 3308 5957 Archid.
3343 5902 3503 5957 tacite
3549 5902 3811 5971 intelligit.
