5664 6622
630 481 735 539 N5

634 592 735 660 Qui
762 592 1023 646 nimirum
1052 601 1307 658 quoniam
1337 582 1711 639 Bohemiensis
1739 579 1989 635 Ecclesia:
2019 585 2233 646 postpo-
2262 580 2309 637 Α
2340 583 2458 623 mas
2484 580 2588 621 non
2611 560 2943 634 persolvant.
2972 554 3011 609 U

1317 465 1561 528 orasc.
1600 464 1720 522 xx.
1751 493 1817 506 --
1842 444 2299 519 seomcsrtc.
2342 449 2432 508 os
2466 442 2799 506 ntntssun
2833 421 3236 497 EPISCOPAT.

3821 424 3931 481 Mil

3020 570 3085 609 na
3114 552 3321 607 scilicet
3348 563 3434 603 res
3457 557 3508 603 et
3536 544 3643 601 illis
3661 542 3933 597 subtrahit

637 636 735 660 ιιιυ
762 636 917 646 ····-·--
934 636 1023 643 -η-
1055 636 1305 658 -ι---ππεη
1338 636 1367 638 ν
1389 636 1519 639 τηεμ
1546 636 1583 637 η
1646 636 1651 637 ν
2019 636 2034 646 .
2146 636 2159 645 .

637 684 744 740 suit
784 679 1132 742 cathedram,
1181 676 1507 730 monachum
1536 674 1785 736 induens,
1838 668 2224 738 triumphalem
2328 658 2491 733 ωε
2539 652 2821 724 corporale
2871 647 3190 707 subsidium,
3223 652 3277 697 et
3304 642 3422 696 istis
3462 636 3766 710 periculum
3798 650 3929 742 prp-

645 773 888 844 martyrii
917 771 1119 827 meruit
1148 768 1392 822 invenire
1418 765 1717 821 coronam?
1743 763 1917 831 thue
1967 778 2033 817 ex
2072 760 2227 814 indu-

641 864 775 921 stria
804 866 869 918 de
902 860 1114 917 caeteris
1166 858 1379 922 sileam,
1424 856 1644 925 quidam
1671 863 1891 907 sanctus
1935 851 2225 923 paenitens,

642 954 795 1024 cujus
819 969 905 1008 me
930 952 995 1005 ad
1021 964 1260 1018 praesens
1290 947 1607 1003 vocabulum
1637 945 1797 1015 fugit,
1818 943 1931 1012 jam
1967 951 2093 996 ante
2143 954 2229 996 se-
2259 978 2261 981 -

641 1045 919 1115 ptennium
948 1039 1061 1095 fere
1095 1038 1407 1108 episcopatu
1438 1036 1683 1099 dimisso,
1702 1035 1915 1088 tandem
1931 1032 2123 1101 angelo
2150 1032 2228 1085 vi-

641 1136 841 1189 sitante
866 1131 1197 1202 praecipitur,
1246 1137 1306 1183 ut
1346 1129 1413 1182 ad
1441 1127 1813 1196 episcopatum
1866 1125 2084 1189 redeat;
2133 1123 2226 1177 sed

643 1232 880 1287 recusat.
910 1222 1083 1276 donec
1112 1221 1435 1274 admonente
1464 1217 1653 1272 eodem
1677 1214 1890 1285 angelo,
1923 1215 2112 1269 beatus
2140 1214 2228 1266 ad-

642 1316 793 1370 venit
816 1312 916 1369 sub
944 1311 1225 1367 celeritate
1254 1308 1549 1379 Remigius.
1584 1304 1679 1361 Sic
1704 1307 1888 1374 itaque
1944 1319 2011 1358 ne
2070 1304 2228 1358 dece-

643 1405 759 1474 ptio
783 1402 1047 1473 potuisset
1073 1401 1216 1455 forte
1240 1398 1545 1472 subripere,
1572 1395 1737 1449 etiam
1769 1404 1879 1447 tuta
1908 1392 2227 1456 formidans,

646 1498 884 1551 bumano
911 1495 1073 1550 cessit
1100 1491 1349 1561 imperio,
1388 1490 1479 1560 qui
1509 1489 1575 1543 ad
1602 1487 1906 1557 angelicum
1932 1485 2083 1556 prius
2105 1501 2229 1539 ora-

644 1585 828 1639 culum
859 1583 1065 1653 rigidus
1094 1582 1264 1637 stetit.

719 1675 1015 1745 Episcopus
1043 1675 1208 1728 etiam
1237 1673 1326 1727 ille
1352 1671 1689 1736 Sabinensis,
1718 1671 1807 1739 qui
1832 1669 2025 1725 solium
2053 1668 2231 1738 ponti-

644 1767 806 1821 ﬁcale
835 1768 1090 1840 deseruit,
1114 1776 1165 1819 et
1192 1764 1451 1821 Farfense
1482 1767 1889 1827 monasterium,
1917 1772 2228 1832 contempta

643 1856 970 1912 sacerdotali
1004 1856 1288 1924 dignitate,
1337 1855 1668 1919 construxit,
1709 1870 1874 1923 quam
1930 1852 2124 1907 nobilis
2176 1852 2228 1905 in

2332 724 2479 804 videt
2535 747 2865 801 animarum.
2925 737 3080 807 Quod
3145 744 3316 790 totum
3374 734 3426 786 in
3488 728 3630 784 male
3687 724 3933 781 munilici

2330 848 2497 910 caput
2552 834 2880 897 redundare,
2933 830 3067 884 nulli
3112 826 3337 882 dubimn
3369 831 3491 887 est;
3526 821 3570 875 si
3600 828 3780 872 tamen
3806 830 3933 869 eum

2332 934 2401 988 ad
2430 932 2533 986 hoc
2559 929 2777 999 propria
2825 924 3041 978 vanitas
3079 920 3283 981 trahat,
3337 930 3443 969 non
3498 911 3801 967 necessitas
3838 922 3939 958 an-

2333 1026 2477 1095 tiqua
2540 1019 2847 1090 compellat.
2914 1015 2981 1069 Et
3033 1012 3253 1082 quidem
3311 1006 3545 1078 plurima
3608 1006 3933 1070 suppetunt,

2331 1092 2452 1187 qua:
2494 1114 2562 1169 de
2601 1112 2984 1182 episc0porum
3028 1100 3418 1171 multiplicibus
3464 1092 3725 1149 aerumnis
3772 1101 3939 1159 appo-

2334 1175 2539 1267 nerem,
2586 1175 2693 1256 nisi
2733 1175 2820 1252 me
2844 1192 3157 1266 epistolaris
3184 1184 3490 1259 compendii
3529 1179 3713 1251 regula
3743 1175 3936 1247 prohi-

2333 1296 2511 1349 heret.

2403 1384 2531 1450 Sed,
2572 1397 2605 1438 o
2645 1380 2893 1436 facinus!
2955 1375 3091 1430 adeo
3142 1388 3230 1427 me
3275 1368 3388 1425 sola
3434 1368 3592 1423 sedes
3638 1359 3936 1434 apostolica

2332 1477 2565 1540 cruciat,
2616 1484 2673 1528 ut
2714 1473 2781 1527 ab
2820 1471 2906 1525 his
2936 1466 3191 1524 omnibus
3219 1478 3306 1517 me
3335 1459 3579 1516 dicendis
3604 1463 3837 1511 avertat.
3880 1451 3940 1505 lu

2334 1583 2438 1638 qua
2493 1564 2752 1620 nimirum
2800 1561 2951 1623 sede,
3009 1571 3133 1612 cum
3180 1551 3441 1609 admirari
3474 1548 3748 1605 soleamus
3779 1556 3939 1598 reve-

2335 1635 2516 1713 rendae
2562 1651 2862 1725 ntajestatis
2902 1648 3224 1707 antistitem.
3258 1657 3400 1697 nunc
3436 1635 3783 1709 despicabilis
3812 1646 3939 1703 per-

2333 1765 2481 1804 sonas
2505 1723 2781 1802 cernimus
2817 1741 3135 1796 Miutionem
3165 1734 3295 1808 (15).
3325 1734 3451 1787 Haec
3480 1726 3810 1785 venerabilis
3848 1723 3939 1779 ille

2335 1842 2418 1896 vir
2474 1849 2733 1907 expertus
2796 1835 2995 1897 fuerat,
3056 1830 3251 1884 Petrus
3306 1823 3559 1878 videlicet
3609 1815 3939 1890 Apsareusis

641 1947 867 2002 Christo
898 1947 981 1999 vir
1008 1946 1173 2002 fuerit
1227 1947 1381 2001 testis
1407 1955 1493 2001 est
1539 1906 1764 2015 antiqtia
1814 1946 2059 2010 traditio,
2110 1961 2229 2014 qua:
2263 1924 2305 1980 η
2335 1930 2681 2007 [Ᾱιιείπεηείε
2708 1929 2783 1982 illi
2806 1930 2859 1981 δη

1702 1906 1764 2000 uia
1814 1946 2059 2010 traditio,
2110 1961 2229 2014 qua;
2263 1924 2305 1980 Β
2335 1930 2681 2007 [Ausarensis
2708 1929 2783 1982 uti
2806 1930 2859 1981 in
2878 1942 2995 1996 sup.
3024 1940 3109 1992 op.
3142 1916 3309 1990 corn]
3340 1918 3665 1987 episcopus;
3699 1910 3790 1978 qui
3824 1906 3939 1973 cpi—

640 2039 951 2094 sanctitatis
975 2037 1090 2106 ejus
1120 2039 1349 2109 insignia
1382 2038 1652 2104 celebrat;
1680 2041 1831 2093 testis
1861 2038 2118 2091 moderna
2142 2037 2233 2091 de-

642 2130 812 2192 votio,
870 2146 989 2199 qua:
1034 2132 1176 2199 piam
1220 2130 1339 2199 ejus
1382 2131 1703 2189 memoriam
1745 2129 1798 2181 in
1859 2128 2234 2183 benedictione

642 2219 975 2288 frequentat.
1004 2220 1203 2286 Quanti
1238 2220 1447 2273 scilicet
1472 2229 1526 2273 et
1550 2220 1702 2288 prius
1732 2229 1785 2273 et
1814 2220 2155 2289 postmodum
2182 2218 2233 2272 iu

643 2309 843 2363 eadem
872 2308 1000 2363 sede
1031 2324 1201 2378 usque
1246 2311 1315 2363 ad
1364 2310 1488 2364 vitae
1531 2310 1818 2362 terminum
1854 2308 2235 2378 perdurarunt,

642 2413 699 2454 et
733 2409 848 2453 tam
896 2414 1185 2470 operosum
1232 2397 1471 2455 fructum
1518 2400 1629 2455 Deo
1674 2398 1985 2453 nullatenus
2037 2398 2233 2451 attule-

643 2497 800 2547 runt.

720 2580 832 2637 Nec
862 2589 937 2647 te,
959 2580 1083 2636 felix
1116 2582 1328 2645 Bonite,
1351 2591 1693 2651 prmteream,
1726 2583 1817 2650 qui
1850 2583 1949 2636 hac
1974 2584 2240 2635 duntaxat

645 2674 937 2728 occasione
966 2684 1242 2743 percepta,
1289 2676 1545 2742 quoniam
1578 2674 1645 2728 de
1690 2690 1856 2728 manu
1903 2672 2069 2742 regis,
2114 2668 2238 2724 laici

648 2764 902 2820 videlicet
929 2765 1184 2829 hominis,
1206 2764 1547 2819 traditionem
1584 2764 1838 2818 Ecclesia:
1856 2774 1907 2817 te
1933 2761 2240 2830 suscepisse

650 2857 981 2926 contigerat,
1007 2856 1321 2911 cathedram
1348 2854 1745 2924 contempsisti,
1779 2864 1941 2923 atque
1966 2854 2035 2908 ad
2062 2866 2238 2907 remo-

648 2947 810 3001 tioris
838 2948 960 3001 vita!
986 2946 1287 3002 custodiam
1321 2956 1371 3000 te
1417 2948 1666 3015 protinus
1712 2945 2011 3000 contulisti.
2063 2946 2226 3012 Quid,

648 3054 807 3106 rogo,
837 3037 937 3092 iste
978 3036 1203 3097 faceret,
1232 3038 1278 3091 si
1328 3048 1618 3101 tormenta,
1652 3038 1849 3105 quibus
1901 3020 2071 3091 nostri
2117 3054 2242 3091 cru-

644 3125 865 3179 ciantur
893 3126 1151 3196 episcopi,
1183 3134 1236 3180 et
1286 3126 1402 3195 ipse
1444 3126 1744 3193 perferret?
1793 3125 1847 3179 Si
1898 3136 2236 3180 scutatorum

643 3223 699 3269 et
726 3214 1094 3271 lanceatorum
1123 3221 1315 3269 turmae
1342 3225 1463 3283 post
1488 3215 1781 3283 equitantis
1812 3224 1963 3285 terga
1991 3212 2236 3269 conﬂue-

646 3304 809 3359 rent?
830 3303 886 3359 Si
913 3319 1035 3359 eum
1061 3315 1316 3375 tanquam
1342 3300 1559 3373 gentilis
1584 3306 1790 3359 militia:
1816 3306 2011 3383 ducem
2034 3305 2087 3358 in
2112 3320 2237 3373 pro-

644 3392 833 3448 cinctu
863 3393 1097 3462 positum
1127 3394 1325 3447 armati
1356 3393 1595 3461 undique
1644 3394 1903 3462 manipuli
1956 3394 2233 3463 constipa-

644 3481 817 3537 rent?
869 3482 938 3536 Et
963 3498 1122 3552 quem
1156 3482 1419 3537 decuerat
1470 3497 1782 3537 reverenter
1832 3484 2083 3537 incedere
2113 3498 2235 3536 cum

642 3574 817 3629 choro
838 3570 1200 3641 psallentium,
1232 3573 1419 3633 audire
1447 3582 1731 3642 cogeretur
1774 3572 1903 3628 hinc
1947 3573 2073 3626 inde
2118 3586 2241 3640 pcr-

642 3664 1007 3735 strepentium
1059 3666 1284 3719 tinnitus
1314 3665 1628 3720 armorum?
1666 3664 1818 3720 Unde
1849 3666 1927 3729 lit,
1979 3675 2037 3718 ut
2081 3666 2240 3718 modo

644 3752 964 3823 pontiﬁcem
994 3769 1100 3809 non
1140 3754 1492 3819 comitentur,
1524 3763 1581 3808 ut
1606 3754 1832 3824 dignum
1878 3762 1987 3818 est,
2040 3754 2239 3808 diversi

644 3844 976 3899 clericorum
1019 3843 1282 3910 ordines;
1316 3843 1412 3898 sed
1460 3854 1642 3898 castra
1690 3844 1891 3913 potius,
1940 3853 1997 3897 et
2043 3844 2239 3896 armati

649 3932 774 3988 telis
800 3932 1141 3989 vibrantibus
1189 3934 1501 3989 bellatores.
1552 3932 1849 3987 Pensemus
1873 3933 2037 3987 etiam
2084 3933 2243 4001 quale

643 4024 752 4080 hoc
777 4024 875 4090 sit,
902 4024 1027 4093 quia
1054 4023 1170 4077 haec
1200 4022 1444 4078 nonnulli
1471 4032 1526 4076 et
1556 4023 1708 4075 inviti
1738 4022 2044 4092 perferunt;
2075 4030 2129 4075 et
2162 4031 2241 4075 ta-

649 4128 775 4171 men
805 4130 925 4178 eos,
951 4128 1089 4184 quos
1119 4112 1369 4177 tolerant,
1399 4112 1616 4180 praediis
1671 4127 1737 4167 ac
1768 4110 2112 4165 facultatibus
2141 4110 2226 4165 Ec-

647 4205 859 4272 clesiae,
884 4204 1055 4259 velint
1080 4203 1275 4267 nolint,
1307 4203 1529 4259 charius
1558 4213 1765 4257 emunt.
1798 4204 2050 4269 Quotidie
2087 4218 2239 4269 rega-

646 4294 728 4351 les
747 4294 947 4365 epulas,
969 4294 1211 4365 quotidie
1235 4302 1549 4362 apparatus,
1575 4294 1817 4362 quotidie
1847 4292 2084 4362 nuptiale
2110 4308 2241 4347 con-

648 4387 879 4453 vivium,
927 4395 984 4440 et
1011 4386 1155 4440 unde
1201 4382 1529 4455 refrigerare
1575 4384 1874 4439 debuerant
1917 4382 2238 4451 indigentes,

647 4477 967 4533 rubentinm
1012 4474 1316 4532 tabularum
1346 4482 1596 4529 recreant
1636 4484 1961 4543 gestatores.
2006 4472 2074 4526 Et
2116 4486 2240 4526 cum

647 4568 941 4636 episcopus
964 4565 1325 4634 dispensator,
1351 4572 1407 4618 et
1422 4580 1649 4635 promus
1677 4565 1869 4619 debeat
1893 4578 2013 4619 esse
2041 4568 2241 4632 panpe-

2336 1999 2622 2094 scopatum
2665 2019 2898 2082 dimisit,
2951 2024 3007 2071 et
3049 2012 3115 2066 de.
3165 2008 3490 2064 Sclavouico
3528 2017 3697 2073 regno
3729 1999 3940 2053 Italiam

2342 2088 2629 2185 navigans,
2663 2111 2942 2165 littoribus
2968 2104 3324 2160 Anconitanae
3353 2098 3503 2152 urbis
3531 2092 3812 2165 applicuit.
3843 2088 3945 2142 llic

2339 2209 2493 2272 mihi,
2541 2207 2668 2260 dum
2719 2204 2886 2258 totius
2933 2200 3081 2255 circa
3119 2211 3178 2250 se
3225 2192 3374 2263 regni
3406 2186 3775 2245 reverentiam
3803 2196 3940 2238 con-

2336 2310 2563 2370 questus
2606 2303 2922 2367 exponeret,
2968 2308 3032 2345 ac
3080 2288 3321 2343 moleste
3353 2276 3749 2351 inquietudinis
3782 2271 3945 2329 cedis

2339 2363 2690 2455 numeraret,
2724 2389 2865 2441 inter
2908 2394 3105 2438 cetera
3134 2393 3301 2433 unum
3330 2374 3536 2436 intulit,
3567 2368 3711 2439 quod
3739 2380 3839 2419 vos
3866 2363 3947 2415 ia-

2341 2493 2459 2537 tere
2491 2497 2596 2535 non
2634 2454 2829 2548 patior.
2880 2472 3137 2541 Quidam,
3190 2466 3390 2533 inquit,
3441 2464 3678 2532 degener
3722 2454 3946 2525 quidem

2342 2571 2606 2631 moribus,
2640 2567 2734 2621 sed
2764 2563 3029 2632 majorum
3061 2556 3234 2611 titulis
3266 2551 3576 2621 insignitus,
3609 2546 3697 2602 sui
3728 2543 3947 2614 generis

2339 2656 2804 2726 consanguineam
2836 2631 3065 2719 nuptiali
3096 2645 3201 2699 sibi
3226 2644 3433 2698 fmdere
3460 2636 3759 2707 copulavit.
3803 2631 3946 2699 Quid

2340 2750 2527 2823 plura?
2573 2746 2889 2803 Prohibitus
2918 2740 3159 2812 perstitit
3179 2778 3193 2801 ,
3225 2730 3731 2789 excommunicatus
3755 2726 3941 2779 adita:—

2342 2846 2439 2907 sit,
2475 2854 2756 2908 totumque
2778 2832 3165 2891 ecclesiastica:
3196 2840 3441 2882 censum
3481 2826 3747 2892 vigorem,
3776 2829 3947 2885 nuga-

2342 2906 2463 2990 rum
2514 2906 2803 3004 puerilium
2856 2924 3067 2981 l'abulas
3116 2919 3416 2991 deputavit.
3446 2915 3542 2970 Cui
3574 2921 3722 2968 certe
3746 2911 3847 2964 hoc
3877 2906 3946 2960 ad

2340 3026 2538 3080 divinae
2593 3017 2984 3089 indignationis
3031 3013 3291 3068 iudicium
3341 3007 3610 3074 contigit,
3667 3012 3725 3056 ut
3778 3013 3949 3070 panes

2341 3116 2409 3168 de
2455 3110 2785 3181 nuptialibus
2837 3108 3041 3161 mensis
3092 3104 3146 3156 in
3198 3101 3406 3170 plateas
3447 3106 3571 3150 ante
3612 3109 3809 3149 canum
3848 3105 3947 3145 ora

2346 3206 2574 3275 projecti
2606 3203 2830 3268 minime
2862 3206 3230 3269 tangerentur.
3266 3194 3510 3261 insuper,
3545 3206 3578 3242 υ
3608 3186 3804 3239 divina:
3830 3182 3948 3235 ani-

2346 3295 2746 3353 madversionis
2780 3293 3022 3363 pavenda
3059 3285 3356 3343 severitas!
3402 3284 3529 3338 dum
3570 3279 3774 3348 rigidus
3813 3285 3945 3338 stat,

2346 3392 2472 3445 dum
2505 3387 2794 3458 prteceptis
2830 3399 2889 3441 se
2917 3378 3349 3438 sacerdotalibus
3389 3390 3497 3430 non
3545 3370 3815 3435 bumiliat,
3852 3367 3947 3439 qni

2345 3480 2573 3550 vigilare
2601 3479 2822 3533 sibimet
2861 3476 2928 3529 ad
2964 3474 3193 3528 salutem
3227 3468 3422 3530 noluit,
3461 3467 3511 3519 in
3541 3461 3793 3518 cubiculo
3822 3461 3949 3513 dor-

2349 3573 2613 3627 mientem
2660 3576 2885 3639 repente
2932 3566 2998 3621 de
3043 3563 3358 3618 cmlestibus
3396 3553 3611 3624 irrtjeus
3641 3555 3821 3625 fulgur
3848 3568 3950 3606 ex-

2348 3663 2558 3717 stinxit.
2592 3660 2685 3715 Sic
2716 3661 2797 3713 sic
2825 3657 2994 3712 divini
3027 3654 3230 3709 furoris
3258 3658 3515 3719 expertus
3553 3655 3637 3702 est
3666 3642 3951 3699 moriendo

2346 3753 2696 3815 sententiam,
2752 3749 2844 3820 qui
2887 3745 3096 3801 vulneri
3125 3745 3383 3798 suo'dum
3443 3740 3653 3793 viveret
3681 3734 3948 3789 adhibere

2348 3851 2760 3913 contempserat
2811 3840 3163 3895 medicinam.
3221 3834 3336 3888 Hoc
3384 3843 3569 3885 autem
3598 3822 3859 3889 diximus,
3892 3836 3953 3879 nt

2346 3950 2513 4007 quam
2562 3945 2765 3990 sancta:
2804 3928 3147 3985 auctoritatis
3174 3927 3257 3980 vir
3285 3924 3375 3980 ille
3401 3922 3589 3986 fuerit,
3617 3918 3709 3990 qui
3736 3918 3953 3989 episco-

2348 4034 2539 4097 patum
2562 4024 2823 4088 deseruit,
2854 4029 3313 4076 rnonstraremus.

2421 4116 2530 4173 Sed
2565 4126 2676 4170 tum
2709 4116 2813 4169 ista
2845 4111 3252 4183 prosequimur,
3291 4106 3420 4161 illud
3442 4104 3609 4160 etiam
3637 4101 3795 4157 nobis
3817 4114 3956 4156 con-

2344 4218 2630 4279 sequentet
2669 4206 2931 4270 occurrit,
2966 4204 3110 4273 quod
3136 4211 3191 4257 et
3226 4201 3344 4270 ipse
3375 4198 3531 4253 nobis
3555 4210 3749 4266 nuper,
3778 4207 3951 4250 veue~

2348 4303 2535 4358 rabilis
2582 4300 2991 4364 l‘lildebrande,
3046 4295 3231 4351 dixisti
3286 4312 3299 4348 :
3357 4302 3414 4347 et
3470 4303 3784 4360 quanquam
3842 4300 3953 4341 non

2346 4408 2677 4465 magnopere
2716 4392 2880 4461 hujus
2909 4392 3160 4446 videatur
3184 4402 3307 4442 esse
3338 4384 3561 4455 negotii,
3588 4382 3733 4451 quod
3766 4393 3950 4434 versa-

2348 4497 2436 4541 tur
2465 4488 2520 4542 in
2550 4485 2823 4549 manibus,
2868 4492 3053 4537 tamen
3093 4481 3221 4535 dum
3260 4475 3669 4548 quotnodulibet
3700 4472 3803 4525 hoc
3835 4469 3951 4539 api-

2348 4581 2503 4635 cibus
2555 4578 2843 4641 tradimus,
2892 4589 2958 4629 ne
3004 4588 3207 4643 vorago
3231 4569 3483 4623 Titiiditus
3522 4564 3817 4619 oblivionis
3853 4562 3951 4616 ab-

650 4674 792 4722 rmu,
821 4657 893 4713 ad
921 4671 1109 4714 eorum
1135 4670 1378 4710 mensam
1423 4654 1766 4710 allluentibus
1799 4654 2028 4716 deliciis,
2080 4653 2240 4708 alieni
2280 4640 2324 4698 Ι)
2351 4672 2600 4734 samem,
2631 4669 2786 4740 quas;
2815 4667 2931 4721 rem
2962 4640 3309 4733 ῃιιειίνξιςηη,
3343 4658 3617 4729 pannulis
3642 4654 3949 4722 alligamus,

651 4756 900 4812 ructant;
932 4761 1052 4801 cum
1097 4755 1152 4803 et
1198 4746 1294 4809 illi,
1341 4759 1571 4815 quorum
1620 4758 1704 4800 est
1753 4755 1865 4800 tota
1916 4744 2237 4809 substantia,

651 4838 839 4909 procul
867 4837 1098 4903 exclusi,
1130 4835 1291 4892 famis
1316 4837 1496 4905 inopia
1524 4837 1934 4891 contabescant.

1271 4925 1501 4982 CAPUT
1538 4928 1621 4979 lll.

841 5018 1043 5073 Contra
1071 5016 1410 5073 ecclesiastici
1438 5018 1629 5086 peculii
1652 5016 2051 5087 dilapidatores.

718 5111 873 5167 Inter
900 5110 1082 5165 omnia
1112 5125 1275 5179 porro
1303 5111 1418 5164 haec
1450 5109 1585 5163 mala
1621 5110 1751 5163 illud
1782 5110 2018 5171 excedit,
2048 5118 2101 5163 et
2126 5108 2242 5161 dia-

653 5202 889 5257 bolicam
938 5202 1329 5271 propemodum
1379 5200 1596 5255 videtur
1643 5216 1863 5271 aequare
1912 5202 2239 5270 nequitiam,

652 5290 779 5359 quia
803 5289 1026 5361 prediis
1059 5290 1114 5345 in
1160 5291 1407 5345 militiam
1454 5290 1772 5360 proﬂigatis,
1812 5293 2069 5360 omnique
2104 5308 2240 5362 .pos-

654 5380 903 5436 sessione
929 5387 1218 5445 terrarum,
1248 5380 1470 5450 insuper
1498 5382 1663 5435 etiam
1691 5391 1746 5436 et
1772 5382 2014 5445 decimae,
2040 5398 2103 5436 ac
2134 5383 2245 5452 ple-

656 5468 749 5524 bes
774 5469 1056 5525 adduntur
1084 5470 1138 5523 in
1188 5470 1510 5528 beneﬁcium
1558 5472 1930 5528 saecularibus.
1962 5474 2092 5539 Qua:
2122 5489 2245 5542 pro-

657 5558 799 5618 fecto
849 5562 1147 5617 liberalitas
1198 5562 1503 5630 inhonesta,
1542 5574 1597 5619 et
1643 5565 2009 5635 indigentibus
2056 5567 2248 5621 adimit

658 5652 797 5708 unde
829 5650 1016 5706 vivant
1040 5668 1055 5713 ;
1086 5661 1140 5706 et
1165 5650 1503 5711 dioecesanos
1530 5657 1693 5711 etiam
1725 5658 1983 5723 deterret,
2007 5666 2067 5712 ut
2096 5658 2244 5712 deei-

739 5810 843 5882 (I5)
884 5776 1182 5862 Cadalmnu
1215 5811 1478 5884 intelligit.

2352 4762 2423 4817 Ut
2446 4762 2592 4815 enim
2637 4773 2689 4814 te
2736 4759 2987 4813 retulisse
3030 4754 3275 4815 memini,
3319 4753 3435 4805 lucc
3473 4748 3593 4809 tibi,
3620 4755 3678 4809 ut
3703 4742 3950 4813 ejusdem

2349 4851 2512 4907 verba
2561 4865 2846 4922 ponamus,
2887 4845 3240 4902 Novariensis
3280 4841 3539 4897 Ecclesiae
3565 4833 3813 4891 narravit
3836 4832 3963 4901 θρῖα.

2349 4958 2563 5012 scopus.
2596 4943 2755 5009 Cum,
2790 4942 2985 5011 inquit,
3017 4940 3067 4993 in
3101 4937 3526 4992 'l‘entonicorum
3557 4930 3809 5000 partibus
3832 4924 3952 4981 cui-

2346 5032 2469 5085 dam
2503 5032 2760 5100 episcopo
2808 5030 3093 5085 conviator
3145 5025 3477 5085 incederem,
3532 5029 3586 5076 et
3632 5016 3965 5072 imminente-

2340 5121 2563 5191 jamjam
2615 5121 2930 5177 refectionis
2974 5121 3132 5181 hora,
3169 5116 3259 5171 ille
3295 5114 3425 5185 quid
3473 5110 3602 5165 mihi
3640 5107 3798 5178 quasi
3851 5105 3960 5161 de-.

2347 5224 2532 5269 center
2575 5223 2871 5282 apponeret
2918 5225 3024 5265 non
3073 5211 3333 5269 haberet,
3387 5210 3622 5259 aestuare
3676 5196 3848 5267 crepit-
3894 5205 3957 5253 et.

2351 5302 2511 5357 anxie
2546 5316 2792 5372 quaerere
2839 5301 2980 5356 unde
3012 5300 3144 5355 mihi
3180 5305 3362 5368 posset
3394 5296 3448 5349 in
3482 5294 3677 5347 itinere
3704 5288 3953 5358 positus.

2354 5395 2666 5448 subvenire.
2695 5394 2941 5463 Cumque
2969 5393 3097 5446 hinc
3130 5388 3425 5458 indigentia
3463 5384 3775 5450 stringeret,
3804 5378 3954 5432 illinc

2353 5486 2592 5539 charitas
2643 5486 2882 5541 animum
2932 5482 3210 5545 dilataret,
3257 5480 3310 5533 in
3359 5488 3512 5531 arcto
3562 5472 3773 5542 posilus
3822 5467 3953 5549 (ὶυξι

2355 5588 2578 5641 prorsus
2604 5583 2790 5645 ageret
2844 5573 3131 5642 ignorabat
3156 5588 3169 5630 :
3205 5584 3330 5625 eum
3361 5581 3487 5621 ecce
3517 5572 3738 5633 repente
3765 5571 3952 5629 grues.

2355 5674 2413 5718 ut
2465 5664 2698 5720 litteram
2747 5665 2978 5719 invicem
3024 5669 3388 5732 congruentes
3428 5657 3761 5727 expri-nunt,
3793 5647 3953 5719 parili

4820 6227 5198 6446 I‘
