5664 6662
2115 512 2220 569 H7

2577 511 2634 567 S.
2671 509 2871 566 PETRI
2909 507 3187 565 DAMlANl
3228 507 3378 565 OPP.
3409 505 3644 564 TOMUS
3687 505 3817 562 εει]
3861 505 4037 561 PARS
4070 505 4155 560 lll.
4182 537 4248 546 —
4285 503 4644 563 OPUSCULA
4684 504 4912 561 VARLA.

4172 367 4198 400 \

5249 504 5347 562 “8

2116 624 2259 680 serie
2298 623 2448 694 quasi
2501 623 2709 677 diversa
2753 621 3004 688 utrinque
3052 621 3152 674 sub
3202 635 3309 673 uno
3348 622 3480 673 duce
3510 625 3686 671 castra
3718 627 3765 681 Α
3795 619 3869 686 pit
3909 618 4068 686 igitur
4102 619 4320 686 pauperi
4348 619 4529 672 vinum
4583 619 4738 682 dari;
4788 619 4878 673 sed
4914 631 5025 686 iam
5055 632 5159 686 quo
5183 622 5352 687 magis

2118 721 2463 781 componunt,
2515 725 2676 778 super
2724 709 2978 763 verticem
3025 709 3182 761 nobis
3237 707 3507 760 turmatim
3554 705 3688 757 voli-

2117 809 2238 854 tare
2263 807 2562 867 cmperunt.
2593 797 2744 851 Tunc
2772 798 3054 865 episcopus
3086 797 3137 849 in
3172 795 3379 849 fervore
3411 793 3531 848 ﬁdei
3557 808 3686 847 con-

2117 899 2324 944 stanter
2349 899 2582 951 erectus,
2610 887 2683 940 ait
2707 905 2719 939 :
2750 886 2990 951 Domine,
3016 887 3242 955 praecipe
3271 899 3428 937 unam
3458 884 3522 935 de
3544 883 3688 953 grui-

2116 981 2218 1034 bus
2245 979 2367 1033 istis
2395 980 2461 1032 ad
2487 994 2582 1031 nos
2614 976 2790 1046 dejici,
2829 986 2887 1029 ut
2912 992 3099 1032 servus
3127 985 3246 1028 tuus
3272 974 3336 1027 de
3359 973 3690 1027 benedictio-

2117 1067 2331 1122 nistuze
2369 1079 2592 1120 munere
2635 1065 2934 1118 satisfaciat
2981 1063 3254 1118 charitati.
3303 1061 3436 1115 Mira
3469 1063 3688 1114 exaudi-

2118 1159 2282 1212 tionis
2315 1157 2505 1216 divina:
2532 1155 2809 1208 celeritas!
2842 1155 2926 1207 vix
2957 1154 3179 1207 verbum
3208 1168 3303 1206 ore
3331 1152 3685 1221 depromitur,

2114 1247 2359 1316 protinus
2383 1245 2548 1318 446
2577 1261 2681 1298 ιιοη
2722 1245 2871 1314 parvi
2919 1243 3161 1312 corporis
3205 1258 3334 1310 grus
3363 1252 3501 1295 terra
3535 1250 3688 1294 tenus

2113 1345 2240 1391 ante
2268 1353 2362 1391 ora
2395 1349 2578 1391 nostra
2627 1335 2985 1402 demergilur;
3034 1335 3219 1401 sicque
3254 1334 3401 1393 fides,
3441 1347 3560 1400 qnce
3595 1348 3689 1402 per

2115 1429 2460 1482 dilectionem
2491 1427 2832 1496 Operabatnr,
2863 1425 3132 1502 impletur.
3161 1425 3283 1478 Hice
3310 1425 3400 1478 tioi
3430 1424 3684 1478 referenti

2116 1517 2374 1571 continuo
2415 1524 2817 1584 percunctatus,
2861 1516 2986 1569 aio:
3017 1515 3217 1568 Eratne
3265 1515 3561 1583 spiritualis
3601 1514 3687 1568 ille

2113 1604 2434 1673 episcopus?
2463 1604 2564 1668 Tu,
2587 1614 2645 1657 ut
2666 1605 2871 1668 nescio,
2900 1618 3007 1672 quo
3036 1614 3189 1672 pacto
3217 1605 3504 1669 didiceras,
3537 1602 3685 1657 carni

2111 1696 2343 1766 propria:
2365 1695 2549 1748 vivere
2572 1695 2869 1758 hominem,
2898 1695 3244 1764 respondisti,
3281 1703 3337 1748 ut
3364 1695 3568 1764 liquido
3595 1709 3687 1763 pa-

2115 1795 2250 1849 teat,
2305 1800 2412 1839 non
2459 1786 2585 1839 vitae
2632 1786 3034 1849 rectitudinem,
3088 1786 3181 1839 sed
3230 1784 3389 1838 ﬁdem
3438 1784 3687 1840 cbaritati

2112 1874 2455 1943 conjunctam
2508 1877 2648 1930 hanc
2677 1875 2974 1929 obtinuisse
2999 1877 3272 1929 virtutem.

3794 721 3916 774 Spes
3963 706 4176 759 bibendi
4228 708 4448 761 omnino
4503 705 4798 771 defecerat,
4852 721 4918 761 eo
4959 707 5078 761 sitis
5118 707 5348 776 episcopi

3793 796 4022 850 atrocius
4062 797 4334 850 saeviebat.
4379 797 4650 850 Mandavit
4683 797 4858 865 itaque
4888 796 5156 860 ministro,
5187 805 5243 849 ut
5273 795 5347 849 vi-

3790 886 3997 938 narium
4022 899 4113 939 vas
4137 887 4470 954 requireret;
4494 887 4535 939 si
4562 885 4697 940 forte
4720 885 4951 954 aliquam
4975 884 5349 939 consolationis

3790 975 4008 1039 stillam,
4032 975 4114 1029 vel
4160 977 4503 1046 perexiguam
4529 978 4808 1044 reperiret.
4833 975 4932 1041 Qui
4960 974 5157 1028 diutius
5186 975 5348 1028 abne-

3789 1084 3938 1138 gans,
3989 1067 4230 1136 nihilque
4260 1084 4317 1122 se
4359 1083 4662 1122 reservaSse
4707 1075 5017 1122 constanter
5057 1065 5348 1130 afﬁrmans,

3789 1162 4003 1213 tandem
4037 1176 4140 1212 non
4170 1175 4262 1228 spe
4292 1169 4525 1220 erectus.
4559 1160 4649 1212 sed
4683 1159 4909 1227 imperio
4933 1158 5100 1228 magis
5128 1171 5345 1227 oppres-

3788 1263 3899 1309 sus,
3931 1248 4138 1316 paruit;
4168 1256 4222 1300 et
4261 1263 4376 1311 vas,
4425 1249 4564 1315 quod
4615 1261 4842 1301 vacuum
4895 1246 5201 1317 reliquerat,
5230 1246 5357 1299 vino

3788 1340 4024 1407 plenum,
4059 1339 4310 1392 nimirum
4341 1338 4658 1397 admiratus.
4693 1339 4914 1391 invenit.

3858 1428 4039 1480 Abbas
4063 1427 4303 1496 quidam,
4331 1436 4388 1479 ut
4413 1427 4542 1480 mihi
4576 1425 4800 1481 relatum
4837 1434 4938 1489 est,
4980 1424 5158 1480 suavis
5192 1423 5350 1495 “7

3787 1515 3948 1572 edulii
3997 1516 4431 1584 concupiscentia
4471 1516 4683 1579 ductus,
4731 1517 5060 1586 naupredam
5092 1516 5189 1572 sibi
5218 1531 5350 1584 pra:-

3787 1606 3933 1675 cepit
3973 1605 4200 1672 acquiri.
4227 1603 4469 1673 Cumque
4498 1604 4732 1657 ministri
4769 1604 5028 1666 dicerent,
5056 1604 5157 1659 hoe
5186 1617 5352 1674 genus

3786 1711 3850 1752 eo
3877 1696 3978 1750 loci
4008 1695 4226 1750 difﬁcile
4275 1710 4434 1763 posse
4481 1694 4742 1762 reperiri,
4781 1695 5098 1762 exstilitqui
5127 1694 5350 1758 diceret,

3786 1800 3946 1840 unam
3970 1793 4177 1838 tantum
4203 1783 4255 1836 in
4283 1782 4559 1837 venalibus
4583 1781 4916 1851 Naupredam
4939 1796 4996 1836 se
5018 1781 5212 1836 vidisse
5232 1796 5353 1851 pro-

3790 1875 4043 1945 positam,
4079 1874 4222 1928 nullo
4251 1883 4408 1943 pacto
4457 1874 4634 1927 minus
4681 1887 4843 1941 quam
4883 1873 5070 1943 viginti
5106 1887 5351 1929 nummo.

2179 1964 2446 2019 Addidisti
2480 1965 2662 2027 etiam,
2698 1965 2822 2033 quia
2857 1965 3016 2019 beato
3045 1964 3221 2018 Leone
3251 1964 3362 2033 (l6)
3387 1965 3528 2018 sedis
3559 1979 3687 2034 apo-
3715 1957 3760 2016 Β
3792 1981 3906 2018 rum
3949 1964 4294 2033 Papiensium
4342 1962 4529 2017 solidis
4571 1963 4942 2017 coemendam.
4988 1961 5154 2017 Jussit
5187 1962 5348 2016 abbas

2111 2055 2314 2109 stolica:
2343 2055 2568 2124 prmsule
2604 2054 2892 2118 referente,
2931 2069 3285 2123 cognovcras,
3315 2069 3467 2122 aeque
3492 2069 3683 2107 carna-

2111 2145 2182 2198 lis
2230 2154 2284 2199 et
2302 2145 2710 2200 inconsiderata:
2731 2146 3156 2199 conversationis
3181 2146 3490 2213 episcOpum
3514 2143 3685 2196 exsti-

2116 2235 2268 2300 tisse,
2306 2235 2394 2304 qni
2445 2245 2647 2287 tantam
2679 2244 2830 2290 extra
2860 2237 3110 2288 meritnrn
3144 2237 3369 2305 gratiam
3401 2252 3429 2288 a
3460 2235 3684 2288 Domino

2115 2322 2292 2376 fuerat
2334 2334 2677 2388 consecutus,
2730 2337 2788 2378 ut
2833 2327 3062 2379 virtutes
3102 2342 3165 2379 ac
3195 2327 3346 2394 signa
3378 2325 3687 2393 frequenter

2116 2416 2452 2479 ostenderet;
2507 2417 2647 2469 ultro
2694 2417 2858 2470 etiam
2907 2432 3025 2470 cum
3081 2435 3288 2486 magna:
3345 2419 3684 2471 aucton’tatis

2114 2505 2341 2572 imperio
2382 2520 2444 2558 ex
2489 2505 2726 2559 obsessis
2765 2507 3079 2575 corporibus
3110 2509 3376 2562 daemones
3403 2508 3680 2578 effugaret.

2088 2619 2090 2621 >
2115 2593 2244 2643 lutei
2281 2609 2398 2659 qua:
2420 2593 2669 2646 nimirum
2696 2595 2844 2664 signa
2873 2597 3222 2657 virtutum,et
3247 2598 3371 2649 illud
3400 2598 3685 2664 aliquando

2115 2685 2358 2752 t'ottligll,
2404 2694 2460 2737 ttt
2500 2684 2683 2737 eodem
2757 2696 2957 2739 sanctae
3005 2689 3277 2742 "tentoria:
3324 2688 3503 2742 Leone
3549 2705 3684 2757 pra:-

2113 2782 2294 2834 scnlc,
2355 2774 2714 2828 tliBlhOlllﬁCllS
2772 2777 3072 2835 astitisset;
3131 2795 3362 2846 cumque
3421 2779 3679 2847 pr.-.-fatus

2111 2862 2393 2928 cpiscopus
2440 2864 2688 2930 tthiiitii’e
2735 2865 2982 2932 spiritum
3034 2867 3185 2921 abire
3224 2869 3557 2936 ιπιιεεὶιιρτυῐ,
3596 2869 3681 2919 ille

2111 2961 2292 3003 autem
2339 2951 2658 3018 quibusdam
2695 2954 2872 3005 verbis
2904 2955 3193 3020 pervicatis
3223 2958 3486 3022 superbia:
3514 2957 3680 3009 resul-

2112 3049 2272 3103 taret,
2315 3041 2526 3093 tandem
2567 3057 2658 3107 per
2693 3057 2890 3094 nomen
2926 3043 3127 3095 Christi
3180 3044 3486 3097 terribiliter
3529 3045 3680 3111 adju-

2111 3141 2283 3195 ratus,
2328 3132 2484 3184 reniti
2530 3133 2666 3183 ultra
2717 3148 2822 3186 non
2857 3136 3050 3200 potuit.
3109 3134 3348 3202 Cumque
3382 3144 3541 3202 caput
3580 3137 3681 3188 mi~

2110 3220 2216 3273 seri
2266 3221 2495 3272 hominis
2541 3222 2644 3273 huc
2718 3221 2949 3288 illucque
2993 3232 3334 3284 concuteret,
3376 3223 3596 3289 capillos
3629 3225 3680 3275 in

3794 2056 4069 2109 numerari
4130 2054 4436 2123 pecuniam.
4494 2053 4802 2123 Coquorutn
4855 2063 5032 2106 autem
5081 2052 5352 2121 diligentia

3787 2144 4121 2215 perfunctus,
4169 2153 4222 2198 et
4253 2144 4395 2198 laute
4433 2145 4687 2198 decoctus
4718 2143 4896 2197 abbati
4927 2143 5087 2211 piscis
5124 2143 5350 2212 apponi-

3789 2246 3904 2296 tur;
3953 2235 4045 2289 sed
4085 2245 4372 2303 antequam
4421 2241 4750 2303 tangeretur,
4789 2247 4914 2286 ecce
4947 2245 5148 2301 pauper
5176 2232 5240 2284 ad
5265 2229 5349 2299 ja-

3787 2340 3948 2378 nuam
3982 2327 4083 2378 hoc
4135 2326 4470 2394 potissimum
4513 2324 4612 2375 sibi
4648 2322 4763 2375 dari
4823 2323 4961 2390 quod
5003 2321 5179 2374 abbati
5211 2330 5350 2374 esset

3787 2417 4088 2484 appositttttt
4147 2416 4305 2466 anxie
4331 2413 4653 2482 postulabat.
4680 2411 4822 2475 Mox,
4848 2421 4905 2464 ut
4927 2422 5061 2475 erat,
5088 2412 5348 2481 integrum

3787 2511 4010 2579 piscem,
4042 2509 4174 2562 nihil
4208 2510 4460 2561 hmsitans
4498 2510 4577 2560 vir
4606 2507 4838 2571 Domini,
4878 2507 5039 2560 mittit
5066 2507 5131 2560 ad
5156 2521 5350 2575 paupe-

3788 2614 3920 2651 rem.
3979 2599 4121 2650 llliro
4163 2612 4384 2666 panper,
4439 2597 4528 2665 qui
4583 2596 4866 2648 videbatur
4891 2610 5012 2649 cum
5053 2595 5161 2663 ipsa
5195 2609 5349 2661 paro-

3787 2690 3935 2757 pside
3964 2689 4116 2756 plena
4158 2689 4320 2755 pisre,
4370 2689 4420 2739 in
4461 2686 4685 2739 sublime
4719 2701 4775 2739 se
4801 2685 5027 2749 extulit;
5060 2695 5114 2739 et
5159 2685 5346 2739 librata

3788 2796 3969 2841 manu,
4002 2781 4145 2831 velut
4199 2779 4447 2830 exeniutn
4495 2787 4731 2846 portans,
4779 2777 4972 2829 cmlum
5022 2776 5225 2831 uinctis
5272 2776 5346 2828 vi-

3787 2867 4034 2919 dentibus
4060 2867 4379 2935 penctt'avit.
4408 2866 4556 2920 [inde
4581 2866 4780 2934 liquido
4802 2866 5195 2935 comprobatur,
5222 2867 5344 2936 quia

3786 2958 3924 3023 quod
3983 2958 4345 3022 indigentibus
4398 2955 4596 3018 datur,
4654 2955 4762 3008 Deo
4822 2955 5245 3019 transmittitur,
5294 2965 5348 3009 et

3787 3049 3926 3116 quod
3958 3049 4008 3101 in
4038 3049 4154 3101 sinu
4185 3063 4477 3116 pauperum
4524 3047 4876 3111 occultamus,
4923 3049 4976 3102 in
5022 3048 5158 3104 cmlo
5198 3064 5348 3119 repo-

3788 3139 3981 3189 llllllltS.
4665 3187 4685 3208 .

3857 3226 3985 3278 illud
4025 3228 4211 3290 etiam,
4264 3227 4405 3294 quod
4438 3241 4578 3281 nunc
4610 3227 4877 3291 addimus,
4909 3242 5214 3297 quanquam
5243 3243 5350 3282 non

2113 3309 2275 3360 altum
2303 3310 2545 3374 pavendo
2573 3308 2802 3374 quodam
2834 3309 3057 3361 horrore
3088 3310 3412 3376 subrigeret,
3445 3326 3504 3362 os
3531 3312 3680 3378 quasi
3711 3317 3753 3375 C
3787 3316 3855 3369 sit
3893 3317 4232 3378 miraculum,
4269 3317 4335 3369 ab
4374 3317 4731 3372 aediﬁcatione
4781 3326 4978 3379 tamen,
5017 3318 5102 3371 cui
5127 3317 5348 3370 famula-

2114 3397 2179 3448 ad
2214 3395 2564 3448 evomendnm
2597 3395 2916 3462 quibusdam
2954 3398 3237 3450 conatibus
3268 3400 3522 3467 aperiret,
3556 3413 3679 3465 pro-

2114 3488 2255 3537 tinus
2284 3499 2340 3537 se
2370 3483 2566 3550 obiecit
2591 3487 2876 3553 cpiscopus
2903 3503 2916 3538 :
2949 3485 3324 3556 Nequaquam,
3360 3489 3552 3558 inquit,
3589 3504 3681 3557 per

2113 3589 2174 3627 os
2202 3575 2514 3642 egredieris,
2539 3575 2843 3638 utniteris;
2887 3577 3110 3630 omnino
3136 3577 3488 3632 frustrabitnr
3539 3580 3681 3648 quod

2113 3664 2344 3734 moliris,
2375 3680 2470 3732 per
2499 3666 2798 3733 poste-riora
2828 3676 2879 3720 te
2901 3668 3049 3721 exire
3090 3671 3342 3738 praecipio
3374 3689 3384 3722 :
3414 3687 3535 3724 nam
3573 3672 3682 3725 oris

2112 3751 2207 3804 tibi
2245 3752 2448 3806 aditum
2490 3770 2593 3806 non
2643 3756 2917 3822 permitto.
2945 3756 3047 3812 Per
3073 3761 3318 3813 sordidos
3348 3762 3510 3830 igitur
3538 3777 3680 3815 mea-

2113 3848 2220 3906 tus,
2246 3841 2520 3896 immunde
2568 3845 2861 3909 habitator,
2911 3848 3184 3915 egredere,
3208 3859 3261 3902 et
3291 3851 3426 3903 [teda
3456 3859 3573 3918 post
3607 3860 3676 3913 te,

2118 3941 2175 3983 ut
2196 3933 2388 4002 dignus
2418 3948 2498 3996 es,
2524 3934 2747 4004 vestigia
2778 3936 3109 4006 derelinque.
3147 3937 3239 3992 Vix
3269 3941 3427 3993 verba
3451 3941 3684 4008 comple-

2113 4031 2285 4084 verat,
2322 4032 2375 4074 et
2414 4024 2669 4076 continuo
2718 4026 3082 4094 nequissimus
3133 4030 3356 4099 spiritus
3386 4029 3529 4084 ﬁuxu
3560 4046 3684 4085 ven-

2113 4108 2214 4162 tris
2237 4109 2440 4177 ejectus
2467 4119 2569 4165 est.

2723 4204 2949 4261 CAPUT
2989 4205 3075 4259 IV.

2116 4308 2357 4381 Episcopi
2405 4315 2680 4382 cuiusdam
2722 4318 3133 4388 misericordiam
3163 4335 3217 4372 tu
3253 4335 3532 4388 pauperem
3580 4322 3679 4374 mi-

2516 4389 2694 4437 raculo
2723 4386 2864 4439 Deus
2896 4386 3272 4442 remuneratur.

2187 4467 2339 4523 Alius
2382 4469 2511 4524 item
2558 4476 2862 4542 episcopus,
2907 4482 2964 4526 ut
2991 4485 3045 4528 et
3075 4477 3187 4544 ipse
3238 4477 3443 4540 dixisti,
3490 4478 3683 4548 oppido

2115 4553 2322 4621 sitiens,
2366 4559 2547 4612 vinum
2595 4561 2696 4616 sibi
2741 4562 2919 4617 aﬁ‘erri
2970 4567 3241 4635 praecepit.
3280 4567 3520 4636 Cumque
3561 4570 3679 4637 pin-

3786 3414 3874 3459 tur
3920 3422 4077 3460 omne
4118 3408 4258 3474 quod
4303 3408 4610 3468 scribimus,
4652 3423 4755 3461 non
4798 3417 4881 3461 est
4922 3407 5176 3462 alienum.
5227 3409 5347 3478 Epi-

3784 3512 3976 3566 scopus
4022 3499 4236 3565 quidam
4306 3503 4635 3569 naupredatn
4665 3500 4766 3554 sibi
4792 3501 4970 3568 parari
5003 3510 5344 3569 praeceperat,

3784 3588 3871 3654 qni
3905 3586 4061 3656 paulo
4109 3597 4227 3656 post
4258 3589 4381 3641 dtttn
4415 3589 4556 3642 inter
4597 3590 4707 3658 ipsa
4758 3591 5041 3644 missarum
5089 3591 5345 3646 solemnia

3783 3679 3952 3731 sacris
3998 3677 4256 3732 altaribus
4304 3680 4525 3734 devotus
4554 3682 4848 3744 aSsisteret,
4889 3696 5015 3736 ecce
5055 3683 5344 3751 naupredze

3783 3768 4038 3819 memoria
4062 3766 4358 3820 illecebrosi
4382 3779 4568 3837 gustus
4595 3783 4716 3822 eum
4743 3769 4963 3822 tentavit
4990 3768 5202 3822 aﬁeCtu.
5232 3769 5344 3834 ille,

3774 3863 3842 3908 “ut
3872 3865 3987 3907 erat
4019 3855 4242 3923 insignis
4271 3855 4459 3919 animi,
4494 3856 4613 3908 talia
4648 3870 4705 3909 se
4734 3857 4843 3925 pati
4876 3871 5030 3925 posse
5064 3858 5114 3911 in
5142 3857 5343 3911 obtuti—

3784 3943 3884 3996 bus
3935 3943 4154 4008 occulti,
4207 3953 4260 3997 et
4307 3946 4692 4014 omnipotentis
4743 3946 5061 4014 inspectoris
5110 3947 5344 4011 erubuit,

3783 4032 4120 4101 expletisque
4179 4048 4460 4103 regressus
4507 4034 4736 4097 ofﬁciis,
4788 4032 5105 4089 febreticum
5154 4037 5346 4091 animat

3782 4123 3983 4192 piscem
4012 4125 4234 4191 pauperi
4264 4125 4584 4179 tradendum
4613 4139 4731 4179 esse
4763 4125 5053 4178 mandavit.
5097 4124 5186 4180 Sic
5215 4141 5342 4195 pro-

3782 4212 3924 4268 fecto
3972 4213 4212 4268 canicula
4244 4214 4550 4283 voluptatis,
4589 4229 4707 4283 qua:
4741 4214 4841 4268 sub
4869 4228 5054 4268 mensa
5084 4215 5346 4283 corporis,

3782 4311 4055 4369 utcunque
4080 4302 4340 4370 potuisset
4372 4302 4575 4363 vivere,
4606 4301 4675 4355 ad
4702 4310 4886 4355 sancta
4919 4311 5223 4356 sanctorum
5245 4302 5345 4355 im-

3781 4392 4044 4460 pudenter
4075 4390 4400 4461 irrumpens,
4429 4390 4764 4460 ptenitentize
4787 4390 4926 4446 fuste
4953 4400 5202 4458 mactata,
5231 4405 5344 4446 me-

3783 4481 3894 4534 ruit
3922 4481 4164 4534 interire.

3785 4608 3795 4616 .
3852 4569 4063 4640 Pauper
4083 4571 4299 4640 quidam
4320 4571 4711 4641 paterfamilias
4733 4588 4896 4628 unum
4918 4574 5175 4628 duntaxat
5192 4589 5347 4629 nure-

2115 4661 2277 4701 cerna
2305 4660 2474 4704 toturn
2533 4653 2675 4720 quod
2710 4665 2830 4710 erat
2857 4657 2907 4710 in
2935 4658 3154 4713 vasculo
3195 4657 3435 4714 funditus
3474 4663 3673 4714 exhau-
3712 4654 3761 4713 Ι)
3789 4676 3934 4715 mum
3983 4661 4038 4714 in
4083 4660 4260 4715 loculo
4310 4661 4634 4730 possidebat,
4662 4676 4820 4732 quem
4845 4662 4911 4717 ad
4939 4663 5218 4717 emendum
5243 4661 5346 4718 ali-

2117 4735 2279 4789 sisset
2318 4740 2369 4791 in
2401 4742 2670 4808 poculum,
2701 4752 2756 4798 et
2781 4745 3034 4814 episcopo
3060 4747 3356 4812 detulisset,
3389 4765 3517 4805 ecce
3548 4767 3681 4820 pau-

2117 4839 2214 4894 per
2261 4827 2577 4898 importunis
2625 4833 2754 4887 illud
2797 4835 2899 4888 sibi
2949 4836 3065 4890 dari
3105 4838 3356 4904 precibus
3384 4837 3678 4908 ﬂagitabat.

2118 4917 2329 4985 dicens,
2363 4923 2497 4991 quia
2527 4939 2636 4993 prae
2661 4923 2913 4981 ariditate
2944 4928 3107 4982 nimia
3133 4928 3236 4982 nisi
3261 4929 3487 4994 biberet,
3517 4931 3683 4984 comi-

2119 5024 2223 5063 nus
2247 5013 2570 5082 exspiraret.
2604 5016 2836 5072 [contra
2864 5018 3111 5072 minister
3136 5006 3434 5084 asserebat,
3457 5028 3512 5074 et
3531 5019 3604 5074 nil
3627 5037 3686 5075 se

2123 5097 2176 5151 in
2220 5115 2344 5156 vase
2391 5106 2662 5161 residuum
2713 5109 3020 5178 reliquisse,
3064 5117 3119 5164 et
3167 5112 3223 5164 in
3253 5125 3316 5166 eo
3343 5110 3460 5166 loco
3503 5112 3683 5166 vinum

2124 5188 2267 5245 aliud
2318 5195 2540 5264 reperiri
2592 5199 2894 5254 nullatenus
2924 5215 3102 5269 posse.
3140 5199 3314 5255 ln‘bis
3339 5201 3506 5270 igitur
3530 5200 3687 5256 [ortis

2122 5280 2406 5350 episcopus
2431 5286 2695 5354 angustiis
2724 5288 3112 5357 deprehensus,
3143 5299 3198 5346 et
3222 5305 3342 5346 eum
3379 5290 3506 5346 hinc
3535 5291 3682 5346 vide-

2125 5365 2250 5420 licet
2268 5369 2414 5424 sitim
2437 5371 2658 5428 diﬁ‘erre
2679 5389 2785 5431 non
2809 5386 3011 5446 posset,
3037 5377 3187 5434 illine
3204 5390 3379 5435 autem
3403 5396 3461 5436 se
3482 5379 3688 5445 bibere,

2127 5456 2233 5511 alio
2272 5462 2634 5532 periclitante,
2667 5467 2893 5537 impium
2923 5466 3214 5536 iudicaret,
3242 5471 3434 5528 avertit
3464 5486 3522 5527 se
3550 5485 3580 5524 a
3607 5486 3688 5535 se,

2127 5546 2391 5620 fratrique
2436 5552 2702 5612 laboranti
2731 5559 2784 5612 in
2815 5559 3140 5615 necessitate
3167 5561 3450 5617 succurrit.
3485 5560 3695 5616 Praece-

2202 5805 2310 5876 (l6)
2350 5807 2514 5880 Hujus
2541 5812 2772 5868 nominis
2801 5828 2941 5870 nono

3788 4750 3940 4819 quid,
3983 4751 4124 4818 quod
4165 4765 4284 4805 cum
4313 4766 4449 4820 pane
4476 4752 4797 4816 comederet,
4826 4752 5126 4822 expendere
5152 4753 5346 4823 gestie-

3787 4838 3900 4892 bat.
3933 4837 4172 4908 Cumque
4204 4829 4380 4894 siccus
4426 4850 4481 4895 et
4515 4841 4698 4895 aridu’s
4724 4857 4755 4895 a
4781 4841 5096 4897 lautioribus
5120 4843 5346 4897 alimen-

3791 4930 3882 4993 tis,
3923 4929 4023 4985 hoc
4067 4930 4157 4984 diu
4195 4931 4466 5002 negotium
4511 4932 4564 4986 in
4611 4941 4791 4986 mente
4830 4941 5098 4997 versaret,
5133 4933 5344 4987 interim

3782 5009 3992 5088 pauper
4040 5018 4280 5083 advenit,
4325 5020 4750 5075 misericordiam
4786 5019 5092 5091 postulavit.
5124 5019 5213 5074 Ille
5239 5020 5346 5075 ba:-

3787 5125 3911 5166 rens
3941 5110 4142 5174 animo,
4171 5110 4316 5164 velut
4343 5110 4396 5164 in
4426 5110 4658 5181 quodam
4683 5119 4802 5166 erat
4827 5110 5123 5166 meditullio
5149 5096 5348 5167 consti-

3787 5208 3954 5254 tutus.
4007 5198 4142 5254 Nam
4189 5200 4234 5253 si
4283 5197 4633 5264 daret,carni
4685 5200 4955 5254 metuebat
5003 5199 5251 5267 afﬂictat;
5301 5202 5346 5256 si

3789 5289 4066 5353 retineret,
4121 5289 4333 5360 culpam
4383 5291 4663 5346 incurrere
4712 5289 5032 5345 formidabat
5075 5289 5348 5360 denegatae

3791 5377 4195 5434 misericordiae.
4249 5377 4486 5434 Tandem
4538 5379 4666 5434 vicit
4708 5379 4929 5451 spiritus
4985 5392 5238 5444 carnem,
5297 5386 5350 5432 et

3791 5469 4153 5540 evangelicam
4201 5469 4444 5526 imitatus
4490 5470 4726 5537 viduam,
4777 5469 4876 5526 sub
4901 5469 5147 5541 pauperis
5173 5470 5349 5538 specie

3793 5561 3934 5616 bono
3967 5561 4193 5618 debitori
4222 5561 4332 5616 Deo
4360 5561 4750 5618 suamfenerat
4769 5561 5122 5632 quantitatem
5153 5561 5343 5632 (Marc.
