5664 6606
657 402 761 459 ιιθ

1348 398 1589 455 OPUSC.
1630 396 1748 452 XX.
1779 427 1845 437 —-
1870 393 2321 453 APOLOGETHI.
2375 391 2461 447 OB
2504 390 2833 449 DlMlSSUil
2866 392 3271 449 EPISCOPAT.

3854 394 3960 455 ιδῡ

660 529 769 577 xu;
802 511 938 568 Luc,
970 514 1108 573 xu).
1156 510 1317 565 Redit
1366 512 1607 573 domum,
1656 508 1830 579 panis,
1878 508 1968 577 qui
2016 507 2246 569 solebat,
2283 518 2324 572 Α
2359 507 2578 559 herctur
2610 507 2718 569 ille,
2755 509 2899 576 quod
2927 508 3101 561 solum
3134 519 3367 577 poterat,
3410 523 3494 563 me
3525 509 3758 580 ﬂagitat,
3792 513 3841 566 in
3872 528 3957 568 me

664 603 980 671 apponitur.
1036 602 1249 671 Pauper
1301 599 1517 668 quidem
1571 612 1781 661 mensa,
1834 599 1925 651 sed
1977 599 2115 652 bona
2163 612 2259 667 spe

663 695 817 749 dives
865 703 987 748 erat
1037 692 1392 747 conscientia.
1448 690 1716 744 Damnum
1766 691 2035 758 siquidem
2078 692 2259 745 carnis

666 785 1054 855 compensabat
1100 783 1255 836 lucro
1300 783 1558 851 pietatis;
1610 798 1732 836 cum
1764 797 1889 837 ccce
1928 782 2009 835 vir
2038 782 2256 851 quidam

668 875 909 944 ignotus,
955 882 1010 929 et
1035 888 1198 942 quem
1228 882 1387 927 antea
1441 888 1714 943 nunquam
1763 873 1993 938 viderat,
2026 874 2256 928 festinus

664 976 723 1020 et
747 966 943 1020 anxius
981 965 1175 1034 ligatos
1206 963 1372 1018 linteo
1422 965 1475 1017 in
1518 980 1677 1017 manu
1708 962 1824 1031 ejus
1860 965 2051 1033 viginti
2084 966 2253 1018 dena-

669 1058 872 1113 riorum
906 1056 1107 1111 solidos
1146 1057 1345 1125 posuit,
1379 1057 1671 1125 dicensque
1702 1056 1802 1109 sibi
1832 1070 1861 1107 a
1894 1056 2125 1109 Domino
2156 1070 2256 1109 suo

669 1148 880 1209 missos,
916 1156 1174 1217 tanquam
1225 1148 1314 1216 qui
1365 1148 1433 1201 ab
1479 1162 1543 1201 eo
1593 1155 2023 1215 exspectaretur,
2066 1147 2257 1200 incuu-

668 1246 880 1292 ctanter
906 1237 1191 1291 abscessit.
1218 1238 1459 1306 Cumque
1484 1236 1571 1291 hic
1600 1236 1864 1290 attonitus
1888 1237 2047 1291 vellet
2077 1236 2255 1304 inqui-

666 1344 813 1394 rere,
846 1327 933 1381 ille
959 1328 1241 1399 disparuit.

1292 1418 1519 1474 CAPUT
1566 1417 1624 1471 ν.

667 1530 961 1585 Damianus
1007 1531 1069 1584 ob
1110 1530 1280 1585 trtatis
1321 1532 1627 1599 gravitate»:
1679 1530 2006 1599 episcopatus
2048 1528 2251 1583 labores

1353 1602 1564 1669 refugit.

740 1694 945 1749 Idcirco
999 1700 1179 1747 autem
1227 1692 1443 1745 nomina
1497 1692 1777 1745 hominum
1834 1707 1939 1745 non
1997 1706 2250 1760 appono,

660 1786 922 1854 quoniam
978 1786 1112 1839 ordo
1166 1795 1401 1853 peracta:
1462 1786 1539 1839 rei
1600 1784 1817 1839 facilius
1872 1784 2040 1857 M8
2096 1785 2254 1839 hazsit

2360 594 2628 649 rlamosas
2659 611 2822 650 voces
2850 598 3171 666 ingeminat,
3204 607 3261 651 ut
3286 598 3365 653 vel
3393 598 3506 668 ipse
3537 600 3639 653 sibi
3676 613 3957 671 promptus

2360 686 2575 756 adjutor
2602 702 2945 741 accurrerem
2974 704 2987 751 ;
3038 689 3118 741 vel
3158 691 3417 753 securim,
3448 706 3568 761 qua:
3593 693 3643 744 in
3677 694 3811 747 meis
3834 705 3956 748 erat

2359 779 2630 842 manibus,
2680 779 2961 848 porrigere
3008 778 3347 834 festinarcm.
3381 781 3493 849 Ego
3522 792 3706 837 autem
3761 784 3947 838 infelix

2362 880 2419 924 et
2468 872 2724 940 degener,
2778 871 3069 926 ultricibus
3117 873 3351 927 llammis
3397 873 3689 936 obnoxius,
3745 884 3799 929 et
3842 876 3957 946 ipse

2357 962 2535 1030 potius
2562 981 2589 1015 a
2619 964 2964 1032 serpentibus
3011 965 3209 1017 merito
3256 966 3635 1030 devorandas,
3692 982 3771 1020 va:
3823 968 3957 1021 mihi

2360 1052 2645 1106 homicida:
2672 1054 2683 1104 !
2719 1053 3056 1115 contremui;
3100 1063 3152 1107 et
3180 1069 3301 1106 cum
3345 1056 3599 1109 manibus
3628 1066 3773 1109 esset
3795 1070 3957 1125 agen-

2358 1144 2507 1207 dum,
2556 1159 2721 1198 causa
2773 1144 3037 1208 dictante,
3086 1160 3194 1197 non
3224 1145 3476 1213 pedibus,
3508 1145 3690 1216 fugam
3725 1148 3954 1216 paravi;

2358 1234 2587 1303 ideoque
2612 1250 2641 1286 a
2673 1234 3052 1288 sacerdotibus
3079 1235 3378 1303 injunctum
3412 1236 3543 1288 mihi
3575 1238 3677 1290 hoc
3703 1236 3955 1290 exsilium

2358 1327 2553 1394 patior,
2590 1342 2783 1396 meque
2820 1337 2877 1380 ut
2923 1342 3112 1381 revera
3150 1329 3342 1382 mortis
3375 1328 3518 1383 illius
3546 1340 3827 1384 auctorem
3860 1332 3955 1388 de-

2358 1417 2486 1472 ﬂere
2507 1418 2823 1486 compellor.

2429 1508 2561 1575 Qua:
2628 1509 2923 1562 nimiruum
2984 1509 3264 1578 gemenda:
3324 1509 3655 1563 calamitatis
3727 1510 3956 1565 historia

2358 1598 2431 1653 ita
2496 1607 2668 1653 totum
2757 1614 2853 1653 cor
2915 1614 3094 1653 meum
3158 1600 3469 1659 tremefacit
3549 1611 3603 1655 ct
3672 1604 3957 1668 concutit,

2359 1700 2416 1741 ut
2466 1688 2789 1742 immensam
2846 1689 3029 1743 cordis
3068 1690 3174 1743 mei
3230 1691 3615 1758 formidinem,
3682 1707 3781 1747 nec
3846 1704 3960 1765 sty-

2358 1781 2409 1834 lo
2464 1782 2701 1845 tradere,
2764 1796 2865 1836 nec
2926 1782 3136 1836 valeam
3202 1798 3456 1837 sermone
3513 1785 3781 1854 proferre.
3845 1783 3961 1840 Me-

664 1876 887 1939 animo;
934 1876 1152 1929 nomina
1185 1889 1331 1935 vero,
1380 1875 1525 1928 curis
1574 1874 1693 1928 aliis
1741 1874 2246 1935 intervenientibus,
2282 1871 2501 1929 Bditor
2554 1872 2697 1925 enim
2755 1888 2940 1942 stupe,
3007 1889 3135 1928 cccc
3195 1875 3397 1939 homo,
3456 1886 3511 1929 ct
3570 1876 3785 1942 bestia,
3852 1877 3961 1931 duo

662 1964 861 2030 fateor,
906 1964 1191 2034 intercepit
1228 1965 1447 2019 oblivio.
1499 1963 1609 2018 Nec
1643 1979 1965 2033 magnopere
1994 1979 2252 2019 curamus

665 2058 838 2112 videri
888 2072 1125 2126 aucupes
1178 2058 1480 2122 nominum,
1538 2056 1830 2110 dummodo
1883 2070 1988 2109 non
2037 2056 2255 2109 excidat

663 2149 837 2203 series
894 2158 943 2202 et
977 2150 1110 2203 ordo
1151 2157 1456 2218 gestorum;
1501 2161 1806 2215 quanquam
1837 2156 1891 2199 et
1922 2146 2039 2199 haec
2064 2146 2249 2199 eadem

671 2249 848 2311 gesta,
909 2254 1029 2307 quae
1071 2239 1379 2301 scribimus,
1422 2237 1545 2305 quia
1574 2238 1626 2289 in
1658 2237 1884 2289 transitu
1920 2235 2108 2290 audire
2154 2251 2253 2289 nos

658 2330 919 2399 contigit,
968 2338 1148 2382 utrum
1197 2326 1514 2381 inotfcn'sam
1566 2327 1690 2381 tidei
1750 2327 1947 2380 lineam
2002 2335 2250 2390 teneant,

658 2431 871 2477 certum
911 2436 1008 2490 per
1044 2421 1227 2474 omnia
1256 2436 1360 2474 non
1396 2419 1681 2473 habemus.
1711 2418 1787 2472 Ne
1815 2419 1978 2489 igitur
2009 2419 2126 2472 sine
2158 2435 2253 2472 no-

664 2514 905 2567 minibus
930 2513 1137 2581 digesta
1173 2514 1415 2566 narratio
1446 2528 1605 2565 nares
1635 2511 1929 2565 fastidiosis
1962 2511 2253 2564 lectoribus

665 2602 976 2667 contrahat,
1022 2618 1052 2655 a
1103 2602 1297 2655 talibus
1343 2601 1561 2655 interim
1606 2602 1956 2670 supersedeo.
2010 2601 2075 2653 Et
2105 2611 2254 2655 certe

667 2694 939 2750 salubrius
981 2703 1080 2757 est,
1115 2702 1172 2747 ut
1212 2693 1431 2748 omissis
1474 2694 1749 2757 omnibus,
1796 2694 1863 2746 ad
1894 2709 1980 2746 me
2010 2693 2251 2757 redeam,

676 2798 767 2839 me
815 2784 1063 2843 deﬂeam,
1120 2799 1205 2838 me
1247 2783 1451 2853 jugiter
1499 2785 1635 2838 meis
1678 2784 1849 2838 oculis
1903 2794 2249 2851 anteponam.

661 2873 805 2928 Ecce
848 2873 990 2927 enim
1034 2876 1145 2943 jam
1202 2873 1343 2927 oculi
1400 2873 1652 2944 caligant,
1707 2882 1761 2927 et
1813 2873 1970 2926 solito
2020 2872 2254 2941 amplius

664 2965 991 3035 pblegmatis
1040 2966 1297 3019 humores
1346 2966 1642 3019 abundant.
1687 2963 1854 3034 Ruga:
1900 2966 2155 3028 subeunt,
2200 2972 2255 3018 et

666 3058 909 3113 dentium
955 3058 1161 3110 ruinam
1198 3058 1425 3127 gingiva:
1458 3058 1749 3109 minantur.
1788 3058 1959 3125 Caput
1996 3057 2251 3123 denique,

662 3150 805 3220 quod
831 3148 981 3202 canis
1003 3148 1267 3203 hactenus
1296 3148 1669 3217 spargebatur,
1703 3146 1895 3217 cigueo
1920 3144 2033 3213 jam
2066 3146 2252 3199 albore

2360 1964 2568 2032 pariter
2637 1964 2689 2016 in
2748 1956 3024 2032 spelunca.
3104 1963 3221 2018 Non
3282 1966 3555 2021 mediator
3619 1967 3958 2034 intervenit,

2358 2072 2465 2108 non
2523 2065 2745 2125 ereptor
2833 2056 3065 2119 accedit,
3152 2056 3386 2111 ferinmn
3439 2073 3569 2112 sane
3633 2074 3728 2113 cor
3782 2058 3963 2127 pictas

2355 2145 2521 2217 M9
2549 2163 2653 2201 non
2686 2146 2929 2211 emollit;
2963 2148 3262 2216 przcscrtim
3290 2163 3413 2201 cum
3447 2147 3651 2202 rabida:
3676 2147 3962 2202 voracitati

2357 2240 2458 2292 boc
2494 2239 2657 2291 etiam
2690 2238 3096 2307 superadditur,
3128 2249 3187 2291 ut
3217 2240 3378 2291 illata-
3406 2238 3753 2293 contumelitc
3778 2239 3964 2308 gravis

2357 2328 2489 2381 ultio
2518 2337 2920 2395 compensetur.
2960 2327 3152 2393 Qutcso
3181 2368 3195 2392 ,
3226 2343 3347 2396 qua:
3380 2328 3454 2382 rei
3492 2326 3651 2395 hujus
3679 2336 3805 2381 tunc
3833 2343 3961 2397 spe-

2356 2412 2467 2486 cjes
2489 2426 2629 2480 erat,
2656 2418 2762 2469 imo
2787 2432 2905 2485 qua:
2930 2432 3083 2471 meus
3108 2416 3289 2470 miseri
3319 2416 3553 2469 hominis
3573 2432 3695 2471 esse
3721 2426 3961 2487 poterat,

2355 2524 2479 2560 cum
2522 2506 2703 2576 praeda
2738 2506 2913 2559 factus
2944 2518 3089 2560 esset
3135 2505 3274 2559 hosti
3308 2506 3493 2559 nescio
3522 2506 3803 2570 misereri;
3836 2520 3963 2559 cum

2357 2598 2622 2651 evadendi
2660 2612 2783 2665 spes
2814 2596 2958 2649 nulla
3011 2604 3344 2665 superesset,
3381 2596 3474 2649 sed
3506 2596 3689 2665 potius
3717 2597 3964 2650 cruentis

2357 2688 2609 2741 dentibus
2639 2688 2691 2741 in
2730 2702 2911 2741 escam
2945 2688 3197 2748 traditus,
3232 2687 3463 2739 ferinam
3502 2688 3751 2756 protinus
3783 2687 3964 2759 inglu-

2356 2778 2496 2831 viem
2521 2777 2786 2830 satiaret?
2813 2775 2982 2843 llujus
3008 2791 3136 2845 ergo
3160 2776 3502 2830 formidolosi
3530 2792 3691 2831 casus
3722 2778 3963 2849 speciem

2357 2866 2409 2918 iu
2465 2881 2582 2919 mea
2641 2879 2785 2934 saepe
2842 2875 3024 2917 mente
3074 2866 3326 2932 depingo,
3378 2880 3613 2935 moxque
3666 2867 3963 2921 draconem

2358 2956 2505 3011 illum
2540 2958 2706 3010 totius
2736 2956 3076 3011 crudelitatis
3107 2965 3387 3009 auctorem
3413 2996 3427 3015 ,
3459 2957 3731 3025 quomodo
3777 2957 3958 3025 rapiat

2357 3067 2417 3103 ac
2443 3051 2666 3104 devoret
2697 3050 2930 3113 animas,
2954 3050 3145 3119 pavida
3180 3049 3619 3104 consideratione
3647 3058 3925 3119 pertracto
3945 3091 3960 3115 ,

2356 3142 2506 3195 illum
2551 3158 2693 3211 sa-pe
2741 3143 3068 3196 versiculum
3128 3152 3422 3210 repetens,
3476 3157 3641 3210 quem
3686 3140 3963 3211 Propheta

662 3241 929 3305 nivescit;
981 3254 1085 3295 vox
1133 3239 1332 3303 raucit,
1378 3239 1553 3291 virtus
1599 3237 1818 3300 deﬁcit;
1868 3247 1942 3299 et,
1979 3238 2081 3289 heu
2114 3236 2249 3304 proh
2280 3223 2322 3281 C
2356 3232 2609 3286 cantabat
2640 3250 2651 3283 :
2689 3250 2706 3281 ι
2741 3230 2821 3285 Ne
2850 3232 3067 3301 quando
3093 3272 3106 3295 ,
3143 3232 3317 3300 inquit
3347 3272 3359 3295 ,
3395 3232 3570 3301 rapiat
3598 3240 3655 3285 ut
3713 3230 3796 3286 leo
3844 3232 3963 3286 ani-

661 3329 851 3384 dolor!
903 3328 1014 3383 sola
1064 3328 1117 3381 in
1174 3342 1261 3381 me
1307 3326 1563 3380 vitiorum
1594 3326 1748 3379 radix
1778 3326 1991 3395 ignorat
2037 3327 2252 3393 penitus

660 3423 1028 3472 senectutem.
1076 3414 1369 3469 Enimvero
1400 3412 1641 3482 quotidie
1674 3421 1904 3465 mortem
1936 3427 2045 3480 pra:
2080 3410 2253 3465 oculis

662 3520 844 3570 teneo,
875 3514 930 3561 et
961 3504 1074 3573 jam
1119 3504 1373 3558 tribunali
1435 3503 1697 3557 tremendi
1741 3502 1941 3572 judicis
1977 3500 2256 3570 ‘quodam-

660 3598 821 3652 modo
856 3604 1221 3667 praesentatus
1263 3595 1480 3649 assiste.
1513 3592 1632 3647 Jam
1664 3593 1764 3647 sub
1795 3591 2028 3661 quadam
2055 3592 2253 3644 mentis

656 3690 1048 3760 imaginatione
1094 3686 1335 3758 perversi
1387 3686 1613 3755 spiritus
1652 3684 1790 3738 truci
1833 3682 2009 3746 vultu,
2057 3683 2256 3736 exhor-

659 3781 829 3836 renda
877 3782 1054 3849 Specie
1104 3792 1191 3833 me
1239 3776 1337 3831 sub
1379 3784 1625 3830 extremo
1669 3775 1862 3845 spiritu
1894 3774 2252 3843 palpitantem

659 3870 980 3927 terribiliter
1023 3870 1309 3939 impetuut,
1346 3866 1463 3935 jam
1510 3865 1684 3921 sancti
1724 3865 1898 3935 angeli
1945 3864 2149 3928 blandi,
2190 3878 2253 3917 ac

660 3962 831 4026 nivei,
862 3962 1017 4031 quasi
1046 3962 1137 4029 qui
1166 3959 1518 4022 auxilieutur,
1560 3957 1845 4011 accedunt.

732 4052 1000 4122 Quiddam
1035 4067 1195 4122 porro
1231 4067 1337 4105 non
1370 4050 1528 4120 longe
1560 4050 1791 4102 antehac
1826 4047 2074 4102 evenisse
2098 4061 2248 4100 com-

657 4147 799 4217 peri,
830 4144 974 4215 quod
1020 4144 1147 4197 dum
1199 4142 1330 4197 mihi
1377 4156 1518 4211 saepe
1568 4149 1749 4194 movet
1801 4147 2059 4203 mentem,
2116 4132 2267 4191 solct'

661 4246 995 4304 cxaggcrare
1036 4230 1405 4285 formidinem.
1448 4229 1679 4295 Quidam
1709 4241 1944 4295 namque
1975 4226 2250 4294 paenitens

656 4324 762 4378 sub
788 4322 1073 4393 peregrino
1104 4320 1289 4376 habitu
1317 4320 1369 4372 in
1400 4318 1603 4373 nostris
1642 4316 1889 4387 partibus
1919 4314 2204 4369 exsulabat
2233 4331 2244 4365 :

659 4418 753 4488 qui
786 4416 1139 4486 perquisitus,
1191 4429 1311 4483 quzc
1351 4429 1474 4468 eum
1512 4412 1753 4467 exsiliari
1779 4411 1936 4481 culpa
1962 4410 2248 4481 compelle-

660 4517 776 4562 ret:
803 4506 937 4561 Cum
969 4504 1301 4561 coiivicaneo
1330 4518 1469 4567 meo,
1496 4503 1688 4572 inquit,
1720 4501 1785 4555 ad
1814 4502 1959 4573 ligna
1989 4498 2245 4555 caedenda

660 4600 989 4671 pergebam,
1030 4608 1083 4653 et
1130 4613 1257 4653 ecce
1304 4597 1529 4652 trabalis
1580 4597 1970 4667 magnitudinis
2022 4613 2247 4668 serpens

662 4694 881 4746 duobus
903 4689 1158 4745 attollens
1208 4703 1495 4757 squamosa
1524 4688 1659 4741 colla
1686 4688 1974 4756 capitibus,
2012 4689 2249 4743 sinuosis

660 4782 894 4838 ﬂexibus
924 4781 1239 4850 obrepebat.
1272 4780 1373 4846 Qui
1406 4795 1503 4835 nos
1535 4788 1594 4833 ut
1623 4794 1687 4834 eo
1718 4780 2056 4836 ambulantes
2095 4796 2249 4850 aspe-

664 4877 759 4939 xit,
812 4874 1074 4929 continuo
1122 4873 1425 4927 scintillans
1453 4872 1649 4936 oculis,
1678 4881 1733 4927 et
1762 4880 2019 4941 tanquam
2051 4873 2248 4943 linguis

660 4982 936 5024 exacuens
970 4980 1065 5020 ora
1096 4963 1356 5026 trisulcis,
1404 4965 1459 5018 in
1508 4980 1607 5019 nos
1657 4964 1917 5033 impetum
1957 4962 2105 5028 fecit.
2147 4964 2245 5019 Cui

658 5061 911 5133 protinus
940 5058 1224 5114 conviator
1252 5072 1405 5111 meus
1426 5056 1622 5112 librata
1654 5058 1855 5123 securi,
1886 5073 2050 5113 unum
2083 5068 2243 5128 caput

661 5152 916 5218 abscidit,
977 5165 1209 5220 moxque
1263 5149 1654 5205 ferramentum
1708 5166 1775 5204 ex
1825 5152 1942 5221 ejus
1998 5151 2247 5206 manibus

659 5246 877 5303 cecidit.
929 5242 1184 5297 Protinus
1224 5257 1451 5311 serpens
1488 5244 1539 5295 in
1568 5240 1769 5298 furoris
1806 5243 2012 5298 rabiem
2057 5244 2249 5313 impla-

656 5338 910 5394 cabiliter
936 5335 1215 5400 eﬂ‘eratus,
1256 5336 1309 5390 in
1343 5335 1572 5390 sublime
1600 5352 1658 5392 se
1686 5337 1868 5407 erigit,
1898 5338 2041 5407 quod
2073 5336 2244 5392 solum

658 5439 1001 5488 remanserat
1067 5438 1230 5499 caput
1298 5429 1535 5494 attollit,
1594 5438 1978 5499 auctoremque
2042 5429 2246 5500 proprii

657 5525 903 5579 vulneris
952 5522 1231 5578 mdrdicns
1278 5522 1667 5592 apprehendit;
1716 5536 1877 5591 quem
1926 5537 2050 5577 mox
2078 5530 2134 5576 ut
2165 5524 2247 5576 in-

655 5618 819 5683 vasit,
882 5615 1120 5671 sinuosis
1169 5628 1293 5669 eum
1340 5616 1504 5685 spiris
1554 5616 1821 5685 implicuit
1890 5624 1944 5669 et
1996 5616 2242 5681 involvit,

657 5720 943 5779 totumque
985 5708 1259 5764 hominem
1307 5710 1420 5763 suis
1460 5709 1666 5763 viribus
1695 5709 1998 5775 vindicans,
2030 5710 2083 5764 in
2118 5711 2242 5765 sub-

657 5812 922 5857 terraneae
965 5813 1162 5866 specus
1213 5800 1449 5857 latebras
1485 5801 1804 5871 asportavit.
1839 5800 1945 5857 Sed
1977 5803 2103 5857 dum
2136 5812 2241 5856 tra-

2355 3338 2497 3376 mam
2534 3338 2742 3386 meam;
2777 3325 2902 3375 dum
2953 3338 3061 3376 non
3092 3332 3174 3376 est
3220 3323 3310 3391 qui
3344 3323 3613 3387 redimat,
3646 3337 3821 3393 neque
3868 3324 3962 3393 qui

2355 3413 2562 3467 salvum
2614 3413 2779 3466 faciat
2812 3412 2985 3483 (Psal.
3037 3418 3156 3479 vn).
3198 3434 3216 3465 ι
3253 3412 3386 3467 Tam
3438 3415 3622 3468 brevis
3689 3416 3961 3483 scriptura

2354 3518 2521 3571 quam
2579 3502 2794 3572 longam
2842 3503 3168 3557 lormidandi
3204 3504 3662 3560 materiam'sauis
3690 3506 3963 3562 mentibus

2355 3595 2597 3665 praebet?

2426 3686 2598 3742 Porro
2629 3698 2809 3743 autem
2852 3696 2907 3742 et
2940 3698 3064 3743 ante
3104 3704 3308 3743 annum
3341 3689 3394 3743 in
3427 3704 3535 3745 non
3568 3689 3861 3760 longinqua
3890 3691 3961 3748 ab

2357 3777 2459 3832 hac
2495 3777 2713 3847 regione
2765 3776 2887 3829 villa
2940 3778 3234 3848 contigisse
3288 3777 3511 3843 dicitur,
3540 3782 3684 3848 quod
3736 3780 3959 3847 quidam

2355 3868 2591 3937 agricola
2615 3869 2705 3922 vix
2737 3878 3057 3935 erumpente
3086 3867 3426 3936 crepusculo,
3458 3877 3671 3922 mature
3696 3871 3955 3935 surrexit,

2354 3960 2595 4014 enormis
2642 3960 2934 4014 draconem
2989 3960 3377 4027 magnitudinis
3416 3962 3588 4028 vidit,
3623 3978 3782 4032 quem
3829 3966 3958 4035 quia

2356 4051 2558 4122 lignum
2600 4054 2848 4121 putavit,
2899 4068 3022 4105 mox
3058 4068 3116 4107 se
3163 4068 3327 4123 super
3368 4068 3493 4108 eum
3544 4056 3610 4109 ad
3658 4058 3958 4112 sedendum

2353 4142 2505 4209 quasi
2538 4143 2591 4196 in
2638 4143 2789 4196 trabe
2831 4144 3154 4210 composuit.
3187 4142 3751 4215 Commotaprotinus
3782 4146 3957 4203 bestia

2352 4240 2515 4299 caput
2546 4230 2761 4293 attollit,
2788 4232 3064 4285 hominem
3092 4242 3320 4287 cruento
3350 4249 3445 4289 ore
3467 4236 3739 4304 pervadit,
3767 4237 3957 4307 sicque

2354 4324 2625 4375 viventem
2667 4321 2770 4374 sub
2799 4334 3075 4376 momento
3118 4323 3305 4377 rabida
3336 4326 3641 4381 voracitate
3680 4326 3952 4395 deglutiit,

2352 4423 2404 4465 et
2430 4420 2488 4465 ut
2513 4412 2677 4466 corda
2710 4420 2893 4466 nostra
2935 4414 3154 4482 gravior
3182 4415 3361 4470 adlmc
3389 4414 3625 4473 formido
3654 4420 3953 4484 concutiat,

2354 4514 2517 4573 atque
2548 4503 2613 4555 ad
2638 4502 2927 4557 metuenda
2958 4518 3121 4572 super
3148 4520 3246 4559 nos
3280 4506 3461 4561 divina
3489 4507 3690 4575 judicia
3723 4511 3955 4581 pervigil

2276 4578 2325 4637 Ῑ)
2353 4613 2451 4651 nos
2496 4597 2801 4651 sollicitudo
2850 4597 3173 4666 compellat;
3207 4600 3526 4671 plerumque
3575 4604 3819 4659 videmus
3850 4578 3953 4660 ho-

2352 4691 2682 4745 nestioribus
2731 4707 2793 4746 ac
2811 4690 2958 4760 juste
2983 4693 3291 4749 viventibus
3316 4695 3449 4749 viris
3473 4697 3572 4750 ista
3600 4700 3921 4770 contingere

2353 4799 2474 4837 cum
2504 4791 2728 4837 econtra
2758 4786 3010 4839 carnales
3055 4794 3111 4840 et
3160 4788 3503 4857 incompositi
3540 4789 3825 4844 videantur
3854 4792 3953 4847 hoc

2354 4874 2527 4927 mines
2550 4914 2564 4940 ,
2594 4884 2655 4929 ut
2696 4892 2859 4947 supra
2892 4878 3239 4933 meminimus
3266 4919 3279 4943 ,
3314 4880 3479 4933 etiam
3512 4882 3802 4937 virtutibus
3832 4898 3952 4939 cor-

2353 4983 2595 5023 ιἰιδςειῐο.

2424 5058 2580 5126 Nam,
2609 5069 2669 5115 ut
2709 5076 2815 5115 non
2854 5063 3057 5117 diutius
3090 5079 3371 5127 immorer,
3406 5065 3625 5135 quidam
3659 5068 3725 5123 ab
3758 5067 3953 5125 Hiero-

2351 5152 2576 5221 solymis
2633 5152 2877 5218 rediens,
2912 5153 3013 5208 hoc
3044 5155 3144 5209 sibi
3195 5158 3416 5226 suisque
3448 5158 3750 5231 comitibus
3777 5164 3955 5217 conti-

2353 5243 2496 5311 gisse
2525 5244 2800 5310 narravit;
2828 5246 2955 5314 quia
2988 5260 3110 5300 cum
3149 5248 3361 5303 itineris
3393 5248 3579 5303 labore
3608 5249 3826 5318 defessi,
3860 5270 3950 5310 se-

2354 5352 2451 5390 cus
2498 5334 2639 5390 viain
2685 5346 2844 5391 nocte
2886 5338 3234 5407 quiescerent
3262 5380 3275 5403 ,
3306 5349 3530 5409 repente
3577 5340 3663 5397 leo
3696 5344 3953 5401 terribilis

2357 5428 2749 5484 dormientibus
2786 5432 3121 5498 supervenit.
3154 5431 3448 5501 Presbyter
3488 5442 3668 5486 autem
3707 5434 3809 5501 pia:
3836 5435 3953 5506 opi-

2359 5521 2553 5585 uionis,
2596 5532 2648 5575 ct
2676 5522 2919 5577 honestae
2967 5526 3093 5577 vita:
3120 5563 3133 5587 ,
3192 5524 3284 5592 qui
3342 5526 3506 5578 etiam
3558 5534 3752 5594 quater
3773 5524 3885 5592 jam
3921 5544 3953 5582 a

2357 5612 2649 5665 Dominica:
2676 5612 2967 5681 sepultura:
3009 5615 3319 5668 visitatione
3351 5616 3587 5669 redierat
3615 5655 3629 5679 ,
3664 5616 3827 5670 sociis
3854 5632 3952 5669 un-

2352 5704 2515 5773 dique
2549 5705 2895 5761 circumfusis
2929 5705 3139 5761 medius
3164 5707 3498 5777 quiescebat.
3532 5708 3751 5764 lrrucns
3789 5708 3952 5778 igitur

2350 5797 2606 5854 immanis
2630 5798 2823 5865 bestia,
2850 5798 3120 5854 neminem
3146 5815 3209 5854 ex
3236 5801 3319 5855 his
3340 5801 3429 5870 qui
3457 5800 3555 5855 sibi
3589 5803 3738 5869 prius
3765 5814 3949 5855 occur-

4638 6225 5184 6446 -4
