5664 6624
640 385 737 441 ‘33.

1312 374 1556 433 OPUSC.
1599 372 1716 428 XX.
1749 402 1822 413 ——
1851 367 2306 426 APOLOGETIC.
2350 367 2439 423 OB
2482 366 2816 424 DIMISSUM
2862 365 3262 423 EPISCOPAT.

3824 365 3939 422 431

644 507 755 550 erat
806 479 1106 550 M'adelmus
1133 531 1149 556 ,
1174 496 1266 560 qut
1324 487 1579 541 nimirum
1629 483 1780 555 juxta
1841 481 2231 536 monasterium
2266 491 2304 540 Α
2341 497 2485 543 1111111,
2516 495 2812 548 onmcsque
2839 483 3126 532 verborum
3156 477 3397 531 inanium
3427 486 3612 547 pestes
3643 477 3901 533 insolentt
3922 495 3950 534 r

643 589 836 656 degens
858 585 911 636 in
941 581 1168 645 cellula,
1198 579 1460 642 inclusus,
1488 578 1601 631 sive
1625 575 1902 631 solitarius
1927 573 2230 627 dicebatur.

646 675 738 729 llic
769 674 895 728 mihi
927 672 1150 734 retulit,
1190 671 1314 738 quia
1350 670 1402 722 in
1433 677 1782 722 sacrosancto
1816 665 2056 736 paschali
2093 661 2231 716 Sab-

643 769 781 834 bato,
829 766 1306 822 Resurrectionem
1362 762 1705 832 [ιι-1000110010
1755 759 2090 830 Dominicam
2128 797 2140 820 ,
2180 757 2230 808 in

643 859 899 922 Ecclesia,
931 871 1091 925 quam
1139 852 1489 922 frequentare
1529 859 1925 910 consueverat,
1979 854 2235 914 quatuor-

642 952 809 1007 decitn
837 950 960 1020 plus
984 948 1163 1001 minus
1188 945 1463 1014 lampades
1489 941 1808 1001 adornavit,
1848 949 1902 993 et
1933 954 2073 1007 aqua
2109 953 2235 1006 sup.

642 1045 810 1115 posita
874 1052 1076 1113 praeter
1129 1054 1288 1092 unam
1324 1078 1336 1100 ,
1375 1034 1628 1089 omnibus
1677 1033 1855 1086 oleum
1911 1027 2231 1100 superfudit.

642 1134 881 1202 Cumque
931 1129 1145 1184 caeteris
1193 1125 1534 1181 satisfactum
1593 1131 1766 1186 esset,
1809 1120 1902 1174 sed
1949 1117 2236 1173 deficiente

641 1225 776 1289 oleo,
808 1238 914 1277 una
949 1229 1289 1282 remaneret;
1333 1216 1523 1287 petivit
1571 1216 1639 1269 ab
1682 1213 1898 1276 abbate,
1934 1211 2026 1265 sed
2073 1210 2235 1278 impc-

643 1325 783 1369 trare
810 1330 918 1368 non
946 1313 1140 1382 potuit.
1167 1310 1407 1364 Tandem
1441 1308 1495 1360 in
1528 1306 1631 1360 fide.
1655 1320 1757 1358 non
1787 1305 2063 1365 harsitans,
2097 1316 2236 1368 aqua

641 1404 939 1474 lampadem
985 1401 1263 1470 implevit,
1297 1401 1476 1452 lumen
1517 1395 1796 1459 adhibuit,
1830 1409 1949 1463 qua:
1993 1392 2236 1462 profecto

642 1511 734 1564 per
757 1503 922 1550 totam
955 1503 1164 1547 noctem
1198 1507 1319 1544 011111
1351 1491 1564 1544 ca-leris
1591 1487 1944 1541 nihilominus
1973 1483 2233 1547 radiavit;

641 1595 692 1640 et
721 1602 841 1639 cmn
879 1585 1132 1638 naturale
1156 1585 1227 1638 sit
1283 1597 1436 1650 aqua:
1492 1591 1550 1632 ut
1582 1581 1756 1648 ignem
1785 1592 2001 1646 semper
2032 1577 2238 1629 exstin-

642 1688 784 1745 gttat,
837 1678 929 1730 illa
968 1678 1204 1731 fovebat.
1241 1675 1394 1728 Tunc
1425 1674 1595 1727 abbas
1637 1674 1930 1725 advocatus
1982 1671 2032 1722 in
2086 1669 2238 1722 testi-

643 1766 878 1819 monium
907 1806 922 1829 ,
961 1769 1174 1835 signum
1210 1763 1426 1816 virtutis
1459 1762 1759 1814 admiratus
1804 1760 2019 1828 expavit
2047 1799 2060 1821 ,
2091 1772 2236 1810 sese-

2338 581 2650 642 erumpunt,
2679 587 2796 641 quae
2830 587 2960 635 nos,
2992 585 3098 625 non
3126 572 3240 640 jam
3272 572 3604 635 sacerdotes,
3642 571 3736 627 sed
3764 573 3950 642 potius

2337 675 2586 718 oratores
2613 705 2625 728 ,
2661 680 2723 717 ac
2756 659 3004 718 rhetores
3031 703 3045 725 ,
3079 662 3193 716 sive
3219 703 3233 726 ,
3268 663 3412 730 quod
3445 663 3792 719 inhonestum
3818 673 3903 719 est
3929 705 3946 730 ,

2336 767 2553 807 scurras
2581 754 2893 808 ostendunt.
2942 753 3062 806 Mox
3092 755 3262 818 enim,
3300 761 3358 805 ut
3385 754 3553 807 verba
3581 768 3947 820 conserimus,

2337 844 2595 913 paulatim
2625 845 2870 914 quaadam
2906 846 3171 900 lenocinia
3218 845 3678 900 confabulationis
3719 847 3949 903 alterna:

2338 936 2675 1005 sobnepunt,
2712 953 2832 1006 quae
2860 953 3077 992 omnem
3128 938 3295 992 animi
3342 939 3579 1008 rigorem
3633 940 3952 996 indecenter

2337 1025 2641 1090 emolliant,
2674 1035 2728 1079 et
2769 1027 3081 1081 severitatis
3130 1028 3299 1081 robur
3345 1029 3397 1081 in
3431 1042 3721 1084 excussum
3754 1031 3951 1095 risum,

2339 1125 2393 1168 et
2425 1117 2601 1186 turpia
2630 1118 2751 1186 joca
2779 1118 3098 1175 dissolvant.
3135 1118 3274 1174 Hinc
3302 1128 3406 1181 est,
3435 1122 3578 1190 quod
3603 1137 3757 1177 mens
3786 1133 3947 1180 extra

2340 1223 2397 1262 se
2433 1224 2617 1278 Sparsa
2649 1211 3037 1276 confunditur,
3083 1215 3238 1267 acies
3271 1214 3452 1269 cordis
3481 1216 3823 1284 obtunditur,
3857 1219 3950 1273 lux

2340 1300 2504 1354 divini
2535 1302 2738 1356 amoris
2767 1295 3164 1372 eitstinguitur,
3206 1315 3384 1361 terror
3415 1308 3468 1361 111
3505 1309 3673 1374 alios,
3704 1321 3758 1364 et
3796 1327 3952 1366 reve-

2341 1393 2512 1444 rentia
2563 1394 2921 1449 sacerdotalis
2961 1397 3266 1461 antittitur;
3297 1407 3350 1451 et
3395 1400 3536 1467 quod
3587 1401 3948 1469 periculosius

2341 1493 2446 1547 est,
2478 1495 2626 1539 recte
2654 1487 2866 1540 vivendi
2899 1487 3062 1552 linea,
3091 1505 3210 1557 quae
3238 1490 3358 1544 aliis
3383 1490 3448 1544 ad
3481 1494 3790 1562 exemplum
3819 1509 3948 1564 pro-

2339 1580 2586 1646 ponenda
2613 1579 2821 1644 fuerat,
2855 1597 2958 1634 non
2992 1591 3225 1636 tenetur.

2412 1672 2565 1736 Quod
2586 1672 2628 1724 si
2656 1687 2771 1737 nos,
2799 1673 2880 1726 vel
2909 1675 3135 1740 pudore,
3161 1674 3240 1727 vel
3271 1684 3416 1728 metu
3447 1676 3498 1729 in
3526 1676 3643 1731 haec
3664 1677 3946 1734 declinare

2339 1762 2758 1826 contemnimus,
2785 1778 2904 1816 mox
2934 1764 3236 1828 inhumani,
3262 1765 3418 1834 rigidi
3440 1775 3495 1820 et
3519 1782 3656 1836 quos
3675 1767 3946 1839 Hyrcanae

644 1871 746 1924 que
781 1856 963 1911 oleum
1005 1871 1109 1909 non
1163 1854 1371 1908 dedisse
1413 1852 1671 1906 confusus
1703 1851 1940 1904 erubuit.
1975 1847 2147 1902 Porro
2185 1856 2239 1901 et
2266 1839 2314 1898 Β
2343 1852 2809 1921 genuerinttigres
2830 1851 3307 1918 saxeijudicamur
3331 1855 3504 1922 (Pus.
3533 1856 3624 1911 lib.
3645 1872 3766 1923 vui,
3791 1875 3840 1912 c.
3865 1859 3947 1924 2).

644 1945 775 2000 alias
807 1947 1074 2015 quasdam
1127 1946 1426 1999 monachus
1478 1944 1566 1996 ille
1606 1944 1888 1997 dicebatur
1935 1940 2239 1995 ostendisse

644 2035 895 2093 virtutes.
929 2036 1037 2091 Sed
1069 2053 1146 2089 va:
1177 2037 1284 2089 illi!
1323 2035 1522 2090 clausis
1561 2035 1732 2089 oculis
1761 2049 1986 2088 securus
2016 2032 2238 2094 incedit,

645 2134 692 2192 et
731 2130 938 2182 versuti
971 2128 1142 2181 hostis
1175 2127 1529 2194 laqueosnon
1555 2125 1804 2179 attendit.
1834 2124 1968 2178 Nam
2000 2132 2242 2194 postmo-

645 2217 767 2270 dum
803 2218 891 2272 hic
939 2219 996 2271 in
1033 2217 1258 2270 luxuria:
1290 2217 1598 2284 voraginem
1631 2217 1876 2278 corruit,
1921 2225 1976 2268 et
2023 2215 2114 2282 qui
2147 2229 2240 2267 ea-

647 2314 799 2360 tenus
827 2323 1039 2378 magnae
1071 2307 1390 2360 reverentiae
1418 2306 1649 2376 principi
1677 2347 1691 2369 ,
1723 2323 1785 2359 ac
1821 2305 2033 2360 civibus
2066 2304 2241 2358 fuerat

648 2395 882 2461 habitus,
918 2399 1133 2468 publice
1162 2399 1326 2468 virgis
1349 2414 1541 2461 etesiis,
1576 2408 1629 2452 et
1656 2400 1756 2452 sub
1790 2399 2078 2453 inhonesto
2108 2397 2244 2450 ludi-

649 2485 763 2538 brio
791 2491 1024 2557 turpiter
1054 2489 1318 2541 asseritttr
1345 2483 1676 2541 decalvauis.

1155 2579 1315 2651 (.52
1353 2579 1579 2635 CAPUT
1623 2579 1730 2633 vn.

784 2669 940 2736 Quod
987 2687 1068 2725 res
1111 2672 1177 2725 sit
1229 2673 1453 2724 maxime
1488 2672 1658 2723 ardua
1687 2669 1808 2723 aliis
1852 2685 2095 2739 prceesse.

717 2759 840 2828 111110
888 2764 1096 2818 ideirco
1131 2763 1361 2817 dixerim
1387 2803 1401 2827 ,
1435 2771 1493 2815 ut
1524 2761 1726 2830 liquido
1772 2769 1951 2829 pateat
1980 2802 1993 2823 ,
2031 2761 2157 2828 quia
2188 2760 2240 2813 in

649 2850 748 2907 hoc
775 2853 900 2909 vita:
927 2855 1178 2909 mortalis
1219 2855 1412 2907 itinere
1438 2852 1812 2923 gradientibus
1839 2852 2020 2905 multae
2049 2867 2243 2920 suppo-

649 2952 851 3000 nuntur
902 2946 1159 3007 insidiae,
1211 2947 1424 2999 diversa
1476 2943 1720 2998 occultus
1770 2944 1938 2996 hostis
1986 2943 2242 2996 scandala

650 3037 904 3105 contegit,
935 3036 1103 3090 multa
1141 3036 1368 3089 viscaria
1401 3035 1586 3096 struit,
1621 3033 1802 3102 plures
1832 3033 2053 3101 laqueos
2080 3041 2242 3100 atque

652 3125 951 3180 tendiculas
984 3128 1188 3178 nostris
1230 3125 1472 3194 quotidie
1517 3125 1790 3193 gressibus
1818 3123 2117 3190 anteponit.
2154 3123 2243 3175 Di-

650 3225 767 3267 cant
810 3231 944 3288 ergo
979 3215 1114 3270 mihi
1143 3256 1155 3274 .
1190 3216 1280 3284 qtti
1319 3214 1504 3268 volunt
1534 3214 1869 3282 episcopare,
1917 3212 2164 3281 plebibus
2192 3222 2243 3266 te

651 3307 898 3375 regendis
930 3323 1161 3376 expone.
1210 3306 1315 3360 Sed
1364 3307 1454 3374 qui
1508 3306 1774 3374 meipsum
1827 3319 2041 3374 nequeo
2102 3305 2244 3358 inter

650 3402 725 3449 tot
768 3397 976 3466 gladios
1029 3413 1092 3452 ac
1147 3398 1249 3452 tela
1293 3407 1611 3466 protegere;
1647 3411 1753 3465 quo
1799 3403 1957 3464 pacto
2010 3406 2064 3449 et
2107 3396 2245 3451 alios

650 3502 861 3554 possum
915 3507 981 3546 ex
1033 3490 1290 3559 captiosis
1337 3490 1617 3542 latentium
1674 3489 1994 3542 insidiarum
2039 3489 2246 3558 laqueis

648 3581 943 3646 expedire?
976 3581 1301 3650 Deponenda
1332 3589 1417 3634 est
1450 3595 1579 3648 ergo
1613 3580 1826 3631 sarcina
1848 3619 1862 3642 ,
1896 3595 2060 3648 quam
2093 3580 2246 3648 baju-

649 3663 756 3721 lare
789 3686 894 3725 non
947 3686 1163 3741 possunt
1209 3688 1223 3723 :
1264 3670 1567 3739 meliusque
1610 3679 1691 3723 est
1736 3670 1944 3738 pondus
1972 3669 2241 3738 ahjieere,

650 3771 810 3823 quant
854 3777 982 3814 011111
1035 3761 1362 3815 detrimento
1395 3759 1605 3814 Domini
1634 3800 1646 3820 .
1681 3761 1835 3828 Cujus
1867 3776 1984 3812 sum
2013 3776 2202 3815 servus
2225 3801 2241 3827 ,

650 3848 829 3906 fractis
859 3855 1167 3908 cervicibus
1218 3854 1463 3908 interire.
1518 3852 1763 3906 Sufficiat
1812 3869 1956 3907 nunc
1987 3855 2053 3906 ad
2086 3853 2240 3908 testi-

649 3944 882 3998 monium
919 3947 1025 4001 hoc
1055 3945 1227 4000 solum
1259 3945 1396 3999 beati
1430 3945 1767 4014 Hieronymi,
1810 3945 1974 4013 quod,
2008 3946 2241 4000 necdum

650 4029 775 4085 hora
810 4046 1088 4089 transacta
1119 4074 1134 4098 ,
1177 4035 1280 4087 sub
1331 4033 1501 4088 oculis
1554 4034 1809 4087 habuisse
1857 4049 1944 4087 me
1994 4036 2242 4088 memini.

649 4116 778 4175 Dum
805 4125 953 4178 enim
978 4125 1044 4178 de
1071 4124 1244 4178 otioso
1268 4123 1523 4178 Ecclesiae
1556 4132 1773 4192 pastore
1817 4133 2075 4177 tractaret
2101 4163 2114 4187 ,
2145 4123 2243 4177 ad-

643 4207 769 4277 jecit
801 4229 813 4264 :
850 4230 869 4263 1
906 4213 1058 4266 111100
1083 4252 1096 4275 ,
1129 4213 1340 4281 inquit,
1374 4212 1705 4281 indignantis
1757 4213 1968 4266 Domini
2019 4227 2239 4281 respon-

649 4299 795 4356 sione
851 4303 1080 4359 ferietur
1113 4319 1127 4357 :
1157 4304 1323 4358 Serve
1380 4319 1610 4372 nequam
1640 4345 1654 4368 ,
1689 4319 1859 4372 quare
1911 4320 2015 4359 non
2044 4304 2240 4360 dedisti

646 4395 926 4458 pecuniam
962 4397 1026 4450 ad
1076 4411 1357 4460 mensam,
1403 4407 1459 4450 ttt
1506 4413 1604 4468 ego
1633 4399 1856 4452 veniens
1909 4413 2030 4452 cum
2061 4400 2241 4454 usuris

648 4483 828 4551 utique
882 4487 1186 4558 exegissem
1236 4487 1476 4540 1111111111
1529 4486 1682 4558 (Luc.
1716 4488 1853 4559 xix.)
1895 4489 2048 4555 Quod
2095 4490 2236 4544 idem

649 4571 833 4628 doctor
861 4578 1110 4644 protinus
1156 4593 1469 4646 exponens,
1503 4579 1606 4640 ait,
1644 4580 1694 4634 id
1740 4588 1858 4643 est,
1894 4581 2238 4654 deposuisses

650 4662 710 4714 ad
763 4664 938 4736 altare
1004 4667 1143 4736 quod
1193 4667 1336 4723 ferre
1380 4684 1483 4722 non
1538 4679 1775 4738 poteras.
1819 4670 1954 4724 Dum
1991 4673 2135 4724 enim
2178 4681 2233 4726 tu

649 4751 871 4821 ignavus
900 4762 1203 4829 negotiator
1233 4761 1512 4814 denarium
1546 4770 1699 4815 tenes
1724 4803 1737 4824 ,
1771 4761 1996 4816 alterius
2035 4762 2231 4827 locum,

650 4846 734 4911 qtti
764 4851 1048 4916 pecuniam
1079 4851 1355 4920 duplicare
1385 4861 1632 4920 poterat,
1665 4853 1964 4920 occupasti.
2000 4852 2112 4908 Hoc
2134 4869 2234 4922 ego

651 4941 815 4991 sancti
861 4941 962 4992 viri
1008 4941 1289 4994 consilium
1321 4982 1334 5006 ,
1372 4941 1569 5006 fateor,
1619 4941 1852 4996 libenter
1887 4945 2124 5013 arripui;
2180 4955 2234 4999 et

647 5041 796 5092 onus,
830 5031 920 5084 cui
965 5034 1314 5087 succumbere
1351 5033 1730 5103 compellebar,
1767 5035 1957 5104 abieci.
1999 5035 2110 5089 11110
2141 5054 2235 5106 pe-

647 5121 858 5174 cuniam
892 5163 907 5186 ,
939 5140 1100 5192 quant
1141 5124 1417 5194 duplicare
1466 5142 1572 5179 non
1610 5137 1854 5196 poteram
1881 5171 1894 5193 ,
1929 5132 2236 5199 negotiator

650 5205 870 5277 ignavus
899 5213 969 5265 ad
997 5213 1165 5267 altare
1199 5215 1440 5284 deposui.

717 5295 876 5367 Fuit,
919 5301 1020 5356 fuit
1064 5303 1212 5370 olim,
1255 5303 1484 5372 sedjatn
1517 5307 1756 5378 elapsum
1800 5321 1883 5364 est
1915 5320 2145 5381 tempus,
2179 5322 2236 5366 ut

649 5390 922 5445 modestia:
947 5393 1140 5460 pudor,
1170 5396 1603 5452 tnortilicatimtis
1630 5399 1861 5469 insigne,
1893 5400 2050 5470 digna
2085 5419 2236 5458 seve-

651 5477 797 5544 ritas,
839 5492 896 5535 et
950 5485 1299 5538 sacerJotalts
1330 5487 1471 5556 genii
1525 5489 1697 5543 valeat
1745 5493 1973 5544 censura
2007 5496 2236 5550 servari.

650 5566 779 5624 Nam
810 5583 870 5626 ut
898 5590 986 5629 me
1022 5575 1192 5629 solum
1232 5577 1391 5649 digne
1421 5595 1733 5651 coarguam.
1763 5584 1955 5640 videtis
1989 5587 2087 5655 ipsi
2111 5590 2235 5656 quia

651 5663 916 5729 protinus,
947 5675 1007 5718 ut
1044 5667 1112 5720 ad
1143 5682 1238 5722 vos
1267 5669 1454 5735 venio;
1503 5685 1630 5725 ecce
1658 5673 1818 5732 sales.
1854 5690 1980 5730 ecce
2008 5677 2233 5743 facetiae,

650 5749 873 5818 lepores,
909 5754 1267 5823 urbanitates,
1295 5757 1632 5826 dicacitates,
1659 5761 1928 5818 volumina
1975 5767 2231 5834 qtttestio-

2348 1936 2610 2006 Περι-11110
2650 1938 2942 1992 calamum.
2991 1939 3124 1993 Nam
3156 1983 3168 2004 ,
3205 1953 3264 1994 ut
3323 1937 3595 2012 turpiores
3635 1954 3951 1999 attesantur

2344 2026 2562 2096 ineptiae
2587 2068 2601 2091 ,
2633 2029 2839 2098 pudore
2862 2029 3167 2095 suffnndor,
3201 2033 3452 2087 videlicet
3480 2045 3712 2090 venatus
3731 2077 3743 2100 ,
3784 2053 3954 2091 ancu—

2344 2117 2514 2186 pium,
2549 2117 2787 2173 alearum
2820 2121 3260 2189 insuper,furia:,
3302 2123 3385 2177 vel
3415 2126 3792 2187 seacchorum.
3831 2143 3954 2198 qua:

2344 2209 2603 2262 nimirum
2629 2210 2695 2264 de
2721 2219 2835 2264 toto
2856 2213 3074 2280 quidem
3100 2217 3381 2270 sacerdote
3399 2217 3660 2271 exhibent
3683 2220 3906 2274 mimum
3931 2237 3947 2286 ;

2346 2301 2440 2354 sed
2473 2303 2750 2371 pracipue
2777 2305 2966 2359 oculos
2994 2346 3008 2367 ,
3039 2321 3255 2371 manus,
3287 2318 3341 2360 et
3375 2309 3636 2380 linguam,
3670 2314 3822 2380 quasi
3854 2316 3956 2368 uti-
4047 2296 4050 2298 Ὺ

2346 2405 2496 2443 11111111
2541 2406 2728 2445 verum
2783 2393 2944 2446 simul
2992 2392 3273 2458 efliciunt,
3326 2397 3514 2466 sicque
3560 2402 3814 2462 cquditos
3843 2445 3855 2466 ,
3899 2417 3957 2460 et

2345 2481 2436 2548 qui
2475 2482 2697 2535 suavius
2723 2485 2955 2552 sapiant,
3010 2485 3162 2539 cibos
3208 2487 3516 2542 daemonum
3551 2493 3755 2546 mensis
3783 2509 3955 2565 appo-

2346 2580 2502 2624 nunt.
2533 2571 2696 2643 553
2748 2573 2847 2628 1110
2880 2575 3058 2644 plane,
3107 2577 3150 2631 si
3197 2579 3328 2648 quid
3377 2581 3512 2636 milii
3555 2585 3624 2637 de
3657 2588 3954 2644 venerabili

2347 2662 2676 2718 Florentio-a2
2698 2666 2842 2720 sedis
2864 2667 3124 2736 episcopo
3148 2670 3458 2742 contigerit,
3483 2674 3686 2740 recolo,
3715 2675 3953 2732 alienum

2346 2768 2472 2807 esse
2495 2754 2565 2809 ab
2593 2753 2960 2812 :edificatione
2989 2773 3096 2812 non
3126 2762 3312 2816 credo.

2415 2842 2557 2897 Dum
2591 2844 2884 2914 aliquando
2905 2848 3006 2902 sibi
3040 2863 3216 2904 essem
3248 2865 3433 2906 comes
3465 2853 3698 2926 itineris,
3725 2871 3950 2928 vesper-

2347 2932 2519 2985 tinum
2547 2935 2769 3012 tandem
2801 2935 3095 2992 subeuntes
3121 2938 3442 3010 hospitium,
3478 2957 3580 3012 ego
3613 2960 3699 3001 nte
3749 2946 3801 3001 111
3824 2964 3953 3017 pre-

2345 3023 2548 3094 sbyteri
2571 3025 2765 3079 cellam
2800 3029 3049 3093 semovi;
3089 3029 3137 3084 is
3169 3039 3349 3085 autem
3401 3033 3455 3086 in
3507 3036 3742 3103 spatiosa
3792 3027 3954 3095 domo

2347 3129 2470 3168 cum
2512 3118 2932 3171 commeantium
2976 3120 3130 3174 turba
3175 3122 3394 3177 resedit.
3442 3123 3599 3180 Mane
3641 3121 3820 3182 autem
3868 3129 3955 3184 fa-

2273 3197 2316 3257 C
2348 3212 2459 3269 cto,
2513 3220 2544 3259 a
2581 3221 2723 3260 meo.
2759 3208 2892 3262 mihi
2945 3209 3196 3279 Agasone
3241 3211 3605 3282 significatum
3651 3227 3754 3279 est,
3800 3221 3948 3288 quod

2345 3294 2636 3362 praedictus
2689 3297 2978 3366 episc0pus
3042 3299 3169 3353 ludo
3230 3301 3508 3370 praefuerit
3572 3307 3948 3363 scacchorutu.

2345 3383 2499 3449 Quod
2542 3387 2788 3454 profecto
2843 3388 3107 3454 verbum,
3160 3391 3309 3445 velut
3363 3395 3580 3462 sagitta,
3630 3413 3727 3452 001·
3771 3413 3952 3453 meum

2346 3475 2660 3529 acutissime
2715 3479 2962 3547 pupugit,
3008 3488 3062 3533 et
3091 3479 3479 3547 indignationis
3509 3485 3713 3540 .vulnus
3736 3487 3950 3541 inflixit.

2345 3563 2490 3618 Hora
2528 3575 2730 3630 autem,
2793 3583 2913 3636 qua:
2960 3569 3094 3623 ntihi
3141 3571 3427 3625 videbatur
3475 3573 3669 3638 electa,
3723 3579 3952 3633 conveni

2346 3655 2654 3722 hominem,
2700 3667 2754 3710 et
2813 3659 3016 3713 acriter
3065 3661 3309 3715 inveltor.
3353 3662 3464 3718 lloc
3517 3665 3680 3734 igitur
3735 3669 3950 3722 initium

2344 3748 2614 3801 sermonis
2645 3750 2937 3820 arripiens,
2962 3751 3048 3804 aio
3074 3770 3085 3804 :
3114 3752 3334 3808 Librata
3368 3771 3528 3809 manu
3558 3758 3737 3828 virgas
3760 3774 3953 3826 exere,

2343 3837 2529 3908 plagas
2573 3840 2797 3909 inﬁgere
2823 3856 3007 3910 quaero
3057 3846 3199 3898 81511
3234 3846 3326 3914 qui
3377 3856 3524 3918 terga
3581 3852 3850 3920 subjiciat.
3883 3853 3952 3908 Et

2345 3930 2453 3994 ille,
2490 3930 2994 4004 iuferatur,inqui1,
3039 3936 3217 4005 culpa,
3271 3942 3749 4002 non,recusabitur
3771 3945 3956 4012 paeni-

2345 4024 2533 4077 tentia.
2561 4024 2818 4089 ReCIene,
2851 4028 3097 4096 inquam,
3135 4032 3318 4100 tuique
3358 4042 3474 4087 erat
3516 4033 3699 4100 oflieii,
3723 4052 3954 4108 vespere

2344 4115 2396 4168 in
2425 4117 2776 4171 scaccltorum
2832 4121 3072 4174 vanitate
3128 4122 3420 4186 colludere,
3463 4134 3517 4178 et
3571 4108 3794 4181 manum
3842 4128 3951 4183 Do-

2345 4206 2528 4260 tttinici
2581 4210 2828 4274 corporis
2857 4209 3200 4274 oblatricem,
3249 4210 3492 4284 linguam
3521 4216 3662 4271 inter
3698 4217 3865 4274 Deunt
3897 4229 3954 4276 et

2342 4298 2600 4368 populum
2653 4302 3052 4368 mediatricem,
3112 4306 3362 4377 sacrilegi
3413 4306 3630 4364 ludibrii
3687 4314 3958 4367 contami-

2343 4391 2562 4445 natione
2588 4391 2842 4446 ftedare?
2890 4393 3196 4449 Praesertim
3250 4412 3372 4450 cum
3397 4401 3661 4456 canonica
3691 4403 3953 4459 decernat

2346 4483 2666 4548 auctoritas,
2696 4494 2755 4536 ut
2781 4483 3052 4539 aleatores
3073 4488 3314 4556 episcopi
3342 4490 3700 4557 deponantur.
3730 4493 3797 4548 Et
3817 4496 3952 4563 quid

2347 4573 2566 4642 prodest
2593 4574 2660 4636 ei,
2686 4590 2845 4644 quem
2872 4576 3168 4632 efﬁcaciter
3189 4580 3488 4636 auctoritas
3512 4583 3753 4648 damnat,
3779 4589 3948 4641 etiam

2345 4661 2389 4715 si
2411 4661 2673 4728 judicium
2702 4666 3044 4722 extrinsecus
3069 4651 3196 4722 ’11011
3242 4671 3483 4725 accedat.
3535 4672 3628 4728 llle
3663 4683 3844 4728 autem
3876 4692 3948 4730 ex

2345 4751 2660 4806 diversitate
2706 4755 3009 4819 nominum,
3063 4758 3396 4814 defensionis
3423 4763 3524 4816 sibi
3565 4755 3775 4819 fat-iens
3823 4782 3950 4820 scu-

2344 4851 2480 4906 tum.
2531 4845 2641 4897 ait:
2676 4846 2819 4900 aliud
2850 4849 3146 4903 seaccltum
3201 4867 3345 4916 esse,
3371 4853 3514 4907 aliud
3559 4854 3754 4908 aleam.
3785 4857 3954 4913 Aleas

2341 4949 2470 5003 ergo
2527 4939 2822 4992 auctoritas
2872 4939 2961 4993 illa
3026 4943 3325 5009 prohibuit,
3385 4946 3643 5000 scacchos
3689 4962 3817 5000 vero
3866 4959 3952 5002 ta-

2340 5025 2513 5079 cendo
2533 5030 2822 5083 concessit.
2858 5030 2939 5084 Ad
2962 5034 3102 5100 quod
3128 5048 3228 5103 ego
3255 5051 3267 5086 :
3320 5032 3642 5100 Scacchum,
3694 5037 3947 5108 inquam,

2343 5120 2620 5189 Scriptura
2651 5136 2757 5175 nun
2786 5124 2936 5191 petiit
2963 5141 2977 5189 ;
3006 5125 3098 5179 sed
3147 5127 3429 5196 utriusque
3464 5127 3573 5182 ludi
3615 5145 3786 5200 genus
3809 5132 3947 5187 alea:

2345 5211 2565 5265 nomine
2594 5214 3033 5282 comprehendit.

2416 5320 2754 5390 Quapropter
2783 5324 2908 5377 dum
2959 5325 3076 5378 alea
3122 5327 3462 5395 prohibetur,
3515 5339 3569 5384 et
3619 5331 3945 5387 nominatim

2343 5413 2409 5464 de
2439 5413 2668 5468 scaccho
2690 5414 2824 5467 nihil
2848 5414 3064 5479 dicitur,
3091 5426 3305 5476 constat
3331 5421 3515 5490 procul
3544 5422 3709 5478 dubio
3731 5435 3942 5480 utrum.

2343 5520 2446 5572 qne
2469 5520 2637 5574 genus
2673 5519 2781 5560 uno
2813 5509 3076 5564 vocabulo
3104 5516 3585 5580 comprehensum.
3615 5518 3776 5573 unius
3817 5533 3944 5572 sen-

2342 5596 2526 5649 tentia:
2568 5598 2834 5651 auctoriza
2865 5614 2896 5652 e
2936 5599 3278 5658 damnatum.
3331 5601 3484 5660 Tunc
3531 5607 3640 5666 ille,
3693 5617 3749 5660 ut
3794 5608 3943 5661 mitis

2340 5697 2422 5740 eSt
2446 5686 2632 5750 animi,
2657 5689 2985 5758 perspicacis
3011 5691 3235 5762 ingenii.
3261 5694 3486 5750 redditis
3511 5697 3813 5751 rationibus
3841 5699 3942 5751 hn-

2343 5774 2544 5830 ntiliter
2572 5778 2862 5847 acquievit,
2887 5779 3102 5850 culpam
3132 5783 3440 5841 nullatenus
3464 5785 3764 5842 iterandam
3789 5796 3942 5843 certa

4837 6211 5173 6415 ἀ
