5664 6664
119 6430 965 6664 -μ

2137 476 2242 533 455

2596 476 2653 531 8.
2693 475 2895 532 PETRI
2935 472 3216 530 DAMIANI
3254 472 3405 529 OPP.
3445 473 3679 531 TOMUS
3719 475 3845 531 SEU
3888 476 4066 531 PARS
4102 475 4184 532 Ill.
4212 508 4275 517 —-
4317 473 4682 533 OPUSCULA
4722 473 4949 531 VARIA.

5324 476 5345 490 ,.

5324 476 5345 490 ..

5283 474 5382 531 ιυσ

2130 587 2519 659 pollicitatione
2566 586 2867 643 constituit;
2917 584 3122 655 injungi
3174 585 3281 639 sibi
3323 586 3696 655 paenitentiam
3728 600 3773 653 Α
3874 588 4029 649 Ecce.
4076 588 4437 653 dilectissimi,
4488 589 4612 642 dum
4649 586 4918 641 uberioris
4965 590 5114 641 vobis
5168 590 5380 658 alloquii

2131 682 2441 750 postulavit.
2475 678 2569 733 Cui
2597 692 2720 731 mox
2764 678 2995 747 prazcepi
3047 684 3107 729 ut
3133 684 3218 729 ter
3249 678 3562 744 psalterium
3592 692 3707 729 me-

2129 768 2347 825 ditando
2381 778 2740 838 percurreret,
2786 782 2850 820 ac
2878 766 3160 822 duodecim
3202 780 3499 835 pauperum
3545 766 3709 836 pedes

2128 861 2227 916 sub
2259 861 2480 915 totidem
2507 860 2892 914 numismatum
2920 861 3234 928 erogatione
3269 873 3565 926 eorumque
3618 844 3705 911 Fc-

2127 951 2399 1007 creatione
2425 952 2648 1006 lavaret.
2698 950 2812 1004 Hac
2837 950 3046 1003 scilicet
3078 950 3289 1004 ratione
3318 957 3623 1017 perspecta,
3652 958 3709 1002 ut

2133 1043 2389 1112 quoniam
2445 1044 2557 1098 haec
2592 1041 2747 1112 culpa
2788 1057 2909 1096 cum
2963 1042 3208 1095 manibus
3264 1040 3622 1109 potissimum,
3655 1048 3709 1091 et

2129 1150 2377 1190 sermone
2396 1134 2769 1199 committitur,
2803 1132 3032 1187 lavando
3056 1146 3351 1201 pauperum
3374 1132 3556 1199 pedes,
3584 1144 3708 1183 suas

2127 1226 2303 1295 potius
2328 1240 2358 1278 a
2406 1224 2575 1294 culpae
2624 1224 2871 1294 contagio
2900 1236 3097 1284 manus
3132 1220 3374 1273 ablueret
3403 1237 3416 1272 :
3448 1230 3502 1273 et
3529 1219 3709 1288 impri-

2129 1330 2283 1371 mens
2318 1315 2508 1370 alienis
2537 1316 2777 1385 vestigiis
2800 1329 2915 1377 ora,
2942 1308 3128 1382 pacem
3161 1311 3260 1365 sibi
3294 1326 3416 1364 cum
3458 1312 3702 1375 Domino,

2125 1422 2279 1475 quem
2308 1422 2403 1476 per
2430 1404 2634 1459 ﬂendos
2662 1404 2817 1471 jocos
2844 1385 3165 1467 oﬂ‘end‘erat,
3205 1402 3545 1456 reformaret.
3592 1401 3704 1456 llnc

2124 1504 2302 1551 autem
2340 1495 2588 1557 diximus,
2640 1491 2806 1565 454
2850 1502 2910 1546 ut
2942 1509 3104 1563 quam
3136 1493 3499 1553 inhonestum,
3543 1507 3702 1561 quam

2123 1584 2413 1643 absurdum
2444 1624 2459 1649 ,
2497 1600 2656 1654 quam
2704 1586 2938 1654 denique
2986 1585 3191 1639 {uadum
3244 1586 3314 1639 sit
3353 1586 3463 1639 boe-
3508 1585 3561 1637 in
3614 1601 3703 1639 sa-

2122 1674 2341 1727 cerdote
2399 1672 2692 1728 ludibrium
2723 1714 2737 1739 ,
2771 1688 2835 1727 ex
2886 1672 3111 1729 alterius
3174 1671 3552 1727 emendatione
3608 1689 3704 1727 no-

2120 1771 2319 1818 satur.

2195 1847 2481 1915 Praeterea,
2526 1847 2886 1915 dilectissimi,
2925 1859 2983 1905 ut
3010 1852 3076 1907 ad
3109 1853 3161 1907 id
3193 1852 3410 1907 redeam
3470 1867 3566 1923 pro
3592 1868 3699 1924 quo

2121 1942 2364 2012 Scribere
2401 1944 2500 1995 ista
2531 1942 2807 2013 proposui,
2855 1943 3022 1997 nolite
3062 1944 3191 1997 mihi
3241 1944 3307 1997 de
3355 1953 3551 1998 cartero
3581 1959 3700 1999 esse
3735 1942 3775 2001 Β

2121 2032 2354 2096 molesti,
2395 2042 2452 2086 ut
2485 2032 2683 2101 quietis
2712 2043 2948 2102 portum,
2980 2033 3031 2086 in
3084 2048 3244 2101 quem
3278 2049 3306 2085 a
3341 2032 3557 2086 Christo
3606 2047 3703 2101 per

2122 2138 2218 2177 vos
2240 2124 2575 2193 gubernante
2608 2124 2847 2193 relapsus
2895 2139 3037 2187 sum,
3071 2123 3340 2187 descram,
3365 2133 3420 2175 et
3450 2138 3703 2192 spuman-

2123 2222 2205 2266 tes
2234 2214 2589 2282 procellarum
2612 2214 2879 2278 cumulos,
2903 2212 3210 2283 confragola
3234 2212 3523 2274 volumina,
3557 2210 3703 2280 Scyl-

2122 2303 2271 2356 laeam
2287 2305 2593 2373 voraginem
2611 2304 2784 2357 denuo
2795 2302 3005 2357 sulcare
3018 2300 3340 2357 contendam
3356 2301 3488 2371 (l7).
3506 2301 3703 2366 Quam-

2124 2392 2202 2445 vis
2228 2393 2369 2445 enim
2400 2407 2500 2463 ego
2531 2392 2715 2456 miser,
2747 2402 2801 2446 et
2830 2391 2921 2445 ille
2951 2391 3021 2445 sit
3066 2400 3327 2454 sanctus;
3361 2390 3488 2457 quia
3524 2398 3701 2441 tamen

2120 2498 2218 2552 par
2248 2485 2802 2554 mihiquodammodo
2833 2498 2956 2538 cum
2994 2481 3241 2536 Samuele
3269 2482 3338 2534 sit
3361 2495 3522 2533 causa
3550 2477 3697 2549 (Reg.

2122 2587 2234 2636 vm,
2297 2574 2418 2641 16),
2474 2589 2581 2628 non
2632 2575 2816 2642 dispar
2863 2582 3147 2644 promatur
3194 2586 3355 2641 super
3413 2580 3701 2640 utrumque

2119 2666 2402 2720 sententia.
2433 2665 2525 2720 llle
2562 2666 2824 2735 siquidem
2864 2665 3201 2735 principatus
3249 2663 3488 2718 deseruit
3525 2662 3701 2731 digni-

2124 2762 2308 2820 tatem,
2336 2756 2502 2810 David
2540 2766 2715 2810 tamen
2747 2757 2901 2810 unxit
2945 2756 2997 2810 in
3042 2756 3358 2825 principem.
3407 2753 3512 2809 Nos
3535 2754 3698 2808 etiam

2120 2848 2186 2903 ad
2210 2847 2326 2915 ejus
2375 2848 2711 2916 exemplum,
2747 2847 3050 2916 apostolicae
3090 2846 3254 2910 sedis,
3297 2855 3517 2900 auctore
3567 2846 3694 2906 Deo.

2118 2938 2366 3006 cupimus
2393 2937 2699 3007 pontificem
2729 2939 3007 3003 ordinare,
3044 2953 3107 2991 ac
3146 2938 3387 3007 protinus
3414 2953 3443 2990 a
3494 2937 3693 3007 proprii

2120 3025 2463 3095 pontiﬁcatus
2490 3014 2615 3080 arce
2638 3025 2908 3081 recedere.

2191 3153 2302 3223 (l7)
2340 3154 2549 3209 Attudit
2572 3155 2638 3209 ad
2663 3168 2857 3208 munus
2882 3153 3092 3209 cardiu.
3114 3169 3201 3223 ep.
3225 3150 3341 3208 Ost.

3813 678 3974 732 verba
4018 680 4282 747 protraxi,
4336 679 4640 747 epistolaris
4694 674 4929 747 regulam
4983 677 5263 732 brevitatis
5304 677 5379 733 of-

3814 769 3975 822 fendi.
4008 768 4063 823 Si
4091 772 4215 839 quis
4266 770 4428 840 igitur
4474 785 4561 823 me
4590 769 4862 823 laciniosa
4911 767 5036 823 velit
5065 768 5380 838 prolixitatis

3810 874 4057 929 arguere,
4104 870 4295 930 arguat
4324 860 4499 930 potius
4544 859 4911 933 impatientem
4957 858 5155 913 silentii
5200 858 5377 913 chari-

3812 962 4009 1006 tatem:
4057 968 4157 1007 nec
4182 954 4413 1023 ignoret,
4441 952 4565 1020 quia
4600 952 4705 1005 illic
4736 961 4817 1005 est
4863 952 5135 1006 succincta
5163 951 5378 1021 prolixi-

3811 1052 3912 1105 tas,
3939 1041 4029 1096 ubi
4057 1038 4134 1097 sic
4164 1044 4289 1114 styli
4319 1042 4587 1098 currentis
4619 1041 4853 1111 scriptor
4896 1042 5135 1096 extendit
5177 1042 5377 1096 articu-

3809 1132 3939 1197 lum,
3997 1141 4055 1186 ut
4085 1143 4265 1187 tamen
4314 1142 4484 1188 totum
4529 1131 4672 1201 pleni
4732 1132 4966 1202 pectoris
5011 1147 5114 1186 non
5154 1131 5379 1200 explicet

3808 1234 4013 1279 votum.
4052 1224 4390 1294 Stephanum
4448 1239 4679 1293 quoque,
4714 1238 4873 1293 quem
4918 1223 5057 1277 inter
5098 1222 5295 1292 primos
5324 1224 5375 1277 in

3807 1328 3986 1371 mente
4023 1326 4295 1387 gestamus
4346 1318 4568 1384 amicos,
4621 1317 4673 1371 in
4722 1316 4961 1386 epistolae
4994 1316 5141 1371 calce
5184 1316 5378 1369 subne-

3805 1409 4023 1473 ctimus,
4046 1419 4214 1478 utque
4245 1408 4504 1463 memoris
4549 1423 4656 1465 non
4686 1409 4757 1462 sit
4797 1407 5079 1461 immemor
5134 1404 5377 1461 obsecra-

3806 1516 3944 1554 mus.
3976 1500 4064 1554 llle
4094 1500 4351 1553 miserum
4382 1499 4603 1554 Petrum
4630 1499 4695 1554 de
4734 1499 4982 1552 manibus
5024 1504 5178 1551 eruat
5200 1495 5375 1549 Hilde-

3806 1589 4019 1655 hrandi,
4054 1589 4120 1642 ad
4153 1588 4307 1659 cujus
4357 1588 4644 1660 imperium
4669 1601 4863 1658 magno
4890 1586 5048 1641 Petro
5067 1584 5239 1655 patuit
5259 1596 5373 1637 car-

3804 1694 3897 1733 cer
3922 1678 4169 1733 Herodis.

4444 1776 4724 1873 scaeua

3876 1909 4021 1962 Illud
4048 1909 4203 1963 etiam
4234 1926 4337 1963 non
4381 1910 4627 1963 dissimili
4651 1910 4866 1977 dignum
4906 1906 5105 1977 videtur
5135 1917 5242 1977 esse
5265 1900 5370 1977 for-

3808 1979 4001 2031 midine
4038 1982 4176 2049 quod
4220 1981 4461 2047 religioso
4505 1970 4731 2047 quodnon
4782 1970 4996 2031 Pisam
5024 1975 5251 2049 direccsis
5277 1972 5369 2024 ub-

3810 2050 3944 2111 bute,
3985 2042 4089 2104 etc.
4139 2050 4193 2103 ld
4229 2042 4371 2117 quod
4415 2042 4661 2101 hoc'loco
4697 2057 4915 2101 sanctus
4942 2042 5368 2117 cardiualispar-

3812 2130 3891 2191 rat
3924 2112 4367 2191 dequodam'Dei
4399 2134 4555 2191 servo
4598 2118 4823 2175 incluso,
4856 2117 4945 2183 qui
4975 2125 5028 2168 et
5056 2112 5369 2191 prmviderat

3810 2184 4136 2253 incendium,
4160 2206 4265 2257 quo
4294 2192 4343 2242 in
4370 2189 4499 2243 cella
4532 2204 4625 2243 sua
4654 2198 4877 2259 exustus
4918 2192 5019 2259 est,
5046 2184 5161 2259 hoc
5198 2184 5365 2259 ipsum

3810 2260 3941 2311 mihi
3989 2248 4198 2312 videtur
4244 2260 4387 2329 quod
4448 2259 4717 2311 Mariauus
4767 2257 4961 2329 Scelus
5007 2248 5368 2329 ltisce_ve[bi3

3807 2332 4070 2449 chressit
4101 2319 4318 2395 (Chron.
4367 2330 4402 2382 1.
4452 2344 4535 2391 ttt,
4566 2337 4710 2381 aetat.
4747 2344 4818 2389 vt,
4875 2326 4974 2379 sub
5002 2319 5364 2403 ann...1058).:

3812 2414 3829 2447 ς
3912 2400 4205 2449 odelbrunu
4250 2400 4441 2449 cititas
4467 2414 4593 2449 cum
4625 2398 4832 2449 duobus
4860 2403 5197 2449 monasteriis
5233 2389 5364 2443 feria

3812 2414 3829 2447 ς
3872 2389 4205 2453 Podelbruna
4250 2400 4441 2455 cititas
4467 2389 4593 2452 cum
4625 2398 4832 2451 duobus
4860 2392 5197 2449 monasteriis
5233 2389 5365 2443 feria

3808 2479 3957 2520 sexta
4004 2481 4129 2522 ante
4181 2471 4393 2523 l’almas
4442 2471 4562 2538 igne
4592 2475 5045 2521 consumuntur.»
5077 2463 5131 2538 In
5176 2474 5363 2538 menso

3807 2539 3973 2591 sterio
3998 2548 4175 2591 autem
4208 2549 4321 2591 erat
4358 2530 4619 2591 Patérnus
4653 2537 4884 2595 nomine.
4918 2532 5209 2587 monachus
5237 2530 5367 2582 Sco-

3809 2617 3909 2667 tus,
3953 2610 4239 2675 multisque
4272 2608 4426 2661 annis
4481 2607 4737 2669 inclusus,
4793 2606 4884 2674 qui
4939 2604 5101 2675 etiam
5150 2598 5368 2653 combu-

3806 2678 4035 2731 stiunem
4084 2674 4496 2745 prénnntiabat,
4545 2678 4597 2729 in
4649 2693 4744 2730 sua
4793 2675 4924 2729 cella
4956 2674 5193 2727 ambiens
5234 2682 5371 2721 mar-

3812 2748 4032 2812 tyrium,
4062 2749 4375 2801 cmnbustus
4413 2758 4515 2800 est.
4542 2745 4695 2799 Feria
4740 2745 4975 2800 secunda
5003 2749 5122 2810 post
5158 2748 5370 2812 octavas

3808 2806 4045 2879 Paschae,
4074 2820 4263 2871 exiens
4290 2819 4355 2871 de
4372 2817 4619 2877 Colonia,
4651 2832 4811 2871 causa
4839 2806 5103 2887 orationis
5130 2806 5369 2887 eumdem

3805 2887 3982 2941 itfjlh‘l
4026 2888 4256 2952 visitavi,
4288 2889 4355 2942 ob
4398 2888 4537 2941 bona
4566 2902 4687 2955 quae
4731 2894 5021 2941 narrantur
5064 2882 5127 2935 de
5154 2882 5271 2946 ejus
5294 2888 5371 2929 se.

3805 2958 4009 3025 pulcro.

4124 3026 4199 3080 Sit
4227 3043 4411 3083 nomen
4437 3025 4651 3079 Domini
4681 3023 5004 3077 benedictum

2124 3302 5361 3351 W—W

2314 3445 2671 3520 “5‘56
2749 3470 3602 3585 OPUSCULUM
3664 3468 4468 3586 VICESIMUM
4555 3463 5146 3577 PRIMUM.

2817 3752 2831 3765 .
2862 3702 2965 3762 DE
3015 3699 3221 3761 FUGA
3268 3696 3778 3758 DIGNITATUM
3822 3689 4617 3755 ECCLESIASTICARUM

2122 3976 2519 4035 Ascensu'rnu.
2552 4004 2621 4017 -—
2648 3975 2977 4031 Monachum
3015 3975 3328 4045 quemdam,
3358 3973 3498 4043 quod
3531 3972 3745 4027 abbatis
3776 3986 3839 4045 se
3868 3970 4145 4045 dignitate
4181 3964 4507 4045 abdicasset,
4549 3971 4608 4016 ut
4640 3960 4983 4045 “prudentem.
5024 3959 5371 4045 vehementer

2193 4028 2575 4103 {dtﬁﬁie'nluiz
2632 4028 3417 4117 grav—irssitnasqtjtemolestias,
3446 4058 3653 4117 _curas,
3711 4028 4498 4117 sollicitudiues,_negotiorum
4548 4028 5132 4117 molesaetiperi‘eula‘,
5171 4028 5377 4117 quibus

2198 4102 2385 4171 eorum
2416 4118 2507 4185 qui
2541 4102 2887 4171 utoiiasteriis
2923 4102 3185 4185 przesunt,
3216 4117 3328 4169 vita
3377 4102 3574 4168 referta
3604 4102 3707 4185 est,
3736 4112 3817 4185 sic
3847 4110 3894 4185 ei
3930 4117 4056 4185 ante
4078 4102 4264 4161 odltlos
4309 4104 4583 4185 ponithut
4618 4102 4921 4185 hujusmotli
4944 4102 5374 4185 dignitati-Enen

2196 4167 2882 4255 modestiaappetendis:
2927 4167 3228 4240 sednctialn
3257 4167 3440 4255 quam
3475 4167 3707 4255 maxime
3760 4177 4048 4255 fugiendas
4080 4191 4224 4255 esse,
4260 4167 4432 4255 aperti

3142 4167 3228 4240 ain
3257 4167 3440 4255 quam
3475 4167 3707 4255 maxime
3760 4177 4048 4255 fugiendas
4080 4191 4224 4255 esse,
4260 4167 4617 4255 apertissime
4656 4167 4711 4255 et
4756 4167 5372 4255 verissirnléconcludat:

2196 4239 2495 4323 Superesse
2528 4239 2705 4309 tamen
2735 4239 2909 4310 eidem
2940 4239 3203 4309 monacho
3234 4239 3339 4308 non
3374 4253 3598 4308 minoris
3643 4239 3847 4323 negotii
3890 4248 4229 4323 provinciam
4260 4239 4479 4323 scribit,
4500 4253 4557 4295 ut
4606 4241 4925 4323 tentationes
4954 4239 5055 4323 sibi
5081 4254 5108 4291 a
5139 4239 5377 4323 daemone

2194 4306 2511 4396 inllrigenda‘s
2532 4306 2782 4395 (quivult
2796 4306 3435 4396 ﬁliai'pftitétiéiéim
3472 4323 3600 4377 facti
3620 4306 4009 4396 Δραέξιίιεξιιίὶτιιη
4040 4315 4289 4396 adducat,
4309 4306 4516 4396 _oinni_a
4549 4306 5377 4396 cenaturusres‘setlpropulsare

2196 4378 2378 4465 possiet
2416 4403 2471 4465 et
2508 4378 2785 4464 superare.
2818 4378 3053 4465 Proinde
3074 4378 3232 4465 illum
3264 4403 3473 4457 monet,
3510 4402 3585 4465 ut
3614 4378 3827 4465 fortiter
3852 4402 3910 4441 se
3955 4387 4203 4465 accingat
4254 4385 4321 4439 ad
4372 4384 4547 4437 hostis
4586 4383 4819 4451 impetus
4847 4378 5209 4448 excipiendos,
5237 4390 5303 4430 ue
5330 4378 5375 4429 si

2195 4457 2381 4521 contra
2408 4457 2597 4519 fecerit
2644 4465 2696 4518 in
2725 4464 3038 4519 ambitionis
3065 4462 3262 4519 ﬂuctus
3294 4479 3482 4517 rursus
3513 4461 3682 4517 relabi
3704 4472 3927 4514 necesse
3965 4457 4057 4511 sit.

2196 4641 2404 4696 Domno
2432 4640 2494 4695 Β.
2524 4639 2931 4710 religiosissime
2962 4640 3166 4704 abbati,
3198 4642 3419 4694 PE’IRUS
3444 4644 3698 4708 peccator
3724 4640 3769 4701 (ζ
3799 4630 3968 4695 baris,
3994 4628 4281 4685 nedomns
4309 4626 4403 4681 Dei
4431 4625 4570 4679 bona
4598 4624 4897 4692 diriperent
4932 4638 4946 4686 ;
5000 4621 5130 4676 istos
5172 4628 5373 4686 autem,

2124 4732 2423 4787 monachus
2450 4729 2644 4785 debita:
2682 4730 2959 4784 servitutis
2981 4730 3315 4798 obsequium.

2196 4824 2523 4879 Cltarissime
2564 4820 2746 4885 Pater,
2792 4820 2983 4890 dignas
3026 4820 3233 4874 auctori
3283 4821 3546 4875 bonorum
3590 4818 3698 4871 Deo

2127 4913 2327 4985 gratias
2382 4910 2590 4989 refero,
2638 4911 2727 4979 qui
2781 4919 2834 4963 te
2883 4924 2980 4978 per
3032 4924 3188 4964 suum
3230 4909 3475 4979 spiritum
3520 4906 3701 4960 docuit

2126 5003 2432 5075 periculoso
2474 5003 2576 5056 hoc
2613 5010 2853 5069 tempore
2902 5000 3109 5054 aridam
3154 5001 3360 5069 virgam
3390 5012 3539 5050 vana:
3566 5010 3701 5065 prte-

2127 5091 2344 5149 lationis
2389 5088 2648 5159 abjiccre,
2697 5098 2747 5141 et
2779 5090 2845 5142 ad
2876 5090 3140 5158 privatam
3175 5089 3369 5142 animat
3396 5094 3501 5139 ture
3528 5094 3703 5138 custo-

2128 5180 2272 5237 diam
2304 5180 2573 5249 expeditis
2602 5178 2878 5247 gressibus
2905 5177 3181 5234 feslinare.
3220 5176 3373 5231 Nunc
3400 5190 3529 5229 vere
3550 5187 3702 5229 meus

2129 5272 2300 5325 abbas
2323 5285 2441 5324 esse
2469 5269 2703 5339 cuspisti,
2736 5284 2862 5322 cum
2908 5280 3137 5335 prmesse
3169 5267 3289 5321 aliis
3311 5268 3540 5322 desiisti.
3566 5266 3703 5321 Ecce

2128 5362 2195 5417 de
2215 5362 2342 5431 jugo
2367 5360 2670 5431 multigenze
2693 5358 2967 5413 servitutis
3011 5368 3245 5427 ereptus,
3273 5359 3517 5429 ingenua:
3543 5357 3707 5411 liber-

2128 5452 2226 5507 tati
2274 5468 2331 5507 es
2375 5467 2470 5522 per
2524 5452 2617 5505 Dei
2660 5450 3087 5506 misericordiam
3124 5450 3422 5505 restitutus.
3475 5449 3703 5503 Servum

2129 5543 2271 5595 enim
2304 5549 2354 5595 te
2384 5540 2742 5606 saecularium,
2774 5554 2991 5595 servum
3034 5549 3086 5594 te
3125 5555 3245 5594 esse
3274 5555 3496 5596 necesse
3526 5540 3706 5594 fuerat

2135 5632 2299 5685 etiam
2352 5631 2762 5685 monachorum.
2812 5630 3029 5684 illorum
3067 5630 3352 5698 siquidem,
3398 5647 3466 5685 ne
3518 5646 3699 5685 mona-

2132 5724 2357 5777 sterium
2390 5723 2679 5789 lazderent;
2714 5725 2938 5777 istorum
2968 5738 3114 5788 vero,
3145 5738 3209 5777 ne
3251 5723 3344 5777 tibi
3380 5724 3703 5793 cormpirata:

2132 5808 2382 5867 factionis
2420 5812 2727 5868 scandalum
2760 5821 3107 5883 generarent.
3162 5812 3284 5867 lllos
3316 5827 3507 5881 nempe
3554 5826 3703 5865 vere-

3804 4737 3870 4775 ne
3893 4718 4206 4774 domesticae
4232 4716 4513 4771 seditionis
4538 4715 4823 4771 adversum
4858 4724 4910 4766 te
4940 4710 5216 4766 machinas
5242 4724 5376 4764 con-

3804 4810 4114 4863 cinnarent.
4144 4807 4209 4859 Et
4227 4807 4350 4861 dum
4378 4821 4540 4859 unum
4569 4812 4728 4873 caput
4753 4812 4831 4857 tot
4857 4800 5088 4855 dominis
5110 4799 5372 4861 subditur,

3804 4902 3985 4956 infelix
4019 4900 4196 4954 anima
4252 4898 4531 4970 multiplici
4565 4898 4959 4968 quodammodo
5003 4904 5191 4950 catena
5241 4908 5376 4947 con-

3806 4996 4097 5063 stringitur
4139 5008 4207 5048 ne
4258 4992 4535 5048 Creatoris
4590 4994 4670 5046 sui
4720 4989 4949 5060 vestigia
4996 4997 5372 5058 prosequatur.

3806 5086 3923 5151 Dic,
3981 5086 4165 5148 Pater,
4220 5084 4327 5149 die,
4379 5084 4623 5152 iuquarn,
4674 5080 4925 5135 videlicet
4969 5086 5029 5131 ut
5082 5084 5374 5145 expertus:

3808 5180 3929 5247 quis
3966 5185 4149 5247 potest
4180 5176 4281 5230 hoc
4308 5174 4486 5230 ferreo
4514 5172 4710 5227 saeculo
4734 5167 5118 5225 monasterium
5145 5166 5262 5220 sine
5296 5163 5375 5219 sui

3808 5270 4004 5338 capitis
4034 5264 4272 5337 periculo
4305 5280 4493 5335 regere
4526 5262 4551 5315 7
4592 5263 4702 5316 imo
4737 5260 4859 5329 quis
4898 5265 5073 5329 potest
5122 5270 5241 5309 cum
5285 5256 5377 5307 ah-

3808 5360 3953 5422 bate,
4001 5355 4160 5413 simul
4207 5363 4263 5410 et
4313 5354 4636 5409 monaelnun
4684 5348 5005 5419 possidere?
5056 5345 5175 5400 Mox
5213 5343 5372 5403 enim,

3810 5458 3867 5503 ut
3891 5448 4017 5519 quis
4047 5446 4217 5501 abbas
4247 5446 4362 5501 ﬁeri
4420 5445 4628 5513 incipit,
4670 5440 4965 5497 monachus
4992 5452 5111 5493 esse
5133 5434 5338 5490 desistit
5362 5470 5377 5488 .

3810 5549 3863 5596 et
3908 5539 4226 5609 quicunque
4278 5535 4622 5591 abbatizandi
4670 5532 4883 5587 culmen
4938 5525 5211 5597 elllagitat,
5249 5521 5378 5577 nihil

3809 5630 4092 5694 estaliud,
4134 5626 4236 5683 nisi
4285 5626 4431 5695 quod
4485 5622 4806 5680 monachum
4857 5620 5002 5673 velut
5046 5613 5379 5685 importabile

3811 5720 4021 5791 pondus
4066 5714 4260 5786 qucrit
4311 5714 4567 5783 abjiccre,
4617 5722 4672 5768 et
4722 5726 4790 5766 ne
4827 5716 5067 5778 apostata
5115 5704 5375 5791 videatur,

3814 5812 3914 5867 sub
3942 5808 4125 5866 fucato
4159 5822 4219 5863 se
4266 5806 4378 5862 vult
4421 5805 4603 5862 colore
4648 5802 4925 5874 regimiuis
4953 5796 5193 5868 palliare.
5216 5790 5375 5847 Vide-
