5664 6628
632 416 728 473 137

1392 416 1643 474 OPUSt‘.
1687 415 1827 470 XXI.
1864 444 1932 453 ——
1970 414 2059 469 DE
2101 414 2285 471 ΡΙ]οΑ
2324 412 2756 470 ΒΙΟΜΤΑἹἭΜ
2798 411 3081 465 ECCLES.

3780 404 3886 477 tas

635 528 751 597 licet
775 538 830 583 ut
875 528 1045 598 possit
1085 526 1252 597 latere
1302 537 1607 597 peceatum,
1654 525 1986 595 praelationis
2036 537 2187 592 qute-
2218 529 2268 586 Α
2294 520 2495 576 Christi
2522 518 2772 573 militiam
2794 526 3107 573 exsecratur
3126 514 3349 569 ulterius
3371 511 3650 579 baiulare?
3678 519 3731 563 et
3759 511 3890 584 dum

630 619 763 689 ritur
785 627 1164 691 argumentum
1195 632 1212 688 ;
1247 625 1303 671 et
1347 617 1538 671 vitiosa
1588 617 1729 670 cutis
1777 612 2063 684 pastoralis
2111 611 2193 667 of-

634 708 731 764 ficii
772 709 1173 778 superducitur,
1226 718 1286 762 ut
1322 722 1594 777 perversae
1644 708 1845 762 mentis
1882 706 2037 776 plaga
2069 720 2191 759 cum

631 790 784 855 \irosi
819 800 970 867 puris
1020 798 1287 861 fetoribus
1334 800 1655 854 oceultetur.
1703 798 1910 865 Quibus
1937 796 2211 859 niinlrum‘

626 898 743 958 apte
784 891 1032 962 congruit
1087 888 1216 944 illud
1265 890 1638 961 evangelicum
1671 906 1683 941 :
1728 906 1747 951 ι
1785 887 1878 944 Va:
1907 888 2082 957 vobis,
2115 886 2195 940 in-

624 976 755 1045 quit,
786 979 909 1047 quia
944 978 1151 1034 similes
1178 980 1313 1035 estis
1349 979 1615 1049 sepulcris
1639 978 1928 1041 dealbatis,
1966 991 2086 1046 qua:
2117 966 2225 1035 fon-1

628 1069 697 1121 ris
742 1069 957 1139 quidem
1018 1079 1288 1141 apparent
1344 1071 1656 1146 hominibus
1705 1070 1999 1140 speciosa;
2051 1070 2197 1123 intus

623 1166 792 1215 autem
822 1158 981 1231 plena
1006 1169 1133 1214 sunt
1158 1160 1371 1218 ossibus
1398 1172 1762 1226 mortuorum,
1793 1169 1847 1231 et
1872 1161 2021 1215 omni
2041 1174 2198 1234 spur:-

620 1248 740 1310 citia
771 1244 981 1317 (Matth.
1008 1251 1187 1319 unt).
1210 1270 1229 1303 ι

1124 1338 1351 1395 CAPUT
1385 1338 1679 1404 PRIMUM.

716 1424 867 1492 Quod
898 1428 1200 1493 animarum
1224 1440 1483 1496 rectorum
1516 1431 1709 1494 misera
1739 1434 1806 1497 sit
1833 1433 2085 1503 conditio.

682 1516 998 1593 Prtecipitur
1020 1519 1301 1574 monacho.
1330 1529 1389 1575 ut
1415 1522 1680 1575 moriatur
1710 1524 1933 1587 nmndo,
1971 1524 2065 1577 sed
2088 1539 2194 1593 qua

619 1608 822 1677 ratione
849 1612 958 1667 hoc
992 1609 1166 1684 abbas
1217 1611 1497 1681 adimplet,
1548 1612 1642 1683 qui
1694 1620 1773 1675 tot
1816 1628 2070 1691 curarum
2100 1602 2197 1667 tu-

620 1699 865 1755 multibus
892 1701 1180 1769 premitur,
1213 1709 1290 1754 tot
1314 1702 1653 1769 negotiorum
1684 1702 2024 1763 saecularium
2074 1717 2196 1772 per—

618 1786 950 1855 pletionibus
974 1787 1315 1843 innodatur?
1347 1787 1449 1856 Qui
1491 1788 1633 1845 diem
1683 1788 1974 1859 loquendo,
2005 1800 2061 1845 et
2110 1791 2191 1846 di-

2289 610 2476 689 jugum
2501 608 2724 670 Christi,
2759 608 2903 676 quod
2954 606 3140 673 utique
3187 618 3356 655 suave
3404 608 3488 655 est
3538 600 3755 670 (Matth.
3785 600 3887 684 ιι)τ

2298 714 2479 763 tenera
2511 703 2725 759 cervice
2755 708 2971 771 portate
3002 699 3292 762 detrectat,
3322 698 3388 751 ad
3419 693 3731 755 refectionis
3771 694 3890 765 ejus

2298 795 2611 849 convivium
2662 807 2767 857 non
2820 789 3045 859 aspirat.
3093 788 3224 854 Qua:
3254 787 3510 849 nimirum
3545 785 3768 840 refectio
3806 786 3891 839 his

2297 885 2367 939 ab
2397 885 2512 955 ipso
2542 882 2803 939 Veritatis
2846 897 2940 937 ore
2990 878 3343 948 promittitur,
3380 877 3471 945 qui
3508 875 3610 930 sub
3639 875 3755 944 ejus
3782 874 3886 931 levi

2295 988 2461 1028 onere
2490 988 2598 1026 non
2643 971 2914 1025 lassantur
2947 986 2960 1020 :
3001 988 3018 1018 ι
3048 966 3261 1031 Venite,
3294 966 3487 1034 inquit,
3539 964 3603 1017 ad
3650 980 3757 1031 me,
3797 966 3891 1035 qui

2298 1064 2599 1127 laboratis,
2649 1072 2703 1117 et
2749 1060 2959 1115 onerati
3010 1059 3185 1123 estis,
3238 1065 3292 1111 et
3345 1069 3447 1127 ego
3500 1069 3599 1109 vos
3646 1056 3890 1111 reficiam

2299 1152 2511 1224 (Ibid).
2544 1170 2569 1208 i

2301 1238 2305 1243 ⁷
2365 1244 2643 1299 Caeterum
2668 1242 2761 1309 qui
2790 1248 2914 1295 ante
2942 1238 3257 1294 missionem
3289 1237 3523 1291 militare
3542 1235 3657 1297 vult
3681 1235 3888 1296 solvere

2296 1332 2598 1405 cingulum,
2630 1332 2697 1386 ad
2729 1345 2977 1400 superna:
3003 1327 3192 1397 patriae
3222 1341 3328 1381 non
3358 1336 3597 1387 meretur
3625 1326 3892 1394 attingrre

2300 1424 2723 1494 municipatum;
2756 1429 2811 1474 ct
2841 1420 2926 1473 cui
2956 1417 3140 1489 gravis
3168 1427 3253 1472 est
3282 1431 3477 1485 pugna,
3506 1431 3787 1489 ιιιιιπιιιειιιι
3816 1414 3892 1467 illi

2299 1501 2540 1567 victoriae
2568 1510 2769 1582 poterit
2794 1508 3082 1580 provenire
3110 1521 3332 1561 corona.
3368 1505 3457 1559 Ille
3479 1506 3775 1575 pra'cipne,
3798 1505 3895 1573 qui

2296 1617 2357 1659 nt
2382 1604 2624 1667 laborem
2652 1602 2859 1662 militia:
2890 1601 3079 1673 fugiat,
3112 1600 3176 1654 ad
3220 1599 3466 1670 ejusdem
3494 1599 3701 1654 militiae
3725 1600 3893 1670 duca.

2300 1702 2413 1751 tum
2444 1694 2721 1748 inhianter
2747 1691 2999 1758 anhelat;
3050 1692 3289 1761 dumque
3321 1691 3429 1745 dux
3476 1691 3599 1746 belli
3628 1705 3748 1746 esse
3794 1692 3898 1746 bus

2300 1784 2477 1839 manis
2512 1784 2686 1841 oculis
2725 1783 2987 1847 cernitur,
3030 1783 3085 1837 in
3134 1790 3429 1851 conspectu
3467 1782 3665 1837 occulti
3698 1783 3894 1838 arbitri

618 1892 763 1934 versa
797 1876 1414 1948 tractando‘continuat,
1466 1890 1688 1945 noctem
1735 1883 2077 1955 consiliaudo
2111 1883 2192 1953 di~
2223 1872 2268 1933 Β
2296 1870 2613 1957 "talenti"?
2636 1872 2855 1939 ιηηεΐιιὲ

1660 1899 1688 1945 η
1735 1883 2077 1955 command.)
2111 1883 2192 1953 dri-
2223 1872 2268 1933 B
2296 1870 2613 1957 malefidus‘
2636 1872 2916 1943 transfuga
2948 1871 3239 1945 iudicatur.
3296 1871 3457 1940 Fugit
3495 1872 3645 1926 enim
3684 1872 3802 1942 qui.
3837 1881 3897 1947 ut

620 1968 840 2022 midiat?
886 1970 990 2037 Qui
1024 1985 1167 2035 \cum
1215 1972 1337 2037 aliis
1366 1972 1640 2042 complere
1667 1988 1774 2027 non
1820 1982 1995 2040 curat,
2028 1982 2194 2043 atque

617 2058 676 2110 ad
704 2059 1029 2128 explendum
1073 2060 1261 2131 prima:
1292 2063 1516 2133 synaxis
1551 2061 1810 2136 oﬂicium,
1841 2063 1970 2118 solis
2013 2061 2192 2118 oftum

615 2162 819 2217 semper
841 2151 1105 2220 anticipat
1132 2168 1145 2204 :
1177 2159 1231 2205 et
1268 2166 1391 2207 cum
1426 2163 1729 2208 conventus
1768 2153 1998 2211 fratrum
2029 2154 2195 2209 silen-

615 2236 741 2290 tium
771 2240 1136 2294 communiter
1163 2242 1361 2307 solvit;
1398 2242 1487 2298 ille
1516 2244 1655 2299 inter
1682 2260 1777 2299 eos
1808 2261 2082 2315 nunquam
2107 2261 2195 2300 sa-

616 2326 766 2383 livam
797 2330 1067 2401 virginem
1098 2342 1277 2401 portat
1318 2334 1339 2386 ?
1392 2332 1503 2405 Nec
1534 2335 1604 2407 ad
1656 2335 2039 2409 proferendum
2079 2334 2191 2404 jam

615 2416 881 2472 caelestem
935 2434 1248 2476 sermonem
1309 2422 1502 2476 idonea
1550 2426 1787 2494 suppetit
1839 2426 2039 2494 lingua,
2073 2443 2193 2495 qua:

610 2507 755 2585 prius
782 2520 864 2563 est
893 2518 1004 2563 tam
1033 2510 1258 2580 prolixis
1290 2520 1521 2569 terrena:
1556 2514 1847 2572 locutionis
1876 2517 2191 2587 ambagibus

614 2596 881 2663 dissoluta.

683 2689 843 2745 Porro
872 2708 997 2761 cum
1030 2693 1325 2751 monachus
1340 2695 1598 2765 iubeatur
1617 2696 1671 2749 in
1697 2697 1799 2752 hoc
1824 2698 2027 2753 mundo
2058 2700 2189 2752 nihil

618 2788 876 2844 appetere,
907 2780 984 2834 nil
1016 2795 1239 2849 prorsus
1265 2773 1509 2853 ambire;
1542 2786 1671 2852 quid
1712 2787 1779 2855 die
1809 2789 2074 2841 monacho
2103 2790 2190 2842 ille

618 2864 775 2918 abbas
803 2866 989 2929 habet.
1035 2883 1195 2936 quem
1226 2870 1477 2925 videmus
1505 2872 1652 2925 velut
1683 2874 1890 2927 :etnaais
1936 2885 2191 2929 eructan-

617 2958 717 3019 tem
754 2944 1015 3021 ﬂammis,
1066 2960 1308 3012 avaritia:
1344 2960 1573 3024 facibus,
1618 2960 1780 3032 457
1816 2964 2186 3029 inardescere,

614 3042 927 3123 prandiorum
960 3046 1192 3099 confinia
1221 3046 1372 3099 dilat:
1392 3061 1467 3113 re,
1494 3046 1747 3116 pecunias
1772 3049 1899 3105 hinc
1924 3051 2046 3103 inde
2065 3067 2188 3105 cum

616 3136 754 3191 tanta
778 3132 1037 3187 aviditate
1067 3133 1339 3203 colligere,
1361 3136 1427 3189 ad
1454 3136 1629 3191 aliena
1660 3139 2027 3207 conquirenda
2063 3143 2191 3195 totis

2292 1977 2489 2031 revera
2518 1963 2792 2037 pugnandi
2822 1962 3002 2027 valeat
3025 1963 3200 2032 vitare
3229 1963 3555 2033 periculum,
3587 1966 3810 2019 simulat
3833 1982 3897 2021 se

2298 2053 2635 2122 antesignani
2682 2053 2799 2107 vice
2838 2052 3186 2121 specietenus‘
3226 2061 3444 2121 portare
3490 2053 3742 2111 vexillum
3786 2069 3809 2109 :'
3840 2064 3898 2112 et

2294 2142 2389 2211 qui
2422 2140 2564 2196 inter
2594 2150 2845 2197 catervas
2881 2141 3112 2203 militum
3141 2156 3247 2196 non
3280 2153 3493 2213 poterat
3524 2144 3623 2208 ire,
3659 2146 3741 2200 vel
3773 2145 3901 2200 ulti-

2296 2246 2416 2283 mus
2445 2230 2783 2299 principandi
2826 2231 3098 2287 desiderio
3137 2230 3250 2299 jam
3280 2224 3335 2284 in
3370 2233 3693 2301 praecedenti
3723 2250 3897 2292 corna

2292 2322 2538 2390 cernitur
2562 2322 2887 2399 primipilus.
2919 2322 3108 2377 Infelix
3156 2341 3262 2378 non
3301 2324 3430 2377 illud
3462 2326 3530 2379 ad
3575 2328 3899 2384 memoriam

2298 2424 2579 2476 revocans,
2606 2415 2749 2483 quod
2781 2428 2877 2482 per
2902 2429 2965 2469 os
2998 2413 3057 2466 Β.
3090 2414 3365 2469 Benedicti
3402 2416 3640 2485 Spiritus
3672 2427 3895 2475 sanctus

2297 2502 2614 2558 terribiliter
2657 2506 2857 2558 clamat
2922 2505 3005 2574 (Β.
3034 2505 3233 2559 Basso.
3271 2505 3426 2575 Κεφ,
3462 2523 3509 2562 c.
3559 2508 3623 2575 9.)
3675 2526 3691 2564 :
3730 2530 3747 2560 ‹
3782 2511 3890 2577 Qui

2292 2594 2523 2662 suscipit
2569 2595 2779 2648 animas
2818 2597 3107 2667 regendas,
3147 2608 3412 2666 praeparet
3445 2616 3499 2652 se
3529 2600 3595 2652 ad
3626 2601 3892 2667 rationem

2295 2670 2647 2741 reddendam.
2690 2706 2708 2739 ι
2753 2688 2821 2742 Ει
2850 2688 3044 2742 iterum
3092 2706 3105 2740 :
3148 2707 3167 2739 ι
3201 2690 3372 2752 Sciat,
3406 2692 3602 2765 inquit,
3632 2694 3798 2749 abbas
3825 2695 3894 2749 do

2294 2779 2545 2833 omnibus
2567 2780 2785 2849 judiciis
2804 2782 2917 2843 suis
2947 2781 3257 2849 aequissimo
3281 2781 3451 2849 iudici
3484 2775 3606 2838 'Deo
3636 2800 3695 2840 se
3723 2786 3893 2847 ratio-

2293 2872 2794 2938 nemredditurum.
2817 2892 2835 2924 ›
2864 2872 3141 2941 Quietiam
3156 2875 3279 2928 alibi
3299 2894 3311 2929 :
3331 2896 3347 2925 ι
3376 2875 3891 2947 SciatabbasculpJ:

2293 2964 2527 3030 pastoris
2576 2950 2933 3029 incumbere,
2986 2966 3249 3034 Quidquid
3302 2968 3483 3023 minus
3529 2970 3784 3023 utilitatis
3831 2972 3895 3033 in

2293 3052 2483 3104 ovibus
2523 3050 2918 3121 paterfamilias
2955 3055 3153 3122 poterit
3180 3055 3446 3111 invenire.
3490 3059 3591 3123 Qui
3629 3060 3775 3115 enim
3800 3060 3891 3128 iu:

2294 3142 2394 3197 de:
2426 3143 2541 3197 fieri
2572 3143 2683 3198 vult
2712 3144 3013 3219 animarum
3034 3186 3046 3207 ,
3088 3147 3261 3200 nescit
3288 3162 3451 3218 quam
3480 3149 3699 3214 durum,
3726 3168 3892 3222 quam

612 3216 893 3294 desideriis
918 3218 1215 3283 anhelare?
1254 3221 1349 3276 Cui
1376 3223 1635 3294 qttidquid
1664 3234 1766 3287 est,
1796 3227 1929 3295 nihil
1958 3237 2059 3290 est,
2090 3230 2190 3282 nisi
2223 3218 2265 3277 C
2298 3231 2607 3285 districtum
2635 3216 2863 3302 cogatur
2889 3246 3212 3303 exspectare
3436 3238 3721 3304 judicium.
3744 3216 3776 3291 ⁷»
3824 3218 3894 3297 L‘t

622 3314 675 3361 .et
702 3308 799 3363 hoc
825 3311 1097 3365 studuerit
1126 3312 1367 3367 invenire
1396 3316 1539 3384 quod
1564 3316 1735 3371 deest.
1788 3316 1888 3387 Cui
1926 3330 2193 3374 inoiiaste-

620 3395 749 3451 riunt
780 3399 839 3453 fit
860 3399 1183 3481 hospitium,
1216 3403 1473 3472 equinum
1499 3420 1633 3461 vero
1669 3408 1887 3473 dorsum
1917 3410 2191 3481 quotidia-

617 3497 733 3538 num
758 3497 843 3559 est
864 3480 1231 3565 habitaculum
1248 3509 1267 3563 Δ;
1290 3492 1642 3569 chirotbecm,
1672 3480 1939 3568 calcaria,
1962 3499 2190 3564 scutica,

614 3571 952 3651 pidrisigutzc,
984 3588 1041 3634 et
1070 3580 1114 3637 si
1144 3596 1263 3656 qua:
1308 3582 1412 3651 alia
1448 3584 1721 3653 equitandi
1768 3596 1892 3654 sunt
1921 3589 2183 3647 utensilia.

621 3672 1069 3734 nunquamot-ioso
1091 3671 1195 3725 situ
1217 3673 1457 3745 neglecta
1483 3660 1844 3740 marcescunt,
1860 3693 1979 3731 cum
2005 3694 2203 3733 sacer--

618 3749 799 3810 dotalia
818 3764 1166 3834 ornamenta,
1193 3760 1386 3829 quibus
1407 3777 1578 3818 sacras
1594 3765 1855 3819 altaribus
1868 3767 2190 3833 deservitnr,

617 3844 747 3911 βωρε
772 3861 800 3900 a
840 3850 1002 3905 tineis
1026 3860 1265 3913 comesta
1297 3854 1657 3931 reperiantur.
1707 3855 1837 3921 Qua:
1860 3857 2005 3920 enim
2050 3856 2186 3931 fora,

624 3945 733 3996 qua:
750 3936 1036 3992 tribunalia
1052 3940 1277 3993 inveniri
1291 3928 1518 4009 possunt
1541 3942 1825 3998 abbatibus
1841 3945 2044 3999 vacua?
2070 3928 2192 4015 qua:

620 4026 779 4091 curia,
803 4044 923 4096 qua:
949 4031 1150 4084 cubilia
1180 4032 1481 4102 principum
1509 4033 1723 4088 ferratis
1745 4035 2002 4089 abbatum
2027 4038 2193 4106 virgis

628 4125 726 4166 non
755 4116 1091 4191 aspiciuntur
1116 4118 1353 4174 effossa?
1396 4121 1645 4176 Anticum
1676 4123 1839 4177 limen
1864 4123 2069 4197 ju'gitcr
2096 4128 2191 4177 al:-

623 4197 795 4259 lta‘ttum
832 4208 1080 4278 vestigiis
1108 4210 1322 4273 teritur,
1352 4220 1406 4264 et
1431 4226 1619 4265 eorum
1647 4213 1882 4281 querela:
1908 4214 1991 4267 vel
2010 4215 2187 4286 jurgia

617 4284 917 4359 importune
936 4311 1125 4373 regum
1152 4288 1374 4353 auribus
1410 4289 1752 4369 ingeruntur.
1786 4301 1902 4371 Non
1930 4320 2025 4359 eos
2052 4306 2187 4358 cll'uo

614 4380 756 4443 giuut
806 4396 986 4440 castra
1033 4387 1373 4457 bellantium,
1419 4391 1513 4444 sed
1567 4394 1667 4448 sub
1716 4408 2011 4463 sequestra;
2038 4397 2190 4465 pacis

614 4474 798 4537 specie,
841 4478 985 4531 inter
1031 4478 1173 4547 ipsos
1220 4482 1555 4551 galeatorum
1602 4499 1804 4539 cuneos
1851 4487 2103 4559 discerpi,
2136 4496 2189 4547 et

610 4566 885 4631 cottiprittii
936 4583 1078 4637 saepe
1120 4572 1305 4625 videas
1350 4574 1668 4630 eucullatos.
1717 4575 1819 4643 Qui
1879 4578 1993 4633 vult
2026 4596 2187 4635 nosse
2218 4552 2265 4609 Ι)

614 4652 731 4714 quid
755 4663 933 4709 actum
960 4658 1032 4711 sit
1059 4661 1197 4728 apud
1226 4659 1437 4717 forense
1468 4665 1761 4736 negotium,
1792 4684 1901 4737 non
1930 4672 2181 4738 praetoria

610 4736 861 4808 iudicum,
907 4746 1003 4800 sed
1033 4747 1332 4807 diversoria
1361 4739 1539 4821 petitis
1563 4736 1841 4825 perquirat
1886 4736 2139 4813 abbatum
2166 4779 2180 4827 ;

617 4832 861 4903 quidquid
893 4838 946 4889 in
980 4841 1176 4895 smculo
1202 4844 1399 4912 agitur,
1431 4846 1500 4899 ab
1545 4861 1624 4900 eis
1676 4847 1817 4901 velut
1847 4865 1876 4903 ει
1905 4854 2184 4921 magistris

618 4924 940 4989 negotiorum
971 4929 1304 4984 stccularium
1348 4934 1669 5000 requiratur.
1713 4936 1816 4991 Sed
1849 4955 1970 4993 cum
2004 4943 2184 4997 Domi-

614 5022 708 5095 nus
732 5014 871 5069 dicat
902 5034 915 5071 :
956 5036 972 5066 ι
1002 5018 1219 5091 Cavete,
1252 5022 1443 5094 inquit,
1487 5039 1555 5080 ne
1582 5036 1873 5095 graventur
1900 5033 2063 5085 corda
2094 5048 2180 5087 ve-

616 5092 717 5151 stia
745 5102 795 5155 in
827 5106 1071 5175 crapula,
1101 5120 1155 5162 et
1202 5092 1488 5176 ebrietate,
1534 5092 1768 5171 et'curis
1811 5118 1971 5187 hujus
1999 5125 2180 5176 szeettli

612 5187 757 5251 (Luc.
783 5199 917 5267 xvi).
958 5218 977 5250 ι
1024 5200 1089 5253 Et
1114 5202 1308 5258 iterum
1352 5220 1365 5258 :
1404 5223 1423 5257 ι
1454 5206 1621 5261 Nemo
1646 5218 1824 5277 potest
1848 5213 2055 5271 diutius
2090 5217 2187 5272 do-

614 5280 767 5371 minis
811 5287 1021 5343 servire
1068 5289 1281 5359 (Matth.
1325 5309 1411 5363 vt;
1464 5294 1590 5355 Luc.
1636 5299 1766 5369 xvi).
1822 5322 1839 5353 ι
1902 5304 2187 5371 Apostolus

613 5369 768 5427 etiam
817 5380 1163 5441 concorditer
1211 5380 1453 5439 claritat:
1503 5406 1519 5435 ι
1553 5384 1718 5440 Nemo
1767 5369 2003 5445 militans
2052 5393 2180 5457 Deo,

618 5456 845 5531 implicat
888 5482 947 5522 se
991 5470 1338 5537 saecularibus
1386 5480 1639 5547 negotiis,
1680 5487 1737 5532 ut
1783 5482 1832 5535 ei
1864 5456 2185 5552 placeutcui

622 5560 672 5599 se
698 5552 939 5619 probavit
966 5556 1012 5625 (ι
1040 5556 1172 5611 Tim.
1194 5558 1281 5631 ιι).
1315 5580 1333 5613 ι
1361 5562 1619 5634 Quisquis
1649 5578 1724 5633 tot
1755 5572 1987 5626 terrenis
2011 5574 2183 5628 actio—

624 5640 766 5697 nibus
790 5644 1005 5713 plenum
1038 5654 1347 5707 monasterii
1379 5656 1618 5726 regimen
1655 5660 1933 5717 ultroneus
1957 5668 2181 5735 appetit,

623 5730 735 5794 quid
758 5734 898 5791 aliud
919 5737 1160 5793 creditur
1187 5756 1366 5811 agere,
1397 5746 1498 5800 nisi
1526 5750 1668 5817 quod
1702 5752 1838 5808 velut
1865 5730 2183 5829 jatniassus

960 5823 1237 5893 ,Ριτιιοιυ
1319 5844 1559 5915 CXLV-

2295 3322 2441 3379 enim
2483 3322 2767 3392 Scriptura
2811 3324 2943 3378 dicit
2992 3343 3004 3378 :
3060 3344 3077 3375 ι
3120 3324 3481 3382 Durissimum
3508 3327 3773 3398 judicium
3810 3337 3896 3391 his

2294 3412 2386 3493 qui
2418 3421 2678 3482 praesunt,
2711 3410 2803 3467 fiet
2832 3411 2983 3484 (Sup.
3008 3413 3105 3484 vt).
3144 3434 3162 3467 ι

2970 3525 3151 3580 APUT
3189 3526 3254 3580 ll.

2922 3523 3151 3580 CAPUT
3189 3526 3254 3580 ll.

2358 3584 2525 3676 Quod
2554 3613 2875 3680 praesidendi
2904 3631 2993 3696 ars
3023 3614 3179 3735 [alcile
3209 3616 3451 3681 discitur,
3498 3621 3589 3673 sed
3614 3622 3822 3692 όίίῖξτὶίο

2962 3700 3068 3735 uno
3093 3698 3227 3735 etur.

2962 3698 3227 3753 impletur.

2368 3770 2544 3825 Unum
2598 3782 2779 3827 autem
2827 3774 2880 3828 in
2932 3776 3053 3829 istis
3100 3775 3326 3831 novellis
3376 3778 3665 3836 abbatibus
3710 3782 3893 3847 viden,

2296 3862 2438 3928 quod
2490 3864 2842 3920 vehementer
2892 3865 3151 3923 admiror.
3202 3866 3305 3935 Qui
3357 3871 3501 3925 enim
3558 3885 3654 3939 per
3703 3874 3892 3934 decem

2296 3968 2487 4019 annos,
2522 3953 2605 4009 vel
2634 3969 2701 4008 eo
2729 3956 2961 4024 amplius
3012 3957 3113 4011 sub
3140 3956 3365 4014 alterius
3395 3961 3659 4031 regimine
3685 3968 3897 4032 consti-

2296 4049 2466 4103 tutus,
2496 4057 2772 4110 nunquam
2802 4044 2867 4101 ad
2905 4046 3045 4099 hanc
3074 4046 3243 4114 potuit
3270 4050 3554 4117 pervenire
3579 4052 3892 4123 scientiam,

2297 4142 2353 4183 ut
2378 4134 2619 4199 perfecte
2646 4134 2946 4201 monachus
2973 4137 3252 4192 videretur
3283 4157 3295 4191 :
3328 4156 3477 4196 nunc
3500 4142 3616 4210 ipso
3647 4145 3755 4210 die,
3780 4126 3892 4217 quo

2295 4219 2347 4273 in
2396 4222 2708 4293 prmlatioue
2750 4226 3139 4292 constituitur;
3199 4228 3273 4294 ita
3326 4231 3668 4298 praesidentis
3717 4237 3895 4292 induit

2295 4313 2548 4381 spei-ient,
2574 4315 2647 4375 ita
2674 4316 3008 4385 dominantis
3037 4320 3291 4389 exprimit
3320 4322 3675 4391 maiestatem,
3701 4338 3758 4381 ut
3781 4345 3892 4403 non

2296 4419 2467 4472 nuper
2494 4404 2726 4469 electum
2754 4446 2769 4471 ,
2818 4408 2912 4461 sed
2957 4418 3143 4463 natum
3183 4411 3335 4467 dicas
3374 4415 3643 4471 abbatem.
3690 4416 3775 4473 Fit
3809 4436 3897 4483 re,—

2296 4502 2453 4560 pente
2491 4508 2714 4549 severus
2750 4496 2802 4550 in
2843 4496 3015 4561 vultu,
3049 4499 3371 4569 imperiosus
3402 4504 3455 4557 in
3486 4521 3641 4571 voce,
3674 4508 3744 4579 ad
3770 4526 3895 4567 cor-

2296 4582 2597 4650 ripiendum
2633 4601 2781 4649 acer,
2830 4590 2898 4642 ad
2934 4588 3290 4656 iudicandum
3340 4609 3643 4666 promptus.
3693 4598 3814 4669 Ipse
3847 4606 3895 4660 si

2295 4673 2609 4739 offenderit,
2635 4676 2747 4746 jam
2780 4680 3004 4734 omnino
3040 4683 3434 4750 satisfactionis
3466 4689 3711 4760 ignarus,
3742 4694 3893 4751 dedi-.-

2294 4776 2494 4835 gnatur
2515 4770 2857 4835 accmnbere,
2885 4772 2993 4830 nisi
3027 4774 3076 4827 in
3103 4784 3367 4846 octogona
3397 4780 3550 4849 sella,
3576 4782 3651 4836 ita
3684 4801 3897 4856 ρτειιυειγ

2296 4867 2439 4919 rata,
2463 4874 2525 4911 ac
2554 4858 2597 4910 si
2626 4860 2897 4915 senatoria
2922 4863 3127 4919 curulis
3157 4866 3207 4917 in
3240 4868 3408 4927 curia.
3438 4868 3540 4925 Pro
3570 4887 3678 4927 sua:
3704 4876 3891 4939 volun:-

2298 4947 2424 5001 tatis
2452 4949 2682 5003 arbitrio
2711 4952 2827 5007 tunc
2878 4954 3123 5022 prtecipit
3172 4956 3287 5011 ﬁeri
3314 4997 3328 5021 ,
3382 4959 3471 5012 illa
3503 4967 3892 5020 contestatnrie

2294 5040 2590 5104 interdicit,
2623 5041 2776 5112 ligat,
2807 5043 2989 5109 solvit,
3020 5047 3294 5113 admovet,
3325 5063 3569 5107 renmvet
3597 5068 3609 5105 :
3634 5064 3689 5109 et
3721 5056 3772 5109 in
3804 5057 3892 5131 his

2290 5131 2541 5187 erunibus
2557 5147 2898 5202 nequaquam
2922 5151 2950 5189 a
2967 5136 3443 5204 nobisjunioribus
3467 5141 3530 5211 if.
3550 5145 3888 5223 senioribus]

2291 5222 2577 5277 consilium
2606 5225 2833 5291 quarrit;
2876 5227 2969 5280 sed
2998 5227 3099 5282 sibi
3134 5230 3233 5299 ipsi
3260 5230 3553 5300 sufﬁciens,
3585 5234 3730 5290 velut
3764 5222 3891 5307 prs

2294 5313 2424 5379 pria:
2459 5314 2740 5368 vetustatis
2780 5314 2902 5383 jura
2952 5318 3209 5388 disponit.
3263 5322 3483 5379 DevOtis
3529 5325 3750 5393 quidem
3778 5367 3792 5389 ,
3843 5341 3899 5380 et

2294 5402 2524 5480 subditis
2568 5404 2855 5472 pollicetur
2903 5409 3131 5477 gratiam
3160 5452 3175 5474 ,
3223 5414 3654 5483 repugnantibus
3699 5429 3890 5489 autem

2295 5492 2568 5560 phalarica
2608 5496 2779 5563 spirat
2818 5498 3295 5578 animadversione
3323 5502 3652 5578 vindictam;
3706 5516 3765 5561 ut
3796 5524 3897 5577 po:-

2296 5584 2402 5635 tius
2432 5582 2677 5638 videatur
2727 5586 2780 5639 in
2828 5587 3187 5656 praefectoriis
3232 5574 3473 5649 fascibus
3506 5574 3693 5671 agere,
3719 5574 3889 5667 quam

2291 5673 2677 5729 ecclesiasticm
2709 5677 3030 5733 humilitatis
3063 5679 3239 5737 ofﬁcio
3284 5686 3580 5740 deservire.
3614 5673 3893 5766 Nauseaat.

2204 5834 2206 5839 ν
2284 5760 2480 5845 fauces
2498 5764 2616 5836 ejus
2643 5770 2955 5823 communia
2988 5771 3267 5828 nobiscum
3298 5776 3555 5831 alimenta
3580 5760 3892 5851 percipere,

3396 5868 3483 5939 13

4874 6206 5168 6420 4
