5664 6564
111 6418 457 6546 »υ

2192 525 2314 579 ⁸459

2208 651 2427 691 necesse
2469 647 2552 693 est
2598 640 2781 707 coquis
2826 639 2973 708 plura
3002 648 3164 707 atque
3195 639 3406 692 diversa
3438 637 3526 690 uni
3555 636 3765 690 cuidam
3803 652 3843 698 Α

2205 727 2381 779 ventri
2407 717 2589 782 edulia.
2618 742 2941 799 prmparare.
2972 725 3104 780 Nam
3135 742 3356 796 grossus
3384 727 3554 789 cibus,
3586 725 3676 793 qui
3706 741 3769 778 ex

2206 815 2475 868 communi
2515 813 2741 868 fratrum
2788 817 2959 869 lebete
2983 815 3339 884 depromitur,
3389 814 3661 882 indignum
3695 813 3774 881 pi-

2204 902 2354 955 tuitae
2399 903 2611 965 teneri,
2663 912 2717 956 et
2762 902 3131 957 delicatissimi
3187 902 3419 957 hominis
3477 900 3768 969 judicatur.

2200 990 2385 1060 Nuper
2412 1006 2659 1061 egressus
2700 992 3100 1057 dormitorium,
3131 994 3407 1062 quiescere
3435 1006 3541 1045 non
3574 1000 3770 1060 potest,

2199 1082 2304 1135 nisi
2333 1090 2600 1136 secretum
2628 1082 2839 1143 habeat,
2869 1093 2923 1137 et
2965 1084 3231 1153 singulare
3268 1083 3593 1137 cubiculum.
3622 1082 3788 1138 Licet

2194 1168 2531 1237 juvenculus,
2563 1169 2690 1223 licet
2714 1170 2919 1224 validus
2947 1186 3191 1238 corpore,
3227 1172 3396 1225 nescit
3428 1170 3698 1237 incedere,
3724 1172 3770 1227 si

2199 1258 2337 1312 desit
2364 1259 2606 1323 baculus,
2636 1276 2742 1329 quo
2768 1276 2825 1315 se
2853 1262 3044 1314 debeat
3071 1270 3396 1316 sustentare.

2254 1346 2325 1401 tiu
2353 1348 2437 1402 bis
2465 1348 2663 1417 itaque,
2692 1358 2747 1403 et
2791 1350 2912 1404 aliis
2941 1350 3182 1418 pluribus
3208 1366 3328 1419 qua:
3352 1352 3622 1421 persequi
3653 1351 3769 1405 lon-

2199 1453 2324 1507 gum
2351 1449 2449 1501 est,
2474 1440 2543 1492 ita
2573 1440 2749 1493 subito
2778 1442 3032 1509 magister
3058 1438 3306 1508 efﬁcitur,
3337 1452 3392 1495 ut
3418 1442 3475 1495 in
3502 1451 3609 1496 tota
3634 1456 3769 1511 prm-

2190 1531 2404 1585 sidendi
2454 1531 2657 1599 regula,
2691 1532 2836 1583 velut
2866 1532 3120 1600 antiquus
3164 1532 3384 1603 quidam
3417 1531 3599 1597 Pater,
3635 1529 3769 1585 nihil

2194 1617 2467 1673 offendere
2514 1620 2782 1673 videatur.
2828 1620 3001 1686 Quam
3052 1622 3229 1684 docte,
3274 1637 3438 1691 quam
3482 1622 3767 1691 imperiose

2195 1708 2349 1761 novit
2378 1718 2591 1774 cuncta,
2640 1709 2785 1762 Velut
2814 1711 3046 1779 quadam
3095 1711 3397 1779 uiajestatis
3438 1711 3767 1765 auctoritate

2192 1798 2508 1867 pmipere,
2545 1800 2635 1868 qui
2683 1800 2987 1854 diutissime
3015 1801 3261 1855 subditus
3288 1796 3562 1870 nunquam
3588 1802 3765 1871 sapuit

2668 528 2723 580 ε.
2766 524 2965 579 PETRI
3007 525 3286 580 DAMAS!
3326 521 3475 577 Ol'l'.
3520 514 3753 573 TOSlUS
3791 517 3920 575 SEU
3963 524 4139 580 PARS
4175 526 4260 581 ill.
4289 554 4359 565 ——
4384 523 4745 582 OPUSCL'LA
4790 524 4992 580 VAlllA

5329 524 5430 583 ιω

3945 633 4116 689 Unum
4144 644 4248 699 est,
4271 637 4414 703 quod
4442 651 4601 704 super
4622 636 4813 702 abbate
4840 652 4937 690 suo
4959 630 5203 689 monachi
5229 635 5427 707 magui‘

3875 724 4131 792 pendunt,
4179 732 4234 777 et
4262 726 4486 777 summis
4516 726 4905 793 praeconiorum
4942 724 5187 778 laudibus
5212 722 5427 779 eth-runt

3874 812 4139 876 videlicet,
4164 813 4208 866 si
4238 814 4378 881 apud
4409 823 4651 883 potentes
4676 814 4857 868 saeculi
4883 812 5084 878 valeat;
5113 814 5158 867 si
5183 811 5430 879 nocendi,

3872 913 3925 957 et
3954 901 4242 969 adjuvandi
4275 904 4499 959 liberam
4529 902 4836 957 facultatem
4866 902 5092 968 habeat;
5134 904 5178 957 si
5202 903 5348 972 loqui
5375 905 5429 959 in

3878 1000 3952 1045 tui
3968 990 4052 1056 ba,
4084 1002 4134 1046 et
4166 993 4412 1062 proprias
4436 1006 4629 1047 causas
4652 984 4812 1062 agere
4837 1008 4941 1047 non
4966 994 5265 1048 erubescat.
5295 992 5429 1048 [line

3862 1089 3951 1134 est
3978 1078 4121 1147 quod
4154 1080 4254 1133 hoc
4281 1090 4467 1135 nostro
4494 1090 4733 1149 tempore
4764 1081 5012 1135 monachi
5042 1081 5305 1138 nemiuem
5331 1082 5429 1135 sibi

3868 1174 4103 1238 praesse’
4149 1168 4355 1234 volunt,
4389 1170 4491 1223 nisi
4522 1179 4576 1226 et
4606 1170 4763 1224 validi
4810 1170 5049 1239 corporis
5076 1179 5281 1225 statura
5305 1183 5429 1241 pro-

3864 1274 4076 1321 cerum,
4108 1270 4161 1315 et
4191 1259 4355 1313 claris
4397 1276 4721 1330 proavorum
4764 1261 4932 1315 titulis
4973 1262 5300 1330 insignitum.
5350 1261 5430 1315 Sit

3866 1346 3991 1401 licet
4030 1356 4268 1411 sanctus,
4311 1334 4389 1402 sit
4431 1349 4668 1403 omnium
4700 1348 4960 1407 virtutum
5010 1350 5184 1404 nitore
5225 1348 5431 1419 conspi-

3866 1451 4033 1502 cuus;
4083 1437 4187 1491 illis
4224 1447 4403 1492 tamen
4431 1448 4639 1493 natura:
4668 1440 4978 1493 muneribus
5001 1453 5209 1501 care..s,
5251 1438 5297 1493 si
5322 1439 5429 1493 An-

3867 1527 4048 1581 tonius
4078 1527 4397 1592 deducatur,
4452 1543 4691 1583 consona
4743 1528 4981 1582 omnium
5022 1543 5159 1584 voce
5189 1528 5430 1599 indiguus

3861 1618 4125 1672 electione
4151 1616 4480 1672 decernitur.
4528 1617 4679 1671 Adde
4706 1617 4867 1671 etiam
4888 1656 4902 1680 ,
4940 1616 5062 1685 quia
5096 1616 5294 1670 nullum
5328 1616 5428 1670 sibi

3860 1712 4129 1759 rectorem
4177 1704 4315 1768 dari,
4356 1703 4460 1759 nisi
4509 1704 4575 1759 de
4622 1697 4851 1773 pruprite
4877 1702 5303 1771 congregationis
5326 1718 5424 1757 nuo

3864 1809 4015 1849 mero
4041 1795 4350 1864 patiuntur;
4386 1793 4541 1857 alias,
4578 1794 4741 1848 etiam
4772 1794 4815 1848 si
4839 1794 5198 1863 prodigiorum
5225 1792 5427 1846 virtuti-

2166 1890 2308 1959 suis
2358 1892 2778 1960 prmceptoribus
2836 1892 3073 1947 obedire.
3120 1892 3447 1948 Praesident“
3495 1894 3761 1964 siquidem
3866 1888 3967 1942 bus
3992 1888 4275 1950 enitescat.
4305 1885 4411 1941 illis
4434 1884 4818 1941 obsistentibus
4845 1885 4911 1937 ad
4938 1880 5273 1954 ceremiam
5290 1898 5427 1953 prs-

2193 1986 2366 2031 artem
2393 1977 2675 2031 docibilem
2703 1965 2953 2043 dixerim,
2981 1994 3101 2048 qua:
3147 1988 3256 2034 tam
3297 1980 3460 2038 facile
3501 1982 3764 2050 discitur;
3798 1966 3840 2024 Β
3870 1976 4088 2031 lationis
4116 1976 4349 2032 ollicium
4376 1991 4430 2031 nt

3191 1996 3256 2034 tm
3297 1980 3460 2038 facile
3501 1982 3764 2050 discitur;
3798 1966 3840 2024 Β
3870 1976 4088 2031 lationis
4116 1976 4349 2032 oilicium
4376 1991 4483 2031 non
4511 1974 4997 2055 aspiratulletutfnt
5018 1974 5178 2039 eadm,
5206 1973 5428 2029 ueaiios

2192 2074 2254 2119 ut
2279 2056 2507 2134 quilibet
2526 2066 2686 2119 etiam
2718 2066 2784 2121 ad
2812 2066 2915 2120 alia
2942 2082 3153 2133 vecors,
3186 2069 3326 2124 banc
3367 2085 3490 2125 mox
3518 2079 3576 2125 ut
3618 2071 3765 2125 ince-

2194 2156 2359 2225 perit,
2390 2156 2645 2225 magister
2666 2158 2727 2211 in
2768 2172 2841 2212 ea
2887 2158 3249 2227 peritissimus
3290 2163 3617 2231 approbetur
3646 2181 3658 2216 :
3690 2172 3761 2223 et,

2203 2251 2263 2298 ut
2291 2245 2492 2299 arctius
2519 2254 2783 2311 teneatur,
2812 2262 2917 2301 non
2954 2247 3125 2302 solum
3154 2250 3234 2303 sui
3262 2252 3508 2305 notitiam
3540 2261 3767 2320 quanto-

2189 2332 2311 2387 cius
2346 2341 2594 2402 przcstat,
2626 2333 2720 2388 sed
2768 2335 2930 2388 etiam
2961 2335 3243 2390 obediendi
3276 2347 3471 2402 artem,
3501 2354 3621 2408 quae
3651 2354 3681 2392 a
3709 2355 3767 2395 se

2194 2423 2408 2477 diversa
2433 2432 2538 2499 pst,
2567 2423 2867 2478 exalunmi
2913 2426 2997 2479 sui
3050 2428 3307 2481 memoria
3354 2442 3579 2497 prorsus
3606 2430 3765 2484 oblit-

2190 2521 2355 2568 terat.
2385 2511 2789 2583 Quamplurima
2831 2514 3014 2582 itaque
3059 2517 3511 2572 monasteriorum
3541 2519 3765 2574 rectori-

2197 2603 2300 2659 bus
2325 2603 2625 2668 imminent,
2652 2618 2749 2674 per
2782 2618 2900 2672 qua:
2928 2604 3007 2659 vel
3058 2604 3398 2662 lenocinante
3429 2607 3541 2676 ipsa
3572 2608 3763 2663 i'mmu-

2194 2698 2382 2753 nitatis
2420 2696 2680 2761 lieenta'a,
2732 2708 2923 2766 sponte
2979 2707 3238 2752 corruunt
3287 2716 3303 2751 :
3351 2699 3437 2752 vel
3482 2699 3765 2755 mundanae

2189 2787 2613 2859 perturbationis
2639 2786 2959 2843 necessitate
2986 2786 3180 2854 coacti,
3215 2788 3380 2843 etiam
3408 2788 3651 2845 nolentes
3683 2790 3759 2844 of-

2192 2876 2437 2933 fendunt.

2259 2966 2364 3021 Sed
2393 2975 2531 3043 esto,
2563 2974 2621 3021 ut
2650 2981 2743 3022 eos
2771 2965 2914 3021 nulla
2940 2964 3275 3022 saecularium
3306 2966 3552 3022 molestia
3575 2962 3760 3037 feriat,

2187 3056 2369 3114 ouinis
2411 3056 2647 3124 undique
2699 3056 2956 3110 mundani
3000 3056 3195 3110 ﬂuctus
3221 3056 3463 3125 procella
3492 3057 3761 3125 quiescat,

2198 3144 2323 3215 quis
2347 3144 2523 3199 valeat
2552 3144 2820 3200 intestina:
2868 3145 3149 3203 seditionis
3194 3146 3334 3199 mala
3373 3144 3622 3215 perferre
3648 3186 3663 3211 ,
3709 3157 3765 3200 et

2191 3234 2305 3289 sola
2334 3236 2726 3289 monachorum
2775 3234 2929 3289 taedia
2964 3219 3446 3302 sustineretQuis
3473 3243 3549 3290 tot
3574 3246 3627 3292 et
3655 3245 3761 3289 tam

3864 2066 3968 2122 sibi
3993 2066 4283 2136 aliquando
4309 2066 4591 2135 praeferat;
4620 2076 4937 2137 pavescuut,
4958 2080 5033 2121 ne
5059 2066 5428 2122 decoasuetu-

3864 2158 4013 2223 diue,
4058 2158 4111 2212 in
4142 2172 4246 2227 qua
4269 2157 4381 2225 jam
4408 2157 4690 2212 inveterati
4709 2165 4864 2221 sunt,
4903 2156 5003 2211 iste
5029 2156 5226 2225 aliquid
5246 2172 5427 2211 emen-

3867 2248 3998 2303 dare
4019 2259 4340 2318 praesumat;
4374 2265 4462 2315 ne,
4488 2250 4631 2318 quod
4658 2248 4820 2313 absit,
4852 2248 5310 2304 mortificationem
5337 2248 5427 2302 do-

3864 2348 4004 2403 ceat,
4031 2355 4107 2395 ne
4135 2354 4270 2394 vana
4308 2340 4698 2417 superstitione
4728 2354 4822 2393 eos
4860 2337 5103 2408 jejunare
5130 2337 5423 2407 compellat,

3866 2444 3935 2484 ne
3962 2431 4360 2485 extremitatem
4390 2430 4596 2500 diligat,
4622 2444 4689 2483 ne
4719 2444 4854 2484 nova
4884 2428 5183 2498 praecipiat;
5222 2441 5288 2480 ne
5313 2441 5423 2490 eos,

3865 2522 4257 2589 quod'cunctis
4284 2520 4671 2576 intolerabilius
4720 2528 4841 2585 est,
4875 2535 4905 2574 a
4936 2519 5147 2589 propria
5187 2517 5426 2573 fortassis

3866 2601 4141 2665 voluntate
4170 2619 4496 2680 compescat.
4525 2608 4616 2665 Sic
4650 2610 4728 2665 sic
4758 2610 4998 2665 videlicet
5024 2608 5223 2663 malunt
5244 2608 5316 2662 'de
5342 2609 5421 2661 sui

3869 2701 4175 2773 quempiam
4222 2701 4362 2755 suini
4407 2700 4586 2771 gregis
4613 2700 4853 2755 custodia
4882 2701 5120 2768 dignum,
5146 2712 5303 2770 quam
5327 2713 5422 2754 ex-

3868 2794 4134 2849 trinsecus
4191 2796 4496 2850 venientem
4523 2795 4577 2849 in
4607 2798 4751 2851 omni
4780 2794 5041 2866 religiosa
5070 2795 5194 2849 vita-
5219 2803 5273 2851 et
5301 2809 5427 2849 san-

3862 2882 4065 2936 ctitatis
4091 2883 4554 2937 consummatione
4573 2882 4891 2952 perfectum.
4920 2884 5030 2949 Ille,
5061 2882 5149 2938 ille
5173 2884 5423 2939 nimirum

3863 2986 4006 3025 nunc
4050 2972 4217 3027 abbas
4262 2973 4559 3036 extollitur,
4607 2974 4697 3029 ille
4730 2976 4921 3045 dignus
4955 2975 5186 3045 percepti
5213 2975 5430 3049 honoris

3864 3057 4029 3114 infula
4056 3060 4352 3129 judicatur,
4390 3063 4481 3131 qui
4519 3066 4668 3118 novit
4716 3080 4967 3134 agrorum
5014 3066 5203 3121 fundos
5248 3075 5429 3122 exten-

3862 3149 4013 3213 dere,
4047 3150 4235 3204 turrita
4271 3153 4549 3206 domorum
4585 3154 4816 3207 culmina
4864 3154 5133 3210 fabricam
5157 3195 5173 3220 ,
5223 3156 5425 3226 copiam

3868 3239 4387 3296 terreiutacultatis
4413 3243 4713 3311 acquirere,
4737 3244 4837 3299 sibi
4866 3245 5165 3299 commissis
5189 3261 5295 3300 non
5321 3254 5427 3299 tam

2180 3322 2357 3377 variis
2380 3322 2744 3395 voluntatibus
2771 3322 3109 3377 satisfaciat?
3138 3322 3270 3388 Quis
3296 3324 3643 3392 semetipsum
3672 3337 3766 3387 per
3793 3312 3836 3371 C
3869 3331 4169 3384 necessaria
4225 3348 4387 3401 quant
4415 3342 4471 3387 et
4498 3332 4764 3403 superﬂua
4813 3335 5141 3389 ministrare.
5191 3334 5357 3391 Porro
5384 3324 5428 3391 si

2189 3423 2299 3467 tam
2349 3412 2559 3468 diversa
2614 3410 2907 3464 formarum
2952 3409 3117 3481 459
3161 3418 3399 3463 monstra
3438 3409 3764 3478 componat?

2186 3503 2495 3558 Deccrnunt
2522 3502 2785 3570 siquidem
2811 3516 2963 3554 suum
2994 3501 3337 3570 praepositum
3371 3502 3569 3555 debere
3600 3500 3761 3569 spiri-

2189 3591 2409 3647 tualitcr
2432 3594 2632 3656 vivere,
2660 3600 2857 3661 cogunt
2904 3600 3080 3644 tamen
3121 3606 3217 3661 per
3262 3600 3431 3645 totum
3462 3591 3602 3644 diem
3636 3602 3765 3643 caua

2189 3697 2371 3736 sarum
2416 3680 2755 3736 saecularium
2803 3680 3033 3749 negotiis
3063 3680 3349 3743 insudare;
3404 3697 3472 3735 ne
3517 3680 3765 3734 videlicet

2185 3773 2555 3829 ecclesiastica
2584 3773 2725 3827 bona
2755 3773 3066 3841 depereant,
3096 3786 3160 3825 ne
3210 3772 3427 3825 domum
3475 3771 3591 3835 Dei,
3623 3771 3763 3838 quod

2195 3868 2362 3934 absit,
2392 3866 2460 3921 ab
2506 3865 2890 3919 incolumitatis
2932 3880 3042 3918 suae
3076 3874 3217 3919 statu
3247 3863 3522 3917 declinare
3551 3862 3763 3916 contin-

2192 3969 2284 4030 gat
2310 3977 2328 4013 ς
2359 3966 2415 4013 et
2443 3956 2777 4013 tolerabilius
2808 3955 3006 4020 ferunt,
3032 3956 3075 4009 si
3104 3971 3197 4025 per
3228 3955 3440 4010 abbatis
3462 3954 3762 4008 absentiam

2192 4058 2389 4101 structa
2436 4043 2699 4115 regularis
2743 4043 3097 4108 inStitutipnis
3144 4042 3425 4110 disciplina
3474 4042 3760 4106 dilabatur,

2193 4151 2354 4206 quam
2384 4144 2444 4189 ut
2470 4133 2855 4199 ecclesiasticae
2886 4132 3134 4186 utilitatis
3163 4132 3502 4185 commodum
3545 4131 3764 4200 dispen-

2192 4228 2281 4282 dia
2312 4224 2565 4296 patiatur.
2614 4223 2672 4278 Si
2701 4223 3126 4292 delinquentium
3154 4223 3283 4277 vitia
3307 4222 3568 4276 districta:
3595 4222 3768 4275 anim-

2184 4312 2528 4369 adversionis
2569 4311 2773 4380 judicio
2811 4312 3083 4381 corrigit,
3134 4310 3366 4380 impius;
3423 4310 3467 4364 si
3499 4310 3644 4363 circa
3673 4324 3766 4363 eos

2194 4404 2473 4461 remissius
2500 4402 2633 4472 agit,
2662 4402 2776 4459 zelo
2803 4402 2898 4456 Dei
2925 4402 3163 4457 creditur
3205 4400 3443 4471 alienus;
3496 4400 3540 4454 si
3568 4400 3766 4454 silentii

2198 4485 2572 4563 se'aliquando
2594 4507 2825 4547 censura
2872 4492 3213 4562 constringit,
3242 4492 3457 4554 dicitur,
3491 4492 3616 4559 quia
3643 4507 3765 4545 cum

2194 4598 2381 4658 pastor
2404 4587 2752 4653 obmutescit,
2784 4600 3001 4656 gregem
3032 4584 3190 4653 lupus
3230 4584 3452 4638 invadit.
3494 4582 3662 4637 Paulo
3704 4584 3768 4636 li-

2196 4680 2381 4735 berius
2404 4678 2615 4748 loquar.
2658 4677 2772 4744 Qua
2799 4676 2973 4731 fronte
3002 4675 3123 4729 aliis
3162 4675 3319 4729 silere
3348 4673 3644 4744 praecipiat,
3676 4688 3767 4727 cu-

2195 4772 2284 4838 jus
2320 4770 2534 4839 garrula
2580 4768 2758 4837 lingua
2806 4767 3059 4821 continua
3102 4765 3430 4820 verbositate
3464 4762 3772 4819 declamat?

2199 4861 2333 4913 tium
2372 4856 2603 4927 jejunat,
2634 4856 2806 4910 laudis
2857 4855 3102 4908 humana!
3130 4854 3365 4907 favorem
3394 4862 3613 4922 captare
3639 4852 3771 4905 dici-

2198 4962 2304 5015 tur,
2336 4965 2458 5005 cum
2486 4949 2737 5011 comedit,
2772 4963 2869 5002 suo
2895 4955 3068 5015 pater,
3101 4946 3276 5000 alieno
3320 4946 3494 5000 ventri
3540 4958 3661 4999 esse
3696 4946 3772 4999 vi-

2194 5043 2364 5096 tricus
2388 5040 2716 5111 perhibetur.
2748 5037 2987 5092 Lautiori
3040 5045 3193 5091 veste
3236 5043 3543 5099 contectus,
3578 5050 3772 5089 vanam

2195 5129 2419 5198 gloriam
2446 5141 2720 5196 quaerere;
2756 5128 3097 5180 extremitate
3122 5134 3178 5179 et
3205 5124 3411 5178 vilitate
3464 5132 3768 5187 contentus,

2197 5220 2368 5273 fertur
2397 5218 2780 5271 monasterium
2811 5218 3124 5285 deturpare.‘
3158 5215 3567 5269 Praedicationis
3594 5228 3773 5267 sermo

2200 5310 2244 5363 si
2280 5310 2332 5362 in
2362 5308 2581 5377 longum
2612 5308 2963 5376 protrahitur,
2996 5308 3327 5376 conspuitur,
3377 5305 3649 5359 fastiditur
3680 5322 3694 5356 :
3721 5312 3778 5358 et

2202 5398 2375 5467 magis
2400 5412 2648 5451 somnum
2680 5398 2875 5451 dicitur
2904 5413 3212 5465 provocare,
3243 5413 3402 5466 quam
3432 5397 3771 5451 mdilicationi

2201 5484 2356 5554 [inrise
2383 5502 2701 5556 congruere.
2742 5486 2799 5540 Si
2835 5498 3011 5540 autem
3041 5488 3239 5541 locutio
3265 5489 3444 5542 brevis
3471 5487 3594 5553 ﬁat;
3627 5488 3770 5556 quod

2204 5576 2256 5630 in
2299 5591 2418 5639 suo.
2447 5578 2712 5645 inquiunt,
2763 5594 2867 5631 non
2898 5578 3116 5656 studuit
3145 5593 3269 5634 vase
3315 5580 3631 5643 recondere,
3665 5594 3769 5632 non

2204 5669 2343 5725 valet
2369 5670 2489 5725 aliis
2514 5673 2828 5740 propinare;
2876 5683 2929 5726 et
2958 5673 3098 5738 l'ons,
3131 5672 3222 5743 qui
3254 5673 3305 5727 in
3335 5670 3533 5727 occulti
3564 5682 3799 5725 mentuSi

2205 5760 2283 5812 sui
2316 5762 2467 5815 venis
2495 5762 2688 5817 arescit
2714 5802 2728 5828 ,
2781 5765 2971 5822 uberes
3002 5764 3146 5820 rivos
3176 5778 3269 5834 per
3298 5762 3506 5818 ﬁstulas
3554 5778 3661 5817 non
3689 5762 3769 5814 cl-

2205 5844 2397 5905 futtdit.
2790 5856 2791 5859 “

3867 3420 4106 3473 curando
4134 3420 4279 3485 talia,
4316 3422 4615 3475 animarum
4646 3437 4776 3477 cura
4796 3425 5140 3498 postponitur
5169 3440 5182 3478 :
5215 3424 5428 3488 dicitur,

3866 3511 3987 3579 quia
4014 3510 4155 3565 inter
4182 3512 4452 3580 przecipua
4483 3512 4648 3566 multa
4670 3513 4830 3576 bona,
4859 3513 4989 3569 levis
5013 3513 5258 3582 quaelibet
5276 3513 5430 3583 culpa

3865 3602 4291 3656 misericorditer
4321 3603 4645 3673 indulgetur.
4676 3601 4880 3658 Omnes
4912 3603 5167 3673 siquidem
5212 3615 5435 3674 possunt

3865 3695 4057 3749 anima:
4088 3709 4197 3749 suae
4239 3693 4409 3779 ιω
4438 3695 4652 3749 utilitati
4694 3694 4978 3750 consulere
5009 3712 5023 3747 :
5056 3710 5157 3769 non
5182 3681 5433 3750 omnibus

3867 3786 4050 3838 datum
4081 3794 4184 3846 est,
4217 3793 4324 3839 tam
4374 3785 4578 3849 ardua,
4626 3796 4731 3839 tam
4783 3785 5084 3841 necessaria
5134 3784 5430 3854 providere.

3866 3875 4045 3930 Facile
4074 3874 4225 3930 locus
4256 3875 4510 3929 tribuitur
4535 3875 4724 3939 venia,
4758 3875 4846 3929 ubi
4874 3875 4976 3928 hoc
5002 3875 5194 3929 intuitu
5221 3873 5426 3927 minora

3867 3964 4207 4033 negligimus,
4237 3973 4294 4017 ut
4328 3963 4396 4017 ad
4426 3963 4629 4034 majora
4674 3962 4965 4017 studiosius
4992 3965 5351 4032 accingamur.

3937 4054 4089 4120 Quod
4111 4054 4153 4109 si
4177 4055 4347 4108 ahbas
4371 4052 4437 4108 ab
4456 4052 4816 4108 exterioribus
4841 4060 5167 4120 temperans,
5185 4051 5435 4120 spiritus.

3868 4146 4006 4199 libus
4036 4160 4094 4198 se
4120 4145 4315 4200 studiis
4345 4142 4752 4212 mancipaverit,
4780 4141 5033 4211 gemitur,
5060 4140 5358 4209 suspiratur
5378 4146 5432 4193 et

3870 4235 4237 4304 unusquisque
4286 4248 4350 4288 ex
4390 4232 4698 4286 domestica:
4744 4229 5012 4285 facultatis
5046 4230 5255 4298 jactura
5285 4244 5433 4302 “euu-

3868 4324 4129 4395 queritur.
4164 4324 4320 4386 Ecce,
4358 4322 4650 4390 inquiunt,~
4676 4321 4865 4375 domus
4908 4328 5087 4373 sancta
5119 4316 5429 4382 destruitur,

3868 4416 4139 4485 possessio
4187 4424 4371 4469 nostra
4422 4412 4700 4475 minuitur,
4752 4422 4805 4466 et
4852 4425 4947 4481 per
4990 4409 5145 4463 unius
5173 4408 5435 4463 incuriam

3872 4514 3949 4560 tot
3978 4506 4215 4559 virorum
4248 4504 4527 4558 commoda
4559 4503 4626 4556 ad
4676 4500 4899 4555 nihilum
4944 4500 5273 4570 rediguntur.
5318 4498 5440 4552 Fiat

3874 4597 4235 4659 ratiocinium,
4262 4610 4525 4663 ponamus
4552 4594 4838 4659 calculum,
4865 4600 5140 4663 postquam
5170 4590 5256 4643 ille
5280 4603 5441 4659 super

3874 4700 3973 4741 nos
3995 4683 4230 4739 infausto
4257 4683 4497 4751 auspicio
4519 4684 4610 4753 jus
4639 4682 4867 4752 indignae
4889 4680 5163 4758 potestatis
5188 4678 5434 4745 accepit;

3874 4783 4045 4843 quot,
4095 4781 4149 4827 et
4178 4772 4353 4841 qualia
4400 4779 4715 4826 ornamenta
4746 4769 4996 4826 Ecclesia:
5040 4766 5440 4838 superaddidit?

3877 4865 4019 4932 Quot
4065 4864 4384 4934 prmdiorum
4438 4876 4655 4916 mansos
4702 4859 5024 4931 acquisivit?
5069 4858 5165 4913 Ubi
5207 4857 5482 4925 denique-

3877 4953 4233 5023 pusscssionis
4282 4961 4481 5006 nostra:
4526 4950 4787 5005 terminos
4828 4947 5141 5022 ampliavit?
5183 4945 5342 5000 Plane
5389 4947 5436 4999 si

3880 5059 3965 5097 res
3991 5042 4273 5111 diligenter
4310 5040 4621 5109 inquiritur,
4650 5038 4799 5093 locus
4821 5038 4910 5091 hic
4939 5050 5038 5091 suo
5066 5024 5299 5103 tempore
5325 5048 5437 5087 non

3877 5129 4032 5183 modo
4060 5146 4165 5183 non
4198 5139 4410 5191 auctus,
4438 5128 4529 5182 sed
4562 5126 4613 5182 in
4647 5126 4830 5180 multis
4874 5125 5049 5195 potius
5076 5122 5310 5179 cernitur
5332 5120 5437 5174 im-

3888 5222 4143 5274 minutus.
4176 5219 4270 5272 His
4302 5219 4480 5287 itaque
4506 5228 4560 5272 ct
4588 5215 4887 5285 hujusmodi
4928 5213 5289 5268 calamitatum
5330 5208 5435 5265 sti-

3892 5313 4049 5366 mulis
4078 5314 4301 5365 abbates
4343 5324 4484 5379 sepe
4509 5308 4764 5380 perculsi,
4799 5314 4855 5361 et
4896 5305 5248 5374 subjecton
5278 5298 5437 5355 mali-

3879 5404 3949 5455 tia
4030 5402 4379 5463 conturbati,
4446 5414 4545 5453 nec
4610 5398 4844 5468 quietam
4911 5394 5201 5464 prtevalent
5270 5392 5434 5445 vitam

3880 5508 4058 5561 agere,
4089 5507 4186 5546 nec
4219 5490 4488 5544 lucrandis
4538 5488 4838 5551 animabus,
4864 5491 5024 5555 prout
5065 5495 5245 5537 eorum
5270 5478 5438 5534 dictat

3881 5585 4131 5645 ndicium,
4174 5580 4454 5634 desudare.
4487 5578 4592 5632 Sed
4631 5579 4754 5631 dum
4799 5590 4898 5631 nos
4942 5574 5063 5627 talia
5091 5570 5435 5641 quorumdam

3882 5670 4135 5728 abbatum
4162 5714 4176 5738 ,
4227 5674 4341 5726 sive
4370 5671 4753 5727 monachorum
4778 5666 5128 5738 pravitatibus
5152 5661 5434 5731 loquimur,

3883 5778 4038 5816 nemo
4068 5778 4165 5816 nos
4190 5759 4348 5816 simul
4377 5775 4497 5813 cum
4531 5760 4611 5813 eis
4656 5752 4815 5811 etiam
4864 5755 5135 5825 religiosos
5160 5760 5318 5821 atque
5344 5749 5439 5804 bn-

3881 5859 4063 5907 nestos
4103 5864 4324 5919 carpere
4373 5846 4693 5919 suspicetur.
4738 5844 4941 5916 Quippe
4965 5855 5190 5914 quorum
5217 5836 5438 5901 vestiaia
