5664 6636
596 459 687 513 ιω

1393 450 1640 510 OPUSG.
1682 448 1818 507 XXI.
1854 477 1923 492 -—
1953 445 2038 503 Dii
2079 449 2264 507 FUGA
2298 448 2726 506 DIGNITATUM
2778 449 3059 508 ECCLES.

3745 442 3855 500 ιϐί

590 573 857 627 humiliter
902 571 1208 626 osculantes
1255 568 1651 639 ampleCtimur,
1683 578 1737 622 et
1782 569 1834 622 in
1875 567 1955 621 eis
2000 567 2162 621 Chri-
2196 574 2236 630 Α
2270 575 2354 619 tus
2384 565 2638 629 cilicium,
2680 574 2844 620 tantis
2884 565 3242 618 tentationmn
3284 561 3537 616 ﬂuctibus
3576 569 3848 615 aestuanti

585 674 747 721 stuin,
775 669 934 730 prout
958 661 1175 730 dignum
1202 670 1298 716 est.
1331 662 1638 713 adoramus.
1671 660 1794 714 illus
1822 660 1983 714 etiam
2015 659 2163 729 ipsos

585 769 920 822 nequaquam
972 754 1132 806 livido
1179 753 1534 807 detractionis
1599 753 1756 806 dente
1803 753 2160 813 corrodimus,

578 847 675 899 sed
705 861 890 899 eorum
941 846 1118 914 potius
1166 841 1404 897 fraterna
1450 845 1826 912 compassione
1869 844 2164 913 plectendis

583 937 826 991 moribus
871 936 1252 1001 condolemus;
1303 935 1394 1005 qui
1448 936 1701 989 nimirum
1754 949 1849 1002 per
1892 935 2162 988 dissoluta:

580 1028 1006 1083 conversationis
1033 1029 1314 1089 incuriam,
1347 1043 1451 1080 non
1477 1026 1647 1080 solum
1673 1027 1828 1081 nobis
1850 1026 2162 1080 scandalum

579 1129 860 1190 generant,
892 1120 986 1172 sed
1017 1118 1148 1186 ipsis
1175 1120 1338 1174 etiam
1368 1120 1717 1173 sarcularibus
1744 1119 2085 1178 detrahendi.
2110 1128 2164 1173 et

579 1207 884 1263 detestandi
937 1222 1154 1263 sacrum
1226 1208 1509 1274 ordinem,
1564 1209 1846 1263 materiam
1899 1209 2162 1264 submini-

578 1305 776 1352 Itrant.

649 1389 1008 1456 Quapropter,
1056 1385 1435 1449 dilectissime,
1491 1385 1625 1440 satis
1693 1384 2055 1448 laudabiliter,
2108 1394 2162 1437 et

579 1474 880 1545 prudenter
898 1475 1080 1544 egisti,
1112 1475 1362 1529 videlicet
1408 1485 1463 1528 ut
1513 1474 1782 1528 infecundi
1814 1474 2013 1528 laboris
2040 1491 2162 1542 gra—

575 1566 857 1618 vissimum
907 1567 1115 1635 pondus
1161 1567 1448 1635 abjiceres,
1476 1576 1530 1619 et
1564 1566 1810 1636 levigatis
1858 1567 2161 1622 cervicibus

575 1657 640 1706 ad
668 1653 959 1712 fructuosa:
987 1657 1182 1725 quietis
1210 1658 1378 1710 otium
1406 1657 1740 1710 convolarcs.
1773 1657 1885 1711 Hoc
1909 1658 2001 1710 tibi
2031 1674 2161 1712 con-

576 1743 757 1797 silium
788 1760 892 1797 nou
929 1760 1059 1800 caro
1088 1745 1169 1798 vel
1199 1746 1416 1814 sanguis
1441 1746 1704 1808 attribuit,
1731 1746 1823 1800 sed
1857 1747 2036 1800 divina
2068 1764 2160 1817 po.

574 1834 682 1886 tius
731 1835 1007 1888 mixeratio
1057 1835 1274 1889 cmlitus
1340 1836 1639 1905 inspiravit.
1707 1836 2156 1906 Quandoquidem

2268 665 2324 709 ut
2351 655 2734 709 violentissima
2762 671 2939 725 pugna
2966 671 3023 710 se
3057 667 3254 723 capere
3279 654 3330 706 in
3357 667 3543 707 eorum
3569 652 3730 706 corde
3761 651 3850 707 vix

2265 747 2452 816 possit.
2486 747 2792 815 Proponnut
2820 763 3050 815 namque
3088 747 3188 801 sibi
3227 746 3442 815 maligni
3473 745 3696 814 spiritus
3718 757 3853 810 qua-

2267 835 2335 888 lia
2362 844 2415 888 et
2438 852 2599 904 quam
2652 836 2969 904 multiplicia
2996 837 3299 890 animarum
3327 835 3473 888 lucra
3509 837 3616 888 Deo
3644 834 3854 904 potuis-

2245 934 2386 982 sent
2412 927 2693 994 acquirere
2720 968 2732 989 ,
2766 927 2812 979 si
2843 928 3116 996 patienter
3146 926 3196 978 in
3227 941 3312 989 eo,
3340 940 3448 993 quo
3479 925 3729 986 fuerant,
3760 939 3856 976 vo-

2265 1012 2491 1067 luissent
2523 1015 2712 1068 ordine
2741 1030 3083 1083 permanere.
3116 1014 3285 1082 Quam
3324 1014 3505 1083 plures
3550 1015 3694 1067 enim
3723 1055 3736 1078 ,
3772 1015 3854 1067 in-

2265 1103 2478 1172 quiunt,
2513 1119 2576 1158 ex
2607 1105 2848 1158 saeui-ari
2875 1105 3060 1159 habitu
3084 1106 3150 1158 ad
3175 1106 3493 1160 servitutem
3525 1105 3726 1161 Christi
3760 1116 3852 1160 tua

2264 1196 2639 1250 exhortatione
2664 1206 3074 1258 concurrerent,
3093 1198 3194 1265 ipsi
3219 1197 3382 1251 etiam
3406 1199 3497 1267 qui
3528 1197 3698 1252 relicti
3725 1209 3856 1252 sunt

2264 1281 2422 1338 facile
2443 1299 2524 1344 .se
2563 1301 2593 1337 a
2643 1285 2756 1339 suis
2805 1286 3164 1354 pravitatibus
3209 1287 3547 1341 cohiberent.
3585 1287 3690 1342 Sed
3738 1290 3854 1343 ha'c

2265 1374 2404 1427 bona
2441 1375 2650 1444 rogitas
2686 1375 2938 1438 abstulit,
2967 1376 3152 1429 vitium
3187 1376 3558 1433 instabilitatis
3597 1379 3853 1434 esclusit.

2267 1461 2515 1532 Nunquid
2549 1464 2642 1517 tibi
2670 1464 2767 1517 soli
2795 1473 2954 1517 natus
2983 1480 3072 1528 es,
3116 1475 3176 1518 ut
3206 1466 3408 1518 nullmn
3439 1468 3506 1520 de
3535 1479 3586 1519 te
3618 1469 3854 1536 proximi

2265 1553 2338 1603 tui
2383 1553 2632 1604 solatium
2665 1552 2930 1614 sentiant;
2975 1552 3107 1605 nulli
3154 1569 3219 1607 ex
3275 1565 3324 1606 te
3350 1595 3365 1618 ,
3402 1555 3546 1608 velut
3583 1573 3644 1609 es
3678 1559 3857 1613 sterili

2265 1643 2460 1694 arbore
2489 1640 2703 1710 (Matth.
2731 1643 2883 1709 xxv),
2913 1656 2977 1696 ac
2999 1656 3098 1711 per
3127 1643 3228 1696 hoc
3254 1643 3467 1712 ignibus
3491 1645 3696 1707 debita,
3736 1646 3854 1700 frn-

2262 1741 2384 1783 ctus
2413 1731 2738 1798 erumpant?
2768 1730 2971 1784 Servus
3004 1733 3113 1796 ille,
3140 1734 3229 1802 qui
3257 1735 3311 1787 in
3341 1736 3560 1789 sudario
3588 1738 3852 1794 talentum

2263 1822 2428 1876 herile
2453 1822 2690 1890 reposuit
2715 1821 2867 1892 (Luc.
2896 1823 3032 1893 xix),
3072 1811 3330 1879 districta:
3360 1827 3853 1884 animadversionis

576 1938 719 1974 uuuc
733 1933 912 1987 “Cat,
934 1924 1069 1980 etde
1092 1925 1306 1995 propria
1329 1925 1503 1979 salute
1526 1928 1861 1995 propensiori
1887 1927 2152 1983 ﬁericura
2188 1919 2230 1975 Β
2259 1914 2585 1984 sententiam
2621 1929 2726 1967 non
2756 1916 2948 1978 evasit,
2992 1927 3047 1970 et
3074 1930 3138 1969 ex
3171 1932 3236 1970 eo
3266 1916 3517 1971 incautus
3544 1918 3597 1970 in
3627 1920 3856 1974 damna-

573 2008 884 2073 sollicitum,
912 2020 966 2064 et
995 2011 1061 2066 de
1090 2023 1169 2067 tot
1195 2014 1500 2068 animarum
1540 2030 1647 2068 non
1677 2017 1946 2070 reddenda
1979 2020 2158 2072 multi-

573 2100 697 2168 plici
734 2102 939 2158 ratione
964 2117 1233 2158 securum.
1277 2103 1662 2161 Verumtamen
1694 2109 1948 2176 quoniam
1980 2119 2158 2165 veter-

574 2207 745 2246 nosus
772 2193 990 2247 humani
1038 2195 1251 2265 generis
1284 2195 1556 2259 inimicus,
1589 2198 1678 2266 qui
1712 2199 1856 2252 mille
1883 2209 2027 2254 artes
2056 2215 2155 2253 no—

570 2280 733 2332 eendi
766 2291 962 2344 movet,
996 2294 1206 2338 mentes
1237 2300 1517 2339 servorum
1552 2286 1644 2341 Dei
1676 2288 1894 2357 pulsare
1926 2306 2030 2344 non
2064 2292 2155 2345 de-

572 2368 723 2436 sinit,
756 2378 810 2422 et
841 2371 1001 2426 illatis
1033 2373 1267 2428 diversis
1298 2377 1687 2431 tentationibus
1716 2378 1998 2446 quiescere
2045 2397 2152 2435 non

573 2460 873 2526 permittit;
904 2463 1118 2530 expedit
1148 2474 1200 2518 te
1223 2473 1372 2518 tanto
1400 2465 1684 2521 sollicitius
1710 2469 1857 2522 circa
1878 2471 2150 2541 propriam

571 2550 872 2602 custodiam
920 2552 1164 2620 vigilare,
1197 2562 1400 2621 quanto
1448 2553 1575 2609 licet
1618 2543 1687 2609 ab
1737 2557 1924 2612 alienae
1974 2561 2155 2628 provi-

572 2640 743 2693 sionis
789 2655 917 2693 cura
966 2643 1244 2698 desistere.
1293 2644 1493 2699 Locum
1541 2647 1739 2716 quippe
1775 2650 2018 2712 mutasti,
2057 2651 2150 2704 sed

572 2743 678 2779 non
728 2728 938 2782 hostem
976 2748 991 2782 :
1035 2743 1087 2785 et
1133 2747 1456 2803 quocunque
1503 2750 1730 2804 pergas,
1779 2739 2154 2805 corruptionis

572 2826 674 2871 tua:
706 2829 907 2882 tecum,
948 2821 1101 2885 velis,
1136 2823 1297 2886 nolis,
1343 2826 1616 2880 sarcinam
1663 2837 1886 2896 portas;
1935 2844 1999 2882 ex
2047 2845 2152 2898 qua

572 2922 798 2962 necesse
825 2921 906 2963 cst
935 2912 1137 2980 spinas,
1161 2922 1215 2967 et
1237 2915 1462 2970 tribulos
1488 2916 1824 2972 incessanter
1848 2935 2146 2989 enitet-gere,

570 2999 622 3051 in
674 3000 875 3070 quibus
921 3005 1286 3074 exstirpandis
1343 3011 1593 3076 expediat
1640 3019 1692 3064 te
1746 3011 2152 3082 infatigabiliter

566 3102 842 3144 exercere.
875 3091 1075 3146 Desunt
1103 3095 1369 3160 homines,
1395 3100 1484 3165 qui
1517 3100 1611 3153 tibi
1644 3102 2018 3156 machinentur
2046 3104 2147 3158 lin-

570 3192 795 3242 guarum
825 3194 1042 3235 suarum
1088 3185 1310 3253 sagittas
1359 3185 1633 3257 inﬂigere;
1673 3190 1869 3245 adsunt
1901 3193 2149 3254 invisibi-

2265 2003 2425 2056 tioais
2448 2004 2744 2072 periculum
2775 2005 2970 2058 cecidit
2997 2046 3010 2068 ,
3040 2005 3182 2059 unde
3211 2008 3364 2075 quasi
3393 2017 3582 2062 cautus
3607 2007 3705 2062 s.bi
3733 2025 3858 2078 pro-

2260 2094 2439 2149 videre
2477 2098 2705 2164 putavit.
2745 2097 2848 2150 Alii
2888 2099 3082 2152 dedisti
3127 2100 3433 2156 mercedem
3469 2113 3644 2167 tuam,
3674 2105 3856 2175 proje-

2257 2186 2378 2240 cisi
2409 2203 2438 2240 a
2487 2198 2537 2242 te
2564 2196 2835 2258 perpetuac
2864 2192 3317 2247 remunerationis
3359 2193 3705 2264 acquirendze
3733 2212 3854 2253 ma-

2259 2279 2471 2332 teriam.

2328 2370 2472 2433 Inter
2517 2371 2631 2425 haac
2681 2373 2847 2425 etiam
2896 2373 2965 2428 ad
3012 2375 3328 2429 memoriam
3378 2385 3636 2429 revocant
3686 2377 3852 2446 hujus

2258 2460 2438 2512 tumidi
2467 2461 2630 2526 bona,
2656 2463 2849 2531 quibus
2891 2474 3012 2517 erat
3046 2474 3176 2519 ante
3206 2465 3585 2533 circumﬂuus;
3617 2446 3851 2538 exagge-

2257 2559 2378 2601 rant
2408 2552 2743 2619 paupertatis
2771 2553 3046 2622 inopiam,
3082 2555 3134 2608 in
3183 2570 3288 2624 qua
3327 2570 3468 2610 nunc
3497 2556 3740 2612 cernitur
3765 2558 3850 2613 in-

2256 2636 2484 2692 feliciter
2509 2641 2866 2707 constitutus;
2899 2653 2972 2707 et,
3005 2653 3063 2696 ut
3097 2660 3310 2698 murum
3351 2647 3550 2700 mentis
3574 2647 3848 2716 impactus

2255 2733 2571 2786 teutationis
2621 2735 2766 2788 aries
2797 2736 2978 2791 acrius
3015 2735 3218 2801 feriat,
3272 2739 3511 2792 additur.
3563 2739 3845 2810 Perpende

2254 2837 2410 2891 ergo,
2449 2837 2656 2890 quanto
2703 2825 2899 2879 melius
2943 2827 3016 2880 sit
3053 2842 3175 2881 cum
3220 2827 3330 2884 Deo
3379 2830 3634 2886 omnibus
3677 2831 3850 2890 etiam

2256 2913 2644 2981 temporalibus
2666 2915 2821 2970 bonis
2843 2916 3080 2980 afﬂuere,
3104 2935 3266 2987 quam
3288 2930 3479 2979 contra
3505 2921 3670 2979 Deum
3695 2925 3850 2982 omni

2255 3005 2498 3058 subsidio
2521 3001 2924 3062 sustentaturize
2946 3007 3109 3084 5.63
3129 3013 3472 3067 necessitatis
3493 3027 3652 3081 egere
3675 3033 3687 3067 :
3716 3017 3849 3084 quia

2255 3093 2424 3149 Deum
2456 3112 2561 3149 non
2609 3097 2860 3164 timuisti,
2915 3102 3261 3170 temetipsum
3296 3102 3602 3173 dejiciendo
3652 3116 3707 3159 et
3756 3108 3848 3162 de-

2257 3184 2635 3251 honestando,
2686 3197 3076 3254 contemnere,
3132 3193 3369 3261 propriis
3421 3193 3612 3249 saltem
3658 3196 3850 3253 usibus

569 3266 643 3321 les
671 3268 900 3332 inimici,
925 3273 1013 3338 qui
1035 3273 1318 3327 adversum
1356 3285 1405 3328 te
1432 3293 1706 3347 nunquam
1731 3279 1981 3338 desinant
2009 3283 2150 3338 fero-
2171 3258 2224 3322 (ἶ
2257 3281 2523 3336 debueras
2552 3265 2867 3353 temporalia
2892 3283 3053 3352 hujus
3073 3287 3197 3340 vitae
3226 3288 3497 3355 stipendia
3525 3305 3844 3361 procurare,

569 3357 701 3410 riter
724 3359 1007 3413 dLmieare.
1042 3361 1117 3414 llli
1149 3376 1279 3416 sane
1311 3375 1562 3432 poterant
1598 3378 1772 3423 tecum
1805 3373 1994 3440 sopitis
2021 3387 2152 3441 que-

569 3445 690 3499 relis
735 3445 882 3500 facili
931 3450 1375 3508 reconciliatione
1418 3457 1706 3522 componi;
1761 3458 1847 3512 isti
1901 3462 2151 3516 nesciunt

566 3539 889 3608 quandoque
919 3541 1122 3596 homini
1151 3557 1284 3610 pace
1308 3548 1607 3614 composita
1639 3548 1916 3602 fmJerari.
1948 3550 2026 3603 llli
2055 3553 2144 3604 ad-

567 3641 778 3681 versum
812 3639 864 3682 te
894 3630 1036 3682 nuUa
1071 3641 1302 3694 norunt,
1347 3634 1450 3688 nisi
1489 3637 1759 3689 exteriora
1792 3653 1944 3690 arma
1973 3641 2148 3693 corri-

563 3728 715 3780 pere',
742 3717 832 3771 isti
859 3720 910 3771 in
938 3719 1065 3787 ipsis
1088 3722 1282 3776 mentis
1303 3730 1406 3776 tuae
1427 3725 1697 3779 moenibus
1720 3727 2144 3796 impiesaaviunt,

563 3802 715 3874 461
751 3807 804 3860 in
833 3807 945 3877 ipsa
974 3809 1047 3861 tui
1075 3811 1310 3877 pectoris
1339 3811 1472 3867 urbe
1516 3814 1830 3883 conﬂigunt.
1858 3817 1949 3886 Et,
1986 3829 2044 3872 ut
2075 3821 2144 3873 ita

557 3895 878 3963 congressio
920 3898 1272 3975 periculosior
1298 3902 1550 3954 videatur
1571 3943 1586 3966 ,
1621 3904 1671 3957 in
1718 3905 1831 3972 ipsa
1859 3923 2023 3962 carne
2056 3919 2143 3963 tua

559 3983 802 4049 quadam
835 3985 988 4050 quasi
1018 3986 1249 4053 perfidos
1282 3989 1374 4042 tibi
1408 3991 1806 4047 commilitones
1840 3994 2142 4060 inveniunt,

560 4088 690 4141 quos
719 4075 773 4127 in
812 4089 1162 4145 augmentum
1210 4094 1320 4132 sua:
1350 4081 1522 4149 partis
1569 4084 1898 4139 adsciscunt.
1928 4086 1984 4139 In
2036 4090 2142 4143 tuis

560 4161 759 4219 laribus
805 4167 957 4230 vivit,
989 4169 1127 4222 umle
1158 4171 1403 4225 hostibus
1431 4173 1538 4228 tuis
1566 4175 1733 4229 robur
1762 4180 2056 4244 accrescit;
2089 4191 2143 4236 et

558 4255 811 4310 vitiorum
850 4269 1091 4312 monstra
1119 4300 1135 4324 ,
1180 4277 1304 4315 cum
1349 4263 1686 4320 inimicorum
1722 4268 2008 4322 adversum
2044 4287 2142 4336 nos

555 4345 843 4412 spirituum
876 4347 1010 4400 bella
1039 4359 1410 4420 consurgunt,
1442 4352 1548 4409 illis
1588 4355 1792 4412 sociata
1822 4359 2142 4429 constipatis

556 4448 650 4489 nos
671 4437 866 4490 cuneis
896 4433 1138 4495 feraliter
1162 4450 1437 4510 premunt.

1174 4549 1404 4606 CAPUT
1440 4552 1525 4609 Ill.

555 4631 749 4699 Quibus
782 4636 986 4692 artibus
1014 4639 1220 4724 deamo]:
1261 4644 1528 4724 oppugnet
1547 4663 1637 4701 eos
1671 4651 1761 4719 qui
1808 4668 1862 4706 se
1890 4671 1921 4706 α
1947 4654 2137 4724 prwla-

1092 4711 1222 4763 luris
1258 4711 1590 4770 abdicarunt.

618 4792 786 4849 Stude
812 4808 970 4865 ergo,
1002 4796 1349 4855 dilectissime
1374 4841 1388 4864 ,
1421 4818 1516 4873 per
1545 4817 1748 4861 sanctae
1769 4813 2139 4867 conversatio-

552 4882 628 4935 nis
652 4883 970 4938 instamiam
994 4888 1072 4940 sic
1106 4888 1159 4940 in
1180 4890 1458 4945 anteriora
1481 4898 1826 4962 contendere,
1853 4908 1912 4953 ut
1932 4902 2138 4956 nesciat

552 4990 694 5028 tuens
725 4986 818 5031 tua
845 4986 969 5046 post
1005 4969 1212 5049 tergum
1240 4981 1425 5037 oculos
1450 4999 1726 5043 revocare.
1756 4989 1889 5045 illud
1914 5004 2133 5060 aposto—

550 5061 704 5119 licum
733 5080 958 5136 semper
1008 5069 1060 5122 in
1107 5073 1371 5127 memoria
1419 5085 1698 5142 teneatur,
1739 5096 1848 5150 quo
1889 5084 2134 5140 dicitur:

553 5172 572 5203 ‹
602 5153 731 5222 Quae
763 5167 918 5212 retro
943 5159 1156 5224 oblitus,
1188 5163 1240 5216 in
1262 5179 1325 5218 ea
1358 5205 1373 5228 ,
1402 5182 1522 5234 qua:
1550 5171 1824 5226 anteriora
1855 5184 2010 5240 sunt,
2037 5192 2133 5231 ex-

551 5247 770 5301 tendens
819 5262 936 5313 me,
967 5263 1164 5320 sequor
1190 5253 1257 5306 ad
1289 5255 1532 5310 bravium
1559 5275 1807 5328 superna:
1835 5267 2134 5322 vocationis

550 5331 798 5407 (Philipp.
828 5337 942 5405 ιιι).
975 5358 995 5390 ι
1037 5340 1159 5394 Sint
1194 5344 1348 5410 fades
1377 5348 1474 5410 tui,
1501 5348 1641 5402 sicut
1673 5366 1770 5418 per
1793 5352 2131 5410 Ezechielem

551 5423 609 5513 tle
627 5427 800 5481 sacris
821 5427 1151 5485 animalibus
1179 5432 1398 5499 dicitur,
1427 5455 1443 5485 ε
1463 5437 1616 5504 pedes
1641 5441 1766 5492 recti
1789 5439 2004 5510 (Ezech.
2032 5449 2126 5513 1).:

551 5509 808 5572 Nimirum
832 5516 931 5587 cui
961 5518 1038 5574 sic
1063 5524 1312 5578 noverint
1335 5538 1620 5596 angustum
1643 5528 1769 5596 iter,
1794 5534 1936 5602 quod
1966 5509 2132 5592 semel

551 5614 818 5674 arreptum
850 5615 941 5661 est
961 5648 974 5669 .
1003 5622 1226 5680 carpere
1245 5652 1260 5673 ,
1293 5625 1353 5667 ut
1381 5615 1448 5668 ad
1487 5632 1605 5670 eam
1648 5634 1770 5688 qua:
1796 5621 1982 5678 relicta
2007 5635 2086 5679 est
2115 5667 2131 5690 ,

552 5698 879 5766 retrogradis
907 5700 1183 5766 gressibus
1207 5701 1566 5773 dedignentur
1588 5724 1646 5762 se
1675 5711 2016 5767 latitudinem
2044 5731 2130 5768 re-

552 5791 791 5857 torquere
849 5786 1106 5845 Nonnulli
1137 5791 1283 5846 enim
1329 5803 1452 5866 post
1478 5797 1780 5870 depositum
1811 5803 1892 5856 sui
1919 5804 2132 5876 priora.

2252 3370 2410 3426 Modo
2461 3374 2625 3426 etiam
2671 3375 2838 3428 falsus
2878 3391 3034 3430 amor
3069 3393 3255 3432 eorum
3291 3379 3516 3434 fratrum
3545 3422 3560 3446 ,
3611 3398 3849 3451 quorum

2253 3464 2448 3517 devoto
2483 3462 2664 3518 fuerat
2704 3480 2836 3519 usus
2882 3465 3144 3535 obsequio
3169 3507 3184 3532 ,
3221 3469 3453 3524 latenter
3503 3473 3846 3539 immittitur;

2253 3553 2412 3604 moon
2436 3551 2571 3606 livor
2592 3553 2648 3610 in
2671 3569 2766 3609 eos
2789 3555 2879 3622 qui
2904 3557 3174 3611 adversati
3207 3557 3428 3613 fuerunt
3458 3578 3564 3618 non
3601 3564 3848 3622 modicus

2249 3642 2538 3695 excitatur.
2575 3643 2710 3698 Istos
2755 3644 2898 3699 dolet
2922 3689 2935 3709 ,
2963 3648 3088 3714 quia
3132 3662 3191 3702 se
3221 3662 3631 3719 conquernntur
3659 3656 3726 3709 ab
3753 3671 3844 3717 eo.

2249 3731 2302 3783 in
2344 3747 2507 3801 quem
2557 3745 2953 3802 speraverant,
3003 3739 3336 3793 remansisse
3380 3740 3664 3811 deceptos;
3718 3745 3846 3798 illos

2249 3832 2453 3884 autem,
2484 3823 2609 3890 quia
2668 3839 2726 3878 se
2775 3826 3078 3894 gloriantur
3130 3829 3197 3882 de
3243 3844 3354 3883 suae
3400 3837 3845 3904 praesumptionis

2247 3911 2562 3965 excessibus
2607 3912 2922 3980 impunitos.
2971 3915 3107 3970 Istos
3135 3927 3289 3987 putat
3316 3921 3381 3975 de
3409 3936 3509 3976 sua
3543 3922 3847 3990 deiectione

2246 4002 2547 4065 tabescere,
2577 4002 2697 4058 illos
2721 4005 2868 4058 velut
2891 4006 3142 4064 inimicos
3170 4011 3284 4065 suis
3309 4014 3526 4068 casibus
3557 4016 3842 4076 insultare.

2245 4090 2384 4146 Istos
2410 4093 2666 4161 Opinatur
2694 4111 2723 4147 a
2754 4095 2870 4150 suis
2901 4097 3116 4153 canalis
3140 4102 3451 4169 comprimi,
3486 4104 3606 4158 illos
3645 4120 3846 4170 tumret

2248 4181 2300 4233 in
2333 4181 2602 4252 superbia:
2621 4185 2884 4241 cornibus
2906 4199 3226 4258 arroganter
3252 4193 3462 4249 extolli.
3497 4195 3623 4251 Haec
3654 4207 3707 4253 et
3734 4200 3845 4258 alia

2247 4274 2415 4326 multa
2429 4274 2828 4344 cogitationum
2859 4278 3239 4347 phantasmata
3271 4287 3592 4354 nequissimi
3615 4289 3843 4358 spiritus

2239 4366 2495 4420 humanis
2534 4368 2806 4423 mentibus
2854 4361 3144 4440 ingerunt,
3176 4373 3260 4429 his
3302 4376 3560 4432 nimirum
3597 4396 3716 4448 qum
3749 4401 3846 4440 ne-

2243 4471 2511 4525 quaquam
2545 4472 2602 4512 se
2630 4455 2758 4512 forti
2804 4462 3203 4530 prosper-tionis
3229 4467 3475 4521 custodia
3512 4470 3844 4527 circumclu-

2172 4588 2220 4646 ο
2246 4548 2398 4601 dunt.
2420 4547 2558 4602 Hinc
2579 4551 2830 4617 estquod
2855 4552 3142 4607 nounullos
3165 4556 3443 4611 cernimus
3469 4562 3844 4629 prmpositnnu

2246 4651 2369 4688 cum
2395 4650 2589 4706 magno
2610 4639 2763 4707 prius
2789 4637 3002 4694 fervore
3029 4643 3290 4698 desedere
3318 4643 3658 4720 [decedere],
3693 4663 3844 4727 post-

2247 4727 2463 4781 modum
2499 4743 2628 4782 vero
2668 4729 2736 4783 ad
2776 4732 3028 4786 eumdem
3058 4735 3320 4789 vomitum
3363 4736 3686 4806 importuna:
3726 4760 3844 4796 azn.

2245 4816 2469 4871 bitionis
2503 4817 2767 4872 instantia
2811 4819 3101 4888 festinare;
3145 4835 3200 4877 ct
3245 4828 3623 4897 multiplicium
3661 4841 3839 4886 tenta.

2239 4906 2451 4960 tinuum
2477 4909 2656 4963 vallati
2682 4909 2972 4975 densitate,
2996 4913 3078 4967 vel
3105 4917 3171 4968 ad
3200 4920 3483 4993 concupita
3519 4922 3840 4995 decutiunt,

2242 4997 2324 5048 vel
2377 5013 2404 5049 a
2450 4999 2622 5052 sancti
2672 5001 2853 5069 operis
2897 5018 3006 5072 quo
3056 5003 3454 5069 incanduerunt
3493 5009 3704 5068 fervore
3752 5023 3836 5069 te—

2241 5099 2489 5157 pcscunt.

2312 5176 2390 5231 Tu
2442 5189 2645 5243 autem,
2681 5180 3050 5249 dilectissime,
3098 5183 3253 5254 juxta
3301 5191 3643 5257 prudentiam
3685 5205 3832 5254 tuam

2238 5266 2496 5334 virtutum
2544 5270 2710 5324 armis
2755 5270 2912 5330 fortis
2961 5276 3234 5343 prazlfator
3274 5281 3560 5351 accingere
3586 5325 3600 5347 ,
3639 5295 3834 5344 contra

2240 5355 2412 5411 hostis
2435 5360 2640 5412 versuti
2657 5361 2880 5420 insidias
2907 5379 3123 5438 semper
3143 5368 3195 5422 in
3219 5369 3335 5424 acie
3359 5382 3581 5440 paratus
3609 5375 3830 5442 assiste,

2238 5459 2431 5500 vanam
2464 5448 2624 5516 hujus
2658 5453 2842 5504 mtmdi
2871 5454 3099 5522 gloriam
3146 5459 3365 5528 despice
3390 5501 3404 5525 ,
3458 5472 3686 5519 terrente
3711 5466 3832 5521 feli-

2235 5536 2417 5591 citatis
2439 5536 2802 5598 blandimenta
2826 5553 3136 5616 contemne,
3158 5551 3417 5620 quidquid
3442 5554 3495 5606 ia
3523 5558 3723 5614 saeculo
3739 5575 3828 5619 ar.

2237 5626 2394 5690 ridet,
2423 5637 2678 5697 tanquam
2722 5631 3095 5690 ludiﬁcatoria:
3130 5638 3532 5709 imaginationis
3555 5648 3826 5708 somnium

2237 5716 2455 5784 (lupata,
2489 5719 2556 5772 ad
2582 5734 2766 5780 veram
2791 5722 2937 5778 illam
2960 5726 3198 5783 omlestis
3221 5730 3410 5798 patria:
3434 5733 3826 5797 beatitudinem

2240 5827 2336 5866 cor
2356 5821 2597 5871 et't‘t'lttttt
2627 5813 2756 5870 totis
2786 5814 3085 5877 visceribus
3120 5818 3448 5878 iuardescat.
3481 5821 3615 5880 Cum
3640 5840 3824 5904 pugn;

5179 108 5181 196 ι

5179 197 5181 308 ι

4801 6221 5181 6443 ἀ
