5664 6644
572 381 668 441 ιΓό

1345 379 1591 440 oresc.
1647 377 2227 435 XXll.-—CONTR.t
2262 380 2597 439 CLERICOS
2659 383 2971 463 .teLtpos.

3679 388 3787 445 £156

572 513 621 555 et
645 514 877 555 manusua
904 498 1114 569 lingua,
1144 497 1285 567 quod
1314 499 1578 554 esttfavo:
1604 496 1962 562 adulationis,
1988 496 2114 551 snb-
2144 494 2189 553 A
2218 507 2346 547 suos
2366 494 2764 551 adulationibus
2789 499 3117 568 lingerenou
3142 500 3416 555 omittunt.
3442 498 3790 571 Neqitatjua-u

572 598 843 658 sequentcr
865 588 1193 656 agnoscitur.
1226 588 1358 655 Quis
1388 589 1530 642 enim
1558 583 1893 641 manifestius
1921 603 2117 657 appro~

573 682 720 735 hatur
735 694 828 749 pro
848 678 1208 747 adipiscendis
1225 678 1517 732 honoribus
1533 684 1793 745 praestare
1812 678 2116 744 pecuniam,

573 784 716 840 quam
745 768 788 821 is
811 768 899 835 qui
928 776 1000 820 tot
1032 781 1293 837 expensas
1317 766 1513 819 utendo
1540 764 1823 829 vehiculis,
1856 774 1933 818 tot
1958 765 2121 820 faeni.

574 865 727 909 tatum
754 869 989 909 summas
1036 856 1088 909 in
1135 853 1453 909 accurandis
1503 854 1858 920 pretiosarum
1893 856 2121 909 vestium

570 943 787 1013 prodigit
811 944 1182 999 ornamentis?
1213 943 1394 1011 quue
1440 951 1659 1010 superat
1693 957 1816 996 eum
1845 944 1931 1011 qui
1962 961 2122 1014 pecu.

570 1034 703 1087 niam
756 1034 921 1087 semel
976 1033 1259 1104 appendit,
1312 1032 1439 1101 quia
1489 1047 1596 1087 non
1675 1042 1962 1089 contentus
2021 1052 2112 1090 so-

570 1120 828 1177 lummodo
856 1122 1143 1178 facultates
1162 1120 1485 1191 expendere,
1530 1121 1877 1191 semetipsum
1912 1138 2125 1193 quoque

570 1225 667 1264 non
712 1211 918 1266 dubitat
948 1218 1223 1280 “tanquam
1266 1224 1481 1265 servum
1528 1211 1753 1265 Domino
1798 1212 2124 1268 vindititimn

569 1298 774 1368 subjuga
782 1314 856 1354 re.

630 1388 743 1443 lam
769 1403 902 1442 vero
947 1388 1069 1457 quis
1116 1389 1356 1459 ambigat
1380 1405 1523 1455 eum,
1547 1406 1669 1447 eum
1700 1392 1860 1447 datur
1887 1394 2126 1459 occasio,

568 1470 944 1533 favorabilibus
996 1479 1273 1534 domintlm
1314 1496 1469 1537 suum
1526 1486 1705 1539 verbis
1753 1487 2014 1550 oblinere,
2071 1495 2133 1540 ut

566 1580 678 1618 eum
720 1567 909 1623 blanda
941 1570 1116 1638 possit
1147 1571 1455 1627 adulatione
1493 1574 1772 1628 mulcere?
1818 1574 1988 1642 thue
2012 1573 2131 1639 ejus

570 1656 790 1710 animum
844 1661 1048 1729 capiat,
1096 1662 1238 1729 quod
1281 1662 1381 1716 sibi
1431 1663 1603 1731 magis
1650 1664 1879 1732 placeat,
1908 1662 2132 1716 callidus

568 1747 867 1804 observator
893 1751 1161 1820 explorat.
1195 1752 1378 1806 Oculis
1403 1752 1602 1821 gliscit,
1640 1752 1878 1821 gestibus
1929 1752 2126 1814 innttit,

2224 598 2353 652 ergo
2387 582 2718 639 dilliteantur
2743 602 2801 641 se
2834 590 3047 643 dedisse
3073 591 3375 657 pecuniam,
3407 592 3497 659 qui
3529 593 3793 660 praelatio-

2223 674 2307 725 nis
2345 674 2637 727 ambitione
2666 675 2999 744 principibus
3033 679 3287 733 exhibent
3318 681 3643 734 clientelam.
3693 683 3793 745 Qui

2223 762 2478 815 nimirum
2534 764 2915 818 dominationis
2968 768 3568 834 desiderioserviunt;
3622 754 3695 823 et’
3739 781 3799 823 ut

2224 850 2427 906 divitiis
2454 852 2690 917 atlluaut,
2722 870 2843 907 eum
2870 854 3216 912 facultatibus
3239 861 3370 921 suis,
3400 871 3451 914 ct
3480 862 3799 929 semetipsos

2223 943 2550 1010 expendunt.
2602 942 3002 1007 Huniiliantur,
3065 955 3123 999 ut
3179 951 3519 1015 postmodum
3582 954 3799 1018 impune.

2226 1032 2561 1099 superbiant,
2594 1046 2651 1086 se
2679 1033 3027 1103 pedissequos
3062 1034 3339 1099 exhibent,
3373 1048 3432 1091 ttt
3460 1042 3800 1107 praecedant;

2228 1117 2503 1173 laboribus
2552 1129 2878 1184 atteruntur,
2912 1131 2969 1173 ut
2998 1122 3301 1190 gaudeant;
3346 1126 3655 1194 afﬂiguntur
3713 1127 3797 1178 in»

2230 1206 2374 1276 cpia,
2403 1216 2461 1276 ut
2491 1209 2748 1275 nuptialis
2771 1210 2932 1264 edulii
2960 1210 3214 1264 continua
3240 1215 3582 1281 postmodum
3612 1204 3798 1283 epula-

2229 1298 2375 1350 tione
2397 1304 2723 1364 turgescant;
2742 1308 2795 1351 et
2811 1298 2957 1353 velut
2977 1300 3251 1369 proposita
3266 1300 3575 1355 venalitatis
3590 1318 3637 1354 ιη
3647 1317 3802 1366 cnsn,

2230 1386 2524 1444 funerando
2572 1388 2873 1453 servitium,
2922 1397 3233 1443 mercantur
3259 1389 3563 1456 imperium.
3606 1389 3808 1441 Amant

2231 1475 2376 1527 enim
2397 1475 2601 1543 primos
2628 1475 2900 1530 recubitus
2922 1478 2973 1530 in
2996 1479 3187 1543 cumis,
3210 1486 3265 1533 et
3293 1479 3498 1547 primas
3518 1480 3807 1532 cathedras

2234 1564 2287 1616 in
2316 1564 2620 1632 synagogis,
2648 1573 2702 1617 et
2730 1563 3078 1620 salutationes
3101 1569 3153 1621 in
3178 1568 3313 1632 foro,
3342 1579 3396 1623 et
3420 1570 3597 1624 vocari
3624 1571 3691 1623 ab
3716 1569 3809 1623 ho-

2233 1652 2469 1705 minibus
2499 1652 2647 1706 rabhi
2674 1652 2889 1723 (Matth.
2914 1656 3095 1725 xxttt).

2305 1740 2441 1795 Dent
2479 1742 2566 1795 alii
2614 1742 2940 1799 insensibilis
2976 1744 3172 1799 mctalli
3203 1761 3495 1811 summam,
3545 1749 3808 1801 trutiuent

570 1833 899 1894 festivitatem
942 1842 1119 1895 sereni
1151 1840 1327 1895 cordis
1369 1855 1463 1895 ore
1500 1838 1802 1910 prtetendit.
1831 1840 2033 1894 Pendet
2064 1840 2130 1894 ad
2166 1823 2209 1883 Β
2237 1832 2444 1887 Slolida‘.
2474 1834 2714 1903 Pecunia?
2741 1835 3118 1902 quantitatem.
3148 1844 3501 1889 numeremur
3525 1853 3652 1900 82m.
3680 1852 3808 1890 ‘35:!

568 1937 768 1993 nutum,
796 1938 855 1983 ut
885 1930 968 1983 sic
992 1929 1161 1983 herile
1186 1938 1535 1999 pra'ceptum,
1561 1941 1813 2001 tanquam
1842 1947 1936 2001 per
1956 1932 2133 2003 Sibyl-

568 2015 723 2071 linum
752 2034 813 2074 os
850 2019 1043 2075 Pbmbi
1077 2021 1417 2090 praestoletur
1442 2023 1739 2077 oraculum.
1779 2022 1860 2078 ire
1888 2022 2130 2091 jubctur,

567 2105 763 2173 evolat;
813 2116 965 2163 stare
1010 2111 1353 2181 pracipitur,
1394 2112 1600 2167 silicem
1649 2121 2017 2182 repraesentat.
2074 2112 2129 2167 Si

571 2196 805 2253 dominus
829 2197 1026 2266 fervet,
1059 2200 1105 2255 is
1132 2215 1162 2256 e
1192 2187 1382 2267 sudat;
1408 2202 1451 2256 si
1481 2201 1568 2256 ille
1586 2212 1801 2266 uastum,
1826 2203 1913 2257 hic
1942 2218 2132 2257 cauma

568 2290 926 2356 conqueritur.
976 2291 1045 2343 At
1087 2292 1131 2345 si
1179 2291 1494 2346 vei'leviter
1540 2290 1756 2360 frigeat,
1792 2292 1880 2345 hic
1914 2306 2135 2347 necesse

567 2386 662 2439 est,
697 2378 1046 2433 tremefactus
1075 2379 1371 2435 visceribus
1398 2381 1761 2449 obtorpescst.
1793 2380 1850 2436 Si
1896 2380 1983 2436 ille
2009 2382 2135 2435 dor-

568 2464 692 2520 mire
729 2469 872 2531 vult,
910 2470 1001 2523 hic
1032 2470 1368 2537 accidiatur;
1398 2471 1443 2526 si
1469 2481 1621 2526 satur
1643 2482 1756 2538 est,
1792 2472 1882 2527 hic
1919 2480 2134 2527 ructare

566 2556 916 2624 compellitur.
964 2558 1163 2629 Sicque
1207 2576 1313 2615 non
1372 2576 1503 2615 suus
1557 2561 1630 2615 nil
1678 2561 1821 2615 aliud
1872 2562 2133 2632 loquitur,

567 2640 660 2695 nisi
683 2647 823 2713 quoi
856 2647 934 2701 illi
960 2648 1175 2716 placere
1196 2650 1520 2718 suspicatur.
1546 2650 1698 2705 Sicut
1717 2650 1783 2703 de
1812 2650 2131 2719 quibusdam

565 2748 661 2788 non
691 2738 1047 2795 dissimilibus
1084 2756 1182 2812 per
1223 2741 1418 2796 Isaiam
1446 2743 1681 2797 dicitur:
1728 2760 1747 2792 ι
1798 2741 1896 2808 Qui
1948 2742 2136 2797 dicunt

565 2824 893 2895 videntibus,
943 2832 1113 2886 nolite
1160 2832 1361 2896 videre,
1404 2842 1457 2887 ct
1502 2833 1919 2903 aspicientibus,
1966 2834 2134 2889 nolite

565 2916 793 2984 aspicere
838 2922 1001 2977 nobis
1028 2937 1088 2977 ea
1119 2938 1239 2993 quae
1287 2933 1431 2977 recta
1476 2933 1600 2977 sunt
1626 2942 1638 2977 :
1669 2924 1949 2993 loquimini
1978 2925 2134 2980 nobis

562 3002 817 3070 placentia
839 3050 854 3075 ,
892 3011 1075 3065 videre
1102 3012 1258 3066 nobis
1284 3027 1499 3069 errores
1519 3054 1532 3078 ,
1560 3012 1765 3067 auferte
1797 3029 1824 3067 a
1848 3028 1935 3068 me
1971 3013 2129 3077 viam,

565 3092 815 3152 declinate
840 3114 869 3151 a
901 3115 992 3154 me
1026 3103 1296 3166 semitam,
1324 3112 1501 3158 cesset
1536 3120 1564 3157 a
1593 3103 1730 3161 facie
1770 3120 1885 3159 mea
1915 3114 2134 3161 sanctus

562 3178 713 3238 lsrael
737 3185 874 3259 (Isa.
896 3190 1053 3258 xxx).
1088 3210 1106 3242 ›
1126 3191 1191 3245 Et
1218 3192 1319 3247 hoc
1340 3194 1441 3247 iste
1462 3193 2139 3261 modojuxtaPsalmistam

563 3268 677 3325 dum
701 3274 882 3331 oleum
910 3278 1054 3334 male
1074 3279 1402 3336 blandientis
1428 3284 1808 3355 assentationis
1828 3294 2139 3355 exaggerat,

564 3372 788 3419 mentem
820 3367 990 3432 illius,
1022 3384 1143 3438 qua:
1188 3380 1351 3441 caput
1401 3374 1891 3443 estcogitationis,
1950 3375 2141 3443 impin-

564 3462 698 3516 gnat.
754 3474 773 3506 ι
807 3455 1025 3521 Oleum,
1080 3459 1276 3526 inquit,
1332 3461 1635 3528 peccatoris
1688 3477 1793 3516 non
1845 3462 2142 3532 impinguet

564 3551 714 3609 caput
793 3562 981 3602 meum
1041 3546 1215 3619 (Ptol.
1275 3552 1422 3621 ch).
1460 3570 1478 3602 ι
1558 3551 1624 3606 Et
1681 3552 1936 3607 Salomon
2024 3554 2138 3607 ait:

568 3651 583 3683 ι
613 3634 707 3689 Fili
740 3640 838 3704 mi,
866 3642 913 3695 si
941 3652 995 3695 te
1024 3640 1341 3698 lactaverint
1367 3654 1702 3714 peccatores,
1736 3662 1804 3700 ne.
1827 3647 2142 3715 acquiescas

564 3722 837 3795 cis(Prov.
880 3731 946 3801 ι).
988 3750 1007 3784 ι
1060 3730 1381 3788 Peccatores
1422 3735 1622 3788 etenim
1658 3735 1879 3799 lactant,
1911 3751 2033 3789 cum
2056 3735 2142 3789 vel

561 3823 910 3887 perpetranda
949 3822 1089 3877 mala
1126 3823 1510 3881 blandimentis
1540 3824 1803 3891 inferunt,
1844 3825 1925 3879 vel
1953 3840 2142 3896 perpe-

562 3914 689 3962 trata
729 3910 988 3968 laudibus
1017 3914 1302 3970 extollunt.

623 3996 826 4063 Quibus
874 4002 1137 4057 nimirum
1191 4002 1489 4073 Scriptura:
1534 4005 1856 4062 testimoniis
1894 4016 2144 4077 patenter

559 4090 873 4158 ostenditur,
905 4096 1034 4163 quia
1075 4096 1320 4165 quisquis
1359 4096 1626 4162 adulatur,
1658 4099 1905 4167 generale
1950 4115 2141 4169 peccs-

558 4180 682 4233 toris
713 4198 915 4239 nomen
957 4201 1055 4255 per
1086 4188 1312 4241 auxesin
1342 4188 1652 4257 specialiter
1680 4200 2043 4258 promeretur.
2078 4192 2143 4245 Et

560 4279 670 4321 eum
721 4268 1025 4329 Psalmista
1074 4274 1218 4331 dicat
1248 4296 1259 4330 :
1294 4276 1430 4343 Quia
1469 4298 1486 4330 ι
1522 4278 1772 4333 laudatur
1808 4292 2062 4348 peccator
2090 4284 2139 4335 in

558 4358 837 4420 desideriis
896 4367 1098 4421 animm
1148 4384 1258 4422 sua:
1300 4369 1472 4437 (Psal.
1531 4369 1643 4439 rx);
1684 4389 1701 4421 ι
1738 4380 1793 4425 ct
1822 4372 1912 4440 qui
1961 4372 2141 4441 iniqua

558 4450 705 4551 gerit,
763 4454 1146 4520 benedicitnr;
1200 4465 1250 4509 et
1286 4456 1331 4510 is
1382 4457 1469 4526 qui
1506 4457 1707 4517 laudat.
1740 4467 1793 4511 et
1821 4460 1911 4528 qui
1952 4471 2142 4528 sponte
2175 4492 2219 4551 β

554 4534 824 4635 laudatur,~
866 4560 984 4601 non
1021 4546 1223 4618 dispari
1274 4558 1457 4604 reatus
1496 4549 1825 4621 obligatione
1866 4552 2137 4606 constrin-

555 4625 708 4694 gitur.

1182 4734 1409 4792 CAPUT
1449 4735 1509 4791 Il.

770 4821 935 4887 Quod
968 4823 1206 4879 adulatio
1236 4828 1289 4879 in
1315 4826 1516 4881 clericis
1552 4829 1617 4882 sit
1659 4829 1906 4885 simouitt.

618 4907 726 4967 Hoc
747 4929 884 4986 ergo
910 4931 1083 4987 genus
1112 4917 1357 4972 muneris
1376 4920 1585 4975 caeteris
1626 4922 1941 4977 muneribus
1972 4922 2139 4977 etde-
2174 4960 2175 4963 η

555 5001 715 5058 terius
743 5017 830 5061 est
877 5008 948 5061 ad
998 5009 1349 5083 peccandum,
1398 5020 1452 5065 et
1486 5012 1704 5083 gravius
1730 5013 1796 5067 ad
1828 5013 2141 5084 persolven-

554 5089 692 5146 dum.
721 5095 1005 5161 Quoniam
1034 5098 1125 5152 illa
1159 5106 1388 5169 utraque
1417 5103 1537 5157 sine
1586 5104 1689 5157 i‘sto
1720 5114 1945 5173 possunt
1985 5105 2145 5161 facile

554 5187 793 5253 reperiri,
858 5190 973 5245 hoc
1027 5199 1207 5247 autem
1259 5193 1376 5248 sine
1424 5193 1635 5250 duobus
1668 5196 1772 5251 illis
1821 5196 1904 5251 vel
1941 5198 2028 5252 vix
2061 5198 2142 5253 vel

554 5286 823 5347 nunquam
865 5282 1031 5361 valet-
1051 5284 1280 5354 impleri.
1311 5285 1444 5341 Nam
1474 5288 1846 5344 venditoribus
1874 5290 2146 5345 Ecclesia-

554 5377 684 5430 rum,
712 5370 758 5424 si
783 5373 942 5426 avari
980 5383 1125 5439 sunt,
1158 5374 1351 5431 sufficit
1383 5379 1609 5446 pecunia
1638 5394 1760 5433 eum
1788 5380 2135 5450 appenditur:

554 5456 592 5507 Si
627 5459 872 5528 gloriosi,
910 5462 1066 5518 solus
1114 5465 1437 5523 adulationis
1488 5468 1643 5524 favor
1688 5470 1979 5540 aliquando
2021 5472 2140 5527 vice

558 5548 711 5624 (566
746 5557 915 5625 pretii
951 5566 1357 5627 compensatur.
1393 5560 1493 5627 Qui
1522 5576 1651 5617 vero
1679 5577 1737 5617 se
1772 5564 1955 5617 mundi
1987 5565 2140 5633 prin—

556 5640 753 5709 cipibus
794 5662 899 5717 pro
955 5636 1335 5704 nanciscendis
1366 5649 1661 5707 honOribus
1688 5652 1926 5714 tradunt,
1967 5663 2019 5707 et
2058 5669 2145 5724 pc-

560 5737 737 5793 omtias
763 5740 1088 5797 necessario
1132 5742 1444 5814 prodigum,
1476 5752 1527 5799 et
1572 5742 1854 5799 delinitlcis
1887 5753 2143 5815 patrozzos

2235 1926 2608 1995 ponderentur
2627 1925 2943 1996 anaglypha.
2970 1927 3124 1993 Dent,
3150 1927 3391 1996 inquam,
3410 1927 3497 1982 alii
3526 1945 3804 1988 nummos;

2236 2015 2325 2067 isti
2354 2015 2484 2067 dant
2528 2016 2759 2082 pretium
2794 2016 3131 2085 semetipsos.
3186 2017 3266 2071 An
3300 2034 3405 2072 non
3445 2030 3526 2075 est
3575 2023 3806 2088 pretium

2236 2104 2477 2158 sedulum
2514 2104 2863 2173 subjectionis
2891 2092 3241 2177 obsequium?
3269 2110 3404 2165 Nam
3442 2122 3502 2167 ut
3540 2114 3607 2169 dc
3652 2115 3811 2183 spiri-

2237 2193 2327 2247 tali
2378 2205 2759 2249 ronverzamnr
2804 2196 2871 2251 ad
2933 2198 3149 2253 carnale
3199 2201 3528 2272 conjugium,
3570 2206 3813 2273 nunquid

2235 2284 2402 2340 Jacob
2433 2326 2446 2348 ,
2504 2287 2595 2356 qui
2646 2287 2909 2342 vicennali
2940 2302 3037 2358 pro
3085 2291 3341 2345 uxoribus
3375 2301 3535 2347 (etate
3564 2294 3809 2348 servit-ia.

2237 2376 2494 2430 dicendus
2525 2385 2611 2430 est
2656 2378 2887 2446 pretium
2919 2394 3025 2433 non
3056 2378 3287 2445 dedisse,
3319 2381 3444 2449 quia
3497 2382 3694 2438 Laban'
3716 2399 3805 2438 sc.

2237 2480 2361 2520 cero
2389 2482 2486 2522 suo
2516 2469 2796 2538 pecuniam
2843 2484 2950 2523 non
2986 2472 3274 2539 appendit?
3316 2470 3420 2526 Sed
3458 2474 3580 2527 audi
3605 2514 3619 2538 ,
3667 2474 3815 2529 Scr..-

2238 2566 2391 2625 ptura
2420 2566 2577 2623 teste,
2604 2558 2731 2628 quid
2758 2558 2874 2627 cjus
2896 2568 3143 2631 utraeque
3161 2570 3565 2631 conquerantur
3591 2577 3808 2615 uxores:

2245 2664 2263 2697 ι
2300 2648 2571 2717 Nunquid,
2602 2650 2873 2718 inquiunt,
2898 2650 3158 2706 habemus
3200 2652 3397 2707 residui
3428 2642 3717 2723 quidquam
3756 2652 3809 2705 iu

2237 2736 2606 2801 facultatibus,
2635 2748 2687 2792 et
2719 2739 2769 2793 in
2798 2739 3110 2795 haereditate
3141 2743 3332 2795 domus
3357 2742 3522 2811 patris
3547 2741 3755 2795 nostri?
3790 2761 3808 2791 ι

2238 2840 2471 2895 moxque
2495 2826 2750 2894 subjicit:
2807 2845 2827 2880 ι
2880 2827 3069 2884 Nonne
3097 2830 3253 2899 quasi
3294 2830 3499 2884 alienas
3546 2829 3817 2897 reputavit

2237 2932 2357 2981 nos,
2424 2925 2478 2972 et
2518 2918 2799 2983 vendidit,
2853 2920 3189 2990 comeditqne
3241 2919 3471 2989 pretium
3532 2923 3817 2973 nostrum?

2239 3003 2393 3076 (Gen.
2451 3007 2626 3079 xxxt.)
2656 3026 2675 3059 ι
2704 3008 2837 3064 Cum
2866 3008 3107 3078 profecto
3135 2995 3302 3064 Jacob
3330 3009 3527 3063 nullam
3556 3024 3650 3077 pro
3684 3025 3813 3061 axe-

2242 3098 2393 3152 ribus
2420 3099 2699 3167 pecuniam
2744 3101 2969 3166 dederit,
3018 3101 3119 3157 nisi
3151 3101 3412 3155 duntaxat
3470 3104 3594 3170 quia
3641 3098 3816 3153 soceri

2242 3205 2437 3261 pecora
2512 3192 2821 3256 custodivit.
2880 3194 3125 3263 Dumque
3192 3191 3333 3264 apud
3397 3204 3518 3245 eum
3569 3190 3821 3261 upiliunia

2240 3278 2422 3333 ofticio
2470 3279 2741 3351 fungitur,
2801 3270 3069 3351 geminam
3118 3280 3347 3335 filiarum
3396 3280 3513 3349 ejus
3564 3281 3814 3348 copulam

2241 3362 2727 3437 promeretur.‘Vis
2760 3371 2945 3441 itaque
2967 3371 3201 3442 pretium
3238 3386 3303 3426 ex
3337 3385 3432 3426 ore
3456 3368 3622 3425 Jacoh
3652 3369 3822 3438 ipsius

2243 3460 2473 3513 audire?
2523 3480 2541 3512 ‹
2572 3461 2691 3525 Die,
2743 3462 2939 3532 inquit,
2988 3471 3292 3531 noctuque,
3339 3470 3472 3515 aestu
3521 3462 3718 3515 urebar
3765 3469 3823 3513 et

2242 3547 2391 3617 gelu;
2443 3548 2682 3620 fugiebat
2713 3564 2937 3606 somnus
2978 3552 3047 3606 ab
3094 3552 3265 3606 oculis
3306 3551 3471 3616 me's;
3498 3551 3578 3609 sic
3618 3565 3719 3619 per
3744 3550 3821 3600 vi-

2243 3639 2375 3707 ginti
2420 3654 2591 3693 annos
2630 3641 2830 3713 servivi
2876 3640 2971 3695 tibi
3018 3641 3072 3694 in
3103 3636 3282 3695 'domo
3312 3649 3398 3692 tua
3425 3638 3635 3709 (lbid.).
3668 3658 3684 3688 ι
3722 3639 3825 3691 Dn-

2242 3733 2330 3785 vid
2360 3746 2575 3801 quoque
2613 3747 2719 3786 non
2753 3731 2897 3787 aliud
2938 3731 3085 3785 Sauli
3117 3730 3345 3801 pro-lilia
3382 3730 3611 3798 pretium
3651 3728 3820 3791 dedit,

2244 3819 2344 3873 nisi
2390 3820 2515 3888 quia
2565 3820 2827 3876 duntaxat
2881 3820 3000 3890 ejus
3044 3820 3295 3875 militiam
3343 3818 3618 3887 bajnlavit.
3673 3817 3824 3871 Cliti.)

2242 3909 2411 3963 leviro
2443 3924 2541 3963 suo
2564 3910 2805 3965 lshoseth
2834 3924 2932 3981 per
2970 3911 3188 3965 nuntios
3217 3909 3348 3965 dicit
3376 3927 3387 3961 :
3427 3926 3445 3959 ι
3477 3907 3660 3962 Redde
3683 3923 3819 3961 uxo-

2244 4012 2357 4052 rem
2405 4012 2577 4052 meam
2622 3998 2816 4054 Michol
2845 4040 2861 4064 ,
2906 4015 3068 4069 quam
3112 4000 3369 4069 despondi
3426 3999 3558 4052 mihi
3604 4010 3821 4053 centum

2245 4088 2522 4157 prmputiis
2557 4088 2877 4144 Philistbiim
2910 4088 2994 4160 (II
3028 4089 3157 4161 Reg.
3192 4091 3294 4160 ill).
3332 4108 3349 4141 ι
3379 4088 3601 4143 Laboris
3626 4088 3827 4157 quippe

2245 4178 2325 4232 sui
2376 4180 2655 4234 victoriam
2704 4182 2884 4236 dotem
2932 4181 3175 4250 deputat,
3219 4195 3382 4250 quam
3428 4188 3483 4234 et
3514 4177 3642 4232 Saul
3680 4176 3825 4230 velut

2245 4270 2530 4338 quamdam
2588 4272 2870 4342 pecuniam
2923 4271 3252 4342 sponsalium
3328 4271 3446 4324 vice
3492 4277 3825 4336 susceperat.

2247 4357 2359 4421 Sic,
2404 4358 2596 4428 inquit,
2649 4359 2928 4428 loquimini
2962 4360 3027 4413 ad
3078 4359 3281 4413 David:
3321 4375 3338 4409 ι
3375 4357 3489 4412 Non
3539 4356 3699 4410 habet
3725 4371 3826 4409 nc.-

2246 4463 2397 4503 ecssc
2441 4465 2533 4503 rex
2566 4450 2833 4519 sponsalia
2859 4490 2873 4514 ,
2914 4450 3017 4504 nisi
3069 4459 3273 4504 tantum
3314 4458 3530 4505 centum
3562 4448 3822 4519 praeputia

2251 4537 2715 4606 Philisthinorum,
2740 4547 2798 4593 ιιι
2820 4538 2913 4594 (lat
2932 4539 3061 4594 ultio
3082 4540 3149 4594 de
3170 4538 3405 4595 inimicis
3437 4537 3674 4609 regis(ll
3693 4537 3819 4607 Reg.

2248 4630 2426 4700 xvttt).
2468 4650 2485 4683 ι

2320 4730 2471 4788 Sicut
2518 4747 2648 4805 ergo
2695 4733 2877 4789 Laban
2908 4736 3045 4791 tilias
3068 4736 3326 4800 vendidit,
3357 4736 3697 4806 pretiumque
3736 4750 3829 4789 eo.

2248 4824 2434 4886 medii,
2491 4840 2596 4881 non
2637 4826 2759 4895 quia
2811 4828 3111 4881 recondidit
3164 4828 3404 4896 pecunia!
3457 4821 3685 4891 lucrum,
3732 4826 3826 4877 scel

2248 4912 2373 4980 quia
2426 4913 2707 4969 laboriosae
2752 4916 3028 4971 servitutis
3073 4918 3313 4987 percepit
3360 4916 3706 4987 impendium.
3761 4916 3830 4971 Et

2248 5003 2387 5057 sicut
2425 5004 2553 5058 Sani
2585 5015 2828 5075 nuptura:
2855 5007 2976 5061 filiae.
3005 5024 3113 5061 non
3142 5010 3283 5073 auri,
3318 5008 3400 5062 vel
3446 5008 3654 5078 argenti
3691 5008 3829 5060 dona
3861 5030 3869 5039 ’

2246 5096 2513 5165 qumsivit,
2544 5099 2636 5152 sed
2688 5099 2927 5153 laborem
2969 5100 3116 5164 belli,
3162 5102 3242 5155 vel
3289 5100 3495 5170 insigne
3547 5099 3828 5167 triumphi,

2248 5191 2365 5242 vice
2394 5189 2537 5244 dotis
2564 5192 2807 5260 accepit;
2841 5191 2919 5246 sic
2958 5192 3047 5246 ille
3078 5193 3386 5246 necessario
3416 5191 3671 5245 Ecclesia:
3701 5206 3831 5241 \l‘li°

2249 5282 2390 5335 ditor
2415 5296 2534 5335 esse
2580 5281 2949 5348 convincitur,
2980 5282 3069 5351 qui
3119 5280 3470 5353 subiectionis
3507 5280 3825 5349 obsequium
3859 5278 3866 5299 ‘

2249 5372 2314 5426 de
2346 5373 2481 5426 male
2507 5380 2717 5443 sperata
2747 5373 2864 5442 ejus
2899 5372 3184 5442 largitione
3210 5388 3339 5425 mer.
3361 5383 3504 5425 atur.
3532 5371 3596 5424 Et
3621 5387 3741 5425 Cllltt

2250 5465 2339 5532 qui
2368 5481 2446 5534 pr.
2468 5466 2597 5518 tium
2644 5466 2870 5534 accipit,
2918 5474 3195 5519 asserutur
3228 5464 3521 5519 Ecclesium
3554 5463 3785 5515 vendere
3812 5477 3827 5525 ;

2253 5560 2352 5612 iste
2400 5558 2787 5627 congruentius
2836 5557 3033 5611 dicitur
3087 5557 3403 5619 venditare;
3461 5556 3582 5624 quia
3640 5554 3834 5610 venula

2252 5649 2660 5711 commercium,
2702 5648 2841 5718 quod
2893 5648 2976 5702 ille
3016 5648 3179 5701 semel
3226 5648 3374 5711 iniit,
3406 5646 3493 5701 hic
3546 5647 3723 5715 longa,
3776 5652 3847 5702 ut.

2256 5741 2325 5796 ita
2358 5741 2565 5810 loquar,
2600 5754 2661 5795 ac
2706 5740 2953 5795 diuturni
3004 5739 3365 5811 negotiatione
3414 5737 3703 5810 protraxit.
3744 5736 3828 5793 Et.-

4744 6203 5174 6422 -‘
