4540 6358
881 334 988 392 887

1305 341 1363 398 S.
1406 340 1606 398 PETRI
1642 338 1919 407 DAillAHl
1957 337 2109 395 OPP.
2145 335 2376 395 TOEJUS
2415 335 2547 394 SEU
2587 337 2764 394 PARS
2805 335 2890 391 Ill.
2933 367 3000 376 -——
3040 334 3402 392 OPUSCULA
3443 333 3685 391 VARIA.

4025 334 4151 391 ιει

882 444 1061 505 iul‘elix
1091 450 1338 516 clericus,
1379 462 1507 520 quot
1545 452 1758 506 servitia
1787 449 1947 520 [67
2005 450 2194 504 fucalrc
2231 448 2441 503 hmuili-
2471 456 2513 509 Λ
2546 448 2659 518 lcga
2692 448 2976 503 venalitate
3001 456 3288 501 mercatur.
3321 439 3490 518 ‘68
3520 446 3920 502 Verumtamen
3956 449 4008 502 in
4036 448 4150 503 hoc

879 539 1005 590 tatis
1063 541 1323 600 exhibuit,
1369 541 1518 606 quasi
1555 549 1630 590 tot
1678 540 2024 605 pecuniarum
2075 552 2310 590 summas
2349 551 2442 604 ap-

881 627 1082 694 pendit.
1128 629 1226 693 Qui
1264 630 1514 680 nimirqu
1551 628 2007 680 assentationibus
2042 626 2154 679 suis
2184 624 2309 678 dum
2343 641 2440 677 au-

877 725 1108 782 cupatur
1137 727 1326 769 nomen
1358 717 1616 784 episcopi,
1663 716 1866 768 larvam
1903 715 2074 770 induit
2105 715 2344 783 parasiti.
2371 715 2444 768 Et

876 807 999 854 dum
1040 805 1207 871 spirat
1235 806 1528 858 ambitione
1555 805 1889 873 pontificem.
1927 805 2196 858 scenicum
2224 805 2441 859 exhibet

879 890 1228 955 histrionem;
1260 902 1420 959 atque
1457 893 1575 944 ideo
1606 893 1693 944 hic
1725 907 1827 944 non
1856 891 2096 958 simplex,
2129 891 2221 943 sed
2270 892 2445 945 omni-

877 996 1013 1045 gcna
1063 985 1321 1037 dicendus
1360 994 1441 1037 est
1469 984 1832 1048 Simoniacus,
1880 984 2003 1049 qui)
2035 982 2290 1051 quidquid
2336 993 2438 1048 est,

875 1085 971 1134 per
1001 1072 1140 1139 quod
1189 1066 1428 1125 Ecclesia
1474 1073 1629 1126 tendi
1658 1074 1848 1142 potuit,
1898 1074 1982 1124 hic
2010 1071 2204 1139 triplici
2235 1073 2442 1126 venali-

877 1166 984 1208 tate
1015 1159 1306 1212 commisit.
1339 1159 1446 1212 Nec
1475 1160 1730 1228 glorietur
1769 1158 1965 1213 metalli
1998 1174 2056 1213 se
2084 1176 2187 1212 non
2231 1163 2443 1215 dedisse

875 1249 1189 1313 pecunizutt,
1233 1252 1353 1318 qui,
1403 1253 1544 1319 quod
1593 1253 1880 1319 pretiosius
1940 1252 2218 1316 habebat,
2247 1264 2441 1309 semet-

877 1339 1048 1402 ipsum
1078 1340 1316 1393 venalem
1367 1340 1590 1407 prcebuit
1612 1354 1639 1391 :‘
1663 1342 1753 1409 qui
1786 1339 2071 1409 naufragio
2103 1357 2162 1395 se
2188 1350 2294 1395 tam
2320 1341 2437 1394 duri

877 1428 1076 1481 laboris
1109 1428 1404 1489 immersit,
1438 1439 1490 1481 ct
1520 1431 1570 1481 in
1604 1429 1761 1498 hujus
1800 1431 2156 1499 ettpeditionis
2200 1439 2441 1499 sumptus

877 1517 1118 1569 nonnihil
1146 1531 1210 1568 ex
1235 1516 1468 1587 propriis
1494 1516 1843 1574 facultatibus
1873 1516 2190 1586 proﬂigavit.

951 1607 1238 1667 Ponamus,
1293 1606 1443 1658 verbi
1487 1605 1680 1675 gratia,
1732 1608 1863 1660 duos
1907 1607 2130 1662 clericos
2184 1619 2440 1662 centenas

879 1709 1218 1747 nummorum
1266 1693 1434 1747 libras
1459 1709 1565 1748 non
1615 1694 1810 1762 dispari
1849 1696 2055 1762 peculio
2083 1697 2437 1764 possidentes.

876 1796 1104 1848 quorum
1152 1783 1288 1835 alter
1331 1782 1540 1835 curiam
1591 1783 1736 1851 regis
1789 1783 1980 1843 adeat,
2035 1785 2342 1852 sensimque
2389 1783 2439 1838 in
2476 1774 2514 1830 Π

874 1873 1122 1942 proprios
1157 1886 1304 1932 usus,
1337 1873 1556 1941 quod'in
1582 1874 1798 1926 sudario
1827 1875 1977 1938 latet,
2008 1876 2272 1939 insumat;
2303 1877 2442 1930 alter

878 1976 998 2015 rum
1027 1958 1190 2015 Iacob
1231 1963 1280 2013 in
1314 1962 1675 2016 tabernaculis
1703 1971 1935 2022 maneat,
1967 1976 2064 2017 nec
2095 1961 2293 2015 alutam
2335 1977 2440 2017 tere.

879 2059 1179 2120 turgentem
1228 2047 1414 2104 fallere
1472 2049 1776 2118 compellat.
1828 2049 2054 2120 Utrique
2101 2054 2436 2119 postmodum

875 2158 988 2196 uno
1016 2143 1102 2196 die
1131 2157 1224 2194 sua
1251 2144 1452 2210 cuique
1479 2141 1755 2210 delegetur
1783 2139 2020 2196 Ecclesia
2046 2161 2058 2195 :
2099 2152 2152 2196 et
2191 2143 2279 2196 hic
2325 2145 2433 2211 qui-

875 2233 996 2286 dem
1029 2241 1194 2284 totum
1227 2244 1319 2292 επις,
1355 2231 1500 2298 quod
1522 2245 1775 2285 crumena
1807 2233 2100 2295 servabat,
2137 2232 2188 2284 iu
2219 2232 2440 2285 sacrile-

873 2323 949 2390 gii
975 2322 1206 2389 pretium
1237 2319 1480 2374 funestus
1519 2321 1820 2390 negotiator
1847 2316 2113 2382 eﬂ'undat;
2146 2320 2280 2373 alter
2316 2336 2442 2373 vero

873 2413 999 2478 quia
1045 2411 1269 2464 servivit
1306 2412 1358 2462 in
1405 2411 1553 2464 curia
1582 2451 1595 2474 ,
1639 2410 1715 2462 nil
1748 2411 1956 2464 noviter
1997 2408 2223 2472 tribuat,
2252 2411 2345 2465 sed
2376 2410 2440 2463 ad

881 2499 1286 2569 percipiendum
1319 2495 1570 2553 Ecclesia:
1590 2499 1879 2554 villicatum
1906 2510 2158 2567 tanquam
2183 2501 2444 2569 gratuitus

879 2599 1146 2646 incitator
1171 2591 1408 2644 acredat'.
1433 2590 1566 2656 Quis
1590 2592 1806 2654 horum,
1840 2604 2040 2658 quaeso.
2072 2589 2291 2644 cbarius
2314 2592 2443 2644 emit
2471 2666 2473 2670 Q

876 2680 1215 2740 Ecclesium?
1260 2681 1510 2750 Nunquid
1541 2695 1644 2735 non
1672 2679 1779 2737 ille.
1825 2685 1911 2750 qui
1945 2683 2068 2736 licet
2098 2691 2320 2750 prit‘OttO
2370 2682 2439 2734 uil

874 2774 1116 2838 dederit,
1138 2782 1211 2826 tot
1241 2774 1496 2826 aerumnis
1525 2781 1581 2825 et
1625 2773 1894 2827 laboribus
1935 2788 2152 2840 pressus
2184 2772 2440 2840 quidquid

879 2859 1132 2926 habebat,
1183 2863 1237 2915 in
1295 2872 1402 2913 tam
1450 2863 1628 2931 gravis
1675 2873 1728 2913 et
1781 2865 2046 2916 diuturna:
2085 2863 2444 2930 expeditionis

874 2962 1122 3023 sumptus
1170 2954 1461 3021 espein'it;
1515 2962 1568 3006 et
1623 2954 1722 3006 isze
1769 2954 1947 3014 vilius,
1998 2954 2086 3020 qui
2117 2954 2230 3006 sine
2262 2953 2446 3007 labore

881 3055 1043 3099 suam"
1059 3045 1318 3099 venditori
1341 3046 1622 3115 pecuniam
1653 3040 2136 3098 numeravit?‘l‘iam
2160 3045 2438 3112 perspicua

2541 535 2624 594 sui
2670 538 2888 594 sceleris
2943 537 3327 609 turpitudinem
3381 539 3590 608 palliat,
3640 537 3770 608 quia
3822 540 3929 593 sub
3960 538 4162 596 colore.r

2543 627 2812 684 ﬁdelitatis
2845 625 3225 683 ecclesiastica
3274 629 3575 696 municipes
3622 644 3724 697 per
3769 626 4145 697 iurisiurandi

2540 727 2873 773 sacramenta
2930 719 3236 772 confirmat.
3268 718 3400 772 Cum
3449 731 3626 792 nemo‘
3651 719 3906 771 deterius
3957 717 4146 772 Eccle-

2541 797 2675 862 siatn
2705 807 2882 871 lzedat,
2908 821 3070 875 quam
3119 805 3277 860 iidem
3312 807 3410 873 ipsi
3463 802 3615 858 inﬁdi
3645 805 3860 868 fideles,
3895 804 3996 874 qui
4025 805 4149 873 ejus

2541 895 2774 963 diripere
2804 895 3085 950 facultates
3113 894 3389 949 anhelant.
3431 895 3565 947 Cum
3610 895 3714 948 illis
3745 911 3884 962 ergo
3914 911 4144 949 munera

2543 982 2748 1047 tribuit,
2779 999 2899 1038 cum
2931 986 3032 1038 sub
3063 985 3281 1038 nomine
3314 985 3457 1036 velut
3487 984 3750 1037 Ecclesia'
3781 986 3890 1037 sibi
3920 985 4146 1052 potissi-

2542 1091 2684 1128 mum
2710 1075 2895 1142 iurare
2939 1072 3242 1144 compellit,
3275 1091 3380 1127 non
3419 1075 3675 1128 Ecclesia:
3709 1075 3995 1136 consulit,
4044 1073 4145 1128 sed

2541 1163 2656 1217 sihi
2683 1166 2862 1233 quiete
2889 1164 3192 1232 possidendi
3239 1164 3490 1218 culminis
3519 1161 3728 1216 aditum
3758 1163 3978 1232 pandit.
4012 1161 4147 1217 Sive

2539 1268 2670 1322 ergo
2705 1265 2828 1307 ante
2859 1252 3322 1309 consecratiOnem
3354 1253 3489 1316 hoc,
3522 1253 3636 1307 sive
3671 1264 3974 1323 postquam
4007 1268 4146 1308 cou-

2541 1354 2784 1398 secratus
2810 1354 2915 1406 est,
2972 1344 3152 1404 faciat.
3205 1345 3358 1397 valde
3406 1345 3506 1397 sihi
3553 1344 3862 1398 timendum
3888 1352 3996 1403 est.
4030 1357 4143 1396 non

2540 1450 2638 1506 pro
2661 1433 2911 1489 Ecclesia:
2941 1433 3172 1487 utilitate
3194 1475 3210 1498 ,
3240 1436 3332 1488 sed
3363 1449 3460 1503 pro
3491 1448 3588 1487 sua
3617 1434 3801 1502 potius
3840 1432 4146 1489 confirma-
4183 1485 4186 1490 .

2544 1523 2706 1585 tiOne,
2753 1524 2890 1577 sacri
2940 1524 3041 1577 loci
3079 1525 3215 1576 bona
3263 1521 3542 1592 dilapidat,
3597 1523 3649 1576 in
3700 1524 4030 1591 voraginem
4079 1538 4194 1579 se”

2543 1607 2864 1664 Simoniacaa
2898 1611 3187 1673 hrereseos,
3237 1611 3361 1663 dum
3392 1609 3575 1664 extolli
3620 1620 3887 1673 conatur,
3918 1614 4146 1665 immer-

2542 1708 2670 1767 gat:
2713 1706 2768 1752 et
2821 1699 2947 1752 hinc
3004 1698 3305 1766 perniciose
3371 1714 3552 1751 coram
3602 1698 3808 1751 divinis
3854 1700 4148 1753 obtutibus

2544 1795 2780 1847 corruat,
2812 1787 2952 1839 unde
2979 1800 3038 1839 se
3070 1786 3208 1839 inter
3248 1785 3498 1838 homines
3549 1795 3887 1854 arroganter
3909 1787 4143 1841 exaltat.

2543 1874 2694 1928 Sicut
2721 1875 2979 1942 scriptum
3003 1883 3121 1929 est:
3156 1893 3173 1925 ι
3202 1874 3454 1942 Dejecisti
3475 1877 3720 1930 oosdum
3762 1877 4152 1932 alliavarentur

2543 1959 2716 2032 (Paul.
2751 1969 2920 2028 LXXI).
2962 1981 2995 2015 ι·

2614 2056 2716 2110 Sed
2756 2058 2932 2110 ethoc
2961 2057 3389 2125 praetereundum
3423 2070 3530 2112 non
3571 2067 3676 2119 est.
3721 2059 3851 2128 quia
3895 2061 4041 2115 sicut
4075 2063 4164 2122 is-

2543 2147 2632 2215 qui
2659 2146 2934 2217 regimiuis
2963 2135 3167 2212 apicem
3193 2148 3394 2200 invitus
3424 2149 3758 2215 assequitur,
3789 2151 3835 2201 si
3867 2150 4001 2217 quid
4031 2151 4152 2204 illic

2543 2251 2790 2305 asperum
2811 2277 2826 2300 ,
2865 2237 2924 2290 si
2945 2238 3073 2304 quid
3112 2238 3350 2306 patiatur
3397 2238 3684 2290 adversum
3707 2278 3724 2300 ,
3755 2239 3824 2291 ad
3853 2243 4161 2294 cumulunr

2545 2323 2644 2379 sibi
2675 2325 2918 2394 provenit
2958 2328 3316 2380 meritorum:
3348 2334 3400 2379 et
3442 2340 3539 2394 pro
3572 2327 3944 2390 tribulatione,
3973 2346 4150 2399 quam

2546 2415 2777 2475 tolerat.
2825 2430 2928 2468 non
2976 2415 3246 2468 incassum
3303 2414 3688 2469 exsultationis
3729 2426 3956 2472 aeterna:
3996 2434 4162 2488 ιιι-εει

2546 2504 2710 2558 mium
2743 2513 2941 2572 sperat.
2970 2502 3061 2557 Sic
3093 2503 3200 2565 ille,
3232 2493 3319 2571 qui
3369 2504 3648 2558 ultroneus
3669 2507 3864 2570 ambit,
3895 2487 4008 2561 vel,
4033 2487 4141 2561 im;

2544 2603 2806 2662 portunus
2847 2594 3138 2662 ingeritur.
3179 2593 3265 2644 vix
3318 2606 3426 2660 pro
3464 2593 3822 2655 adversitate,
3868 2611 4041 2664 quam
4085 2599 4158 2651 in-

2546 2683 2805 2749 rcgimine
2826 2686 3048 2750 patitur,
3078 2679 3354 2750 prtemium
3385 2692 3772 2750 consequetur.
3804 2684 3888 2737 Ad
3930 2700 3994 2739 se
4041 2687 4149 2739 ita-

2545 2783 2651 2840 que
2679 2771 2818 2839 quod
2845 2770 3068 2838 patitur,
3103 2767 3332 2835 referat;
3364 2769 3578 2840 sibique
3599 2785 3782 2833 omne.
3809 2773 3960 2840 quod
3995 2772 4154 2828 lace-

2545 2869 2719 2923 ratur,
2749 2861 3005 2914 ascribat.
3049 2860 3303 2920 Labores.
3356 2873 3495 2928 quos
3539 2856 3792 2924 sustinet,
3829 2863 4154 2918 honoribus

2547 2958 2937 3017 re’compenset,
2971 2948 3314 3016 fructumque
3363 2949 3607 3001 laborum
3638 2948 3817 3017 potius
3852 2949 3902 3002 in
3936 2952 4164 3021 adepta'

2552 3037 3158 3105 dignitate‘constituat',
3190 3051 3351 3105 quam
3378 3034 3446 3087 de
3478 3035 3644 3088 futuri
3681 3037 3928 3091 muneris
3973 3041 4150 3092 retri-

885 3134 1026 3189 ratio
1055 3106 1506 3204 perstiztdet,.tptia
1538 3127 1707 3203 pluris
1736 3106 2201 3194 emitEcclesiam,
2234 3106 2322 3201 qui
2347 3150 2440 3185 sua
2472 3106 2778 3182 CbutionO‘
2799 3136 3111 3196 praesumat,
3162 3127 3390 3180 Domino
3441 3126 3508 3179 de
3546 3127 3743 3180 talibus
3789 3137 4105 3184 attestante
4136 3148 4164 3182 τ’

879 3224 1058 3278 omniin
1087 3233 1206 3277 cum
1236 3218 1511 3277 laboribus
1539 3219 1804 3291 perdidit;
1835 3233 2005 3289 quam
2024 3223 2090 3282 is,
2119 3223 2207 3289 qui
2232 3218 2444 3291 quietus

875 3323 933 3370 et
954 3317 1159 3368 otiosus
1179 3314 1413 3382 praeﬁxa:
1436 3313 1753 3382 quantitatis
1779 3320 1932 3378 pacta
1956 3309 2230 3379 persolvit.

947 3403 1118 3458 Porro
1142 3413 1262 3454 cum
1294 3412 1349 3455 et
1395 3400 1696 3454 forensibus
1743 3398 1947 3468 legibus
1986 3407 2201 3453 cantum
2254 3398 2343 3460 sit,
2388 3405 2448 3450 ut

873 3485 1096 3548 curialis
1121 3485 1349 3560 quisque
1385 3489 1620 3543 funditus
1661 3499 1911 3541 arceatur
1957 3504 1985 3541 a
2041 3488 2215 3550 clero;
2248 3484 2350 3540 iste
2381 3488 2445 3540 de

875 3571 1117 3635 Ecclesia
1169 3577 1411 3645 migravit
1463 3577 1528 3629 ad
1581 3576 1806 3629 curiam.
1855 3575 1937 3638 Et,
1996 3575 2097 3627 heu
2145 3574 2443 3642 prodigiosa

877 3671 1096 3725 vesania
1119 3671 1145 3721 ς
1179 3678 1235 3720 ιιι
1264 3658 1579 3736 [ιιίιξΪεΓθιυΓ
1608 3659 1847 3728 clericis,
1885 3664 1975 3733 qui
2013 3664 2079 3716 de
2107 3658 2306 3717 clerico
2335 3663 2447 3716 efﬁ-

877 3758 1020 3811 citur
1057 3752 1274 3809 curialis
1301 3770 1313 3807 :
1354 3753 1524 3808 factus
1552 3765 1634 3808 est
1666 3769 1852 3806 servus
1881 3753 2098 3815 mundi,
2129 3762 2188 3805 ut
2212 3751 2302 3819 jus
2345 3755 2446 3805 Do—

881 3847 1051 3910 mini,
1082 3848 1187 3900 imo
1229 3845 1538 3898 cathedram
1581 3843 1901 3911 pestilentiaa
1947 3851 2168 3910 usurpet
2209 3843 2261 3895 in
2289 3842 2447 3894 domo

882 3936 997 3989 ltei.
1043 3935 1139 4001 Qui
1191 3933 1236 3988 si
1281 3931 1457 3988 semel
1492 3934 1860 3987 investituram
1892 3934 1959 3984 de
1989 3947 2149 3984 manu
2176 3931 2466 3999 largitoris

880 4026 1168 4094 acceperit.
1199 4020 1290 4077 vel
1306 4024 1543 4092 quolibet
1573 4029 1794 4090 prdrsus
1824 4021 2036 4089 ingenio
2071 4019 2282 4075 culmen
2312 4021 2448 4090 regi-

884 4115 1044 4166 minis
1091 4094 1313 4179 adeptus
1354 4111 1678 4169 ascenderit,
1729 4124 1848 4161 mox
1890 4117 1948 4161 ut
1982 4105 2082 4163 sibi
2108 4108 2344 4163 fautores
2369 4111 2450 4163 in-

880 4204 1084 4264 veniat,
1114 4195 1258 4271 larga
1286 4202 1350 4256 de
1397 4194 1742 4254 facultatibus
1789 4194 2039 4253 Ecclesia:
2068 4198 2215 4252 dona
2237 4198 2452 4267 dispen-

883 4300 991 4346 sat.
1423 4363 1426 4366 _

1484 4370 1710 4436 CAPUT
1766 4371 1849 4435 lli.

1187 4458 1262 4523 De
1302 4466 1534 4538 episcopo
1562 4473 1785 4538 quodam
1816 4464 2148 4524 Bononiensi.

958 4557 1168 4616 Nostris
1212 4569 1360 4614 certe
1410 4561 1737 4629 temporibus
1797 4554 2148 4629 Bononiensis
2199 4554 2452 4615 Ecclesia!

883 4651 1104 4719 quidam
1143 4651 1389 4719 praesedit
1440 4651 1740 4716 cpiscopus,
1779 4663 1844 4702 eo
1883 4649 2085 4702 scilicet
2121 4649 2297 4710 modo,
2345 4666 2456 4716 quo

889 4743 1141 4805 diximus,
1169 4732 1424 4794 curialis:
1472 4741 1560 4810 qui
1590 4741 1841 4792 nimirum
1887 4749 2167 4807 postquam
2195 4740 2451 4794 latissima

889 4832 1232 4884 ecclesiastici
1288 4832 1424 4898 juris
1479 4830 1674 4898 pmdia
1733 4830 1786 4882 in
1855 4829 2112 4882 suburbio
2162 4830 2458 4882 constituta"

890 4920 1176 4982 distraxit”
1218 4921 1602 4985 subsequenter
1645 4915 1930 4969 obmutuit.
1981 4914 2177 4984 Sicque
2208 4915 2316 4969 fete
2359 4931 2452 4984 per

890 5012 1222 5079 septcnuium
1273 5010 1440 5060 donec
1486 5007 1707 5067 adt’ixit,
1757 5007 2078 5078 paralyticus
2125 5015 2178 5058 et
2225 5006 2453 5074 elinguis

890 5096 1148 5168 elanguit.
1178 5098 1329 5152 .luste
1358 5096 1583 5160 scilicet,
1612 5112 1844 5164 superno
1866 5095 2356 5165 dispensantej'udh
2379 5099 2449 5160 io,

891 5198 946 5241 nt
978 5191 1064 5256 qui
1095 5189 1328 5249 lituuam
1358 5201 1508 5239 suam
1539 5185 1736 5240 fecerat
1760 5186 1952 5254 negotii
1981 5183 2161 5238 feralis
2187 5186 2454 5253 interpre-

894 5287 1022 5339 tem,
1055 5294 1175 5330 cum
1208 5277 1320 5343 ipsa
1348 5290 1560 5343 quoque
1598 5289 1816 5342 prorsus
1847 5277 2114 5329 amitteret
2147 5276 2307 5328 totius
2338 5276 2450 5327 elo-

894 5368 1002 5435 quii
1034 5366 1358 5420 facultatem.
1402 5364 1636 5428 Quilibet
1683 5365 1862 5432 itaque
1903 5363 2121 5418 curialis
2161 5366 2451 5433 episcopus

897 5458 995 5512 bos
1045 5456 1355 5508 muneribus
1399 5448 1650 5516 attrahit,
1686 5454 1791 5506 illis
1821 5453 2076 5507 beneﬁcia
2106 5453 2291 5506 latiora
2320 5471 2450 5506 con-

893 5550 1071 5608 cedit;
1113 5548 1188 5598 sic
1216 5561 1244 5598 a
1276 5545 1468 5614 quibus
1497 5544 1598 5598 'non
1634 5554 1751 5598 erat
1775 5545 1996 5605 electus,
2033 5544 2275 5614 eligitur;
2309 5553 2362 5596 et
2399 5552 2456 5595 ut

891 5637 989 5692 sibi
1021 5636 1085 5689 de
1120 5635 1334 5687 Simone
1367 5633 1495 5686 nihil
1527 5635 1682 5695 desit,
1719 5634 1889 5702 ipsam
1921 5633 2234 5686 electionem
2281 5632 2452 5686 sacri-

2479 4429 2526 4486 Η

2551 3234 2568 3263 ι
2603 3215 2734 3280 Quia
2789 3222 3106 3283 receperum
3159 3214 3463 3268 mercedem
3514 3228 3668 3266 suam
3719 3214 3939 3282 (Matth.
3982 3217 4089 3284 vr).
4130 3237 4168 3268 »-

2545 3304 2676 3358 Nam
2699 3305 2798 3359 sibi
2830 3305 2942 3374 ipse
2969 3305 3252 3364 conscivit,
3301 3306 3441 3358 unde
3474 3317 3628 3357 mens
3667 3301 3783 3372 eius
3810 3315 3889 3358 tot
3917 3307 4154 3361 casibus

2544 3407 2806 3447 concussa
2853 3392 3177 3447 succumbit.
3211 3392 3502 3446 Enimvero
3525 3392 3616 3459 qui
3665 3393 3732 3444 ad
3762 3393 4156 3448 ministerium

2547 3492 2772 3535 terrente
2823 3477 3245 3548 dispensationis
3293 3488 3516 3534 coactus
3560 3481 3878 3543 attrahitur,
3925 3497 4058 3535 cum
4093 3485 4172 3536 iir

2543 3568 2982 3622 exsecutiOnibus
3019 3567 3134 3634 ejus
3180 3567 3406 3639 adversa
3445 3568 3765 3636 pertulerit;
3799 3567 4008 3622 laboris
4057 3572 4170 3624 sui

2544 3657 2765 3726 praemio
2790 3673 2893 3710 non
2925 3658 3150 3712 carebit.
3184 3659 3255 3710 At
3290 3659 3333 3710 si
3370 3656 3640 3711 villicatus
3664 3659 3864 3725 pretio,
3896 3661 3979 3711 vel
4017 3674 4156 3726 pru-

2545 3752 2699 3804 cibus
2724 3751 3019 3816 obtinetur,
3072 3752 3344 3805 erubescit
3377 3767 3475 3820 pro
3521 3753 3796 3806 laboribus
3827 3754 3942 3807 suis
3986 3769 4166 3808 com-r

2547 3839 2763 3916 modum
2808 3839 3177 3892 retributionis
3213 3839 3452 3906 exigere,
3487 3839 3578 3907 qui
3610 3855 3668 3892 se
3702 3840 3986 3893 laborandi
4031 3859 4155 3895 ma-

2551 3929 2739 3981 teriam
2770 3928 3010 3981 meminit
3054 3929 3374 3996 importunis
3417 3928 3786 3981 anxietatibus
3812 3930 4156 3985 extorsisse;

2621 4010 2743 4071 llzec
2769 4017 2950 4086 itaque
2975 4018 3230 4080 diximus,
3255 4027 3316 4070 ut
3343 4033 3448 4071 non
3479 4019 3582 4071 sibi
3627 4017 3928 4087 glorientur
3959 4020 4151 4074 Simo-

2549 4107 2955 4161 niacamdeeSse
2978 4107 3342 4168 venalitat’em,
3361 4104 3781 4175 qui'iamulando
3801 4109 4172 4176 principibus

2547 4199 2966 4252 etclesiasticam
2999 4198 3174 4265 adepti
3205 4207 3330 4250 sunt
3357 4197 3695 4266 dignitatem.
3732 4195 3842 4250 Nec
3883 4198 3987 4251 sibi
4043 4215 4146 4251 re.-

2551 4290 2727 4360 gul‘am
2774 4291 3020 4359 gratuitze
3070 4289 3423 4359 promotionis
3467 4288 3796 4357 applaudant
3825 4328 3839 4348 ,
3893 4303 4022 4341 cuin
4084 4306 4156 4345 se

2557 4379 2866 4442 redemisse,
2923 4379 3065 4448 quod
3110 4379 3462 4447 possidetur,»
3500 4375 3668 4430 duris”
3698 4376 3979 4430 laboribus
4033 4395 4150 4432 non

2555 4468 2816 4540 ignorant.

3159 4554 3386 4613 CAPUT
3423 4553 3513 4612 IV.

2557 4661 2709 4733 Quod
2731 4677 2938 4735 pert-uta
2960 4669 3184 4735 ep'mpi
3205 4684 3306 4719 non
3332 4676 3463 4719 recte
3488 4665 3719 4718 ordinati
3741 4664 3792 4717 in
3819 4667 4159 4732 promotoris'

2598 4761 2604 4800 τ
3085 4747 3238 4804 caput
3282 4738 3591 4788 redundent.

2599 4797 2602 4800 Ι
2629 4825 2966 4894 Principibus
2990 4797 3222 4894 quoque,
3276 4833 3336 4878 et
3371 4823 3700 4891 quibuslibet
3729 4823 4151 4878 ordinatOribus

2520 4913 2914 4967 ecclesiarum
2961 4923 3303 4979 summopere
3353 4912 3652 4964 cavendum
3694 4919 3806 4970 est,
3865 4925 3934 4964 ne
3981 4924 4148 4966 sacra

2560 5002 2697 5063 loca,
2735 5017 2847 5056 non
2881 5002 3221 5055 considerato
3255 5001 3438 5054 divino
3461 4998 3694 5066 judicio,
3724 4999 3818 5052 sed
3853 5012 3952 5067 pro
3989 5001 4150 5053 arbi-

2563 5093 2664 5146 trio
2692 5102 2746 5146 ct
2773 5093 2837 5147 ad
2867 5089 3098 5154 libitum,
3128 5093 3402 5160 praabeant
3426 5129 3442 5154 ,
3470 5086 3536 5143 ne
3576 5091 3642 5142 ad
3679 5105 3831 5142 suam
3863 5087 4152 5143 confusio-

2562 5198 2682 5235 nem
2708 5177 2899 5235 diviua:
2931 5180 3061 5251 legis
3105 5180 3370 5241 ordinem,
3414 5194 3691 5232 sacrorum
3732 5193 4002 5231 canonum
4034 5189 4150 5232 sta-

2544 5282 2675 5324 rt'uta
2723 5270 3070 5325 confundant.
3118 5269 3251 5322 Nam
3281 5270 3525 5337 quisquis
3557 5267 3855 5320 Ecclesium
3888 5267 3982 5320 Dei
4036 5284 4147 5320 nun

2557 5360 2894 5429 regulariter,
2924 5360 3015 5412 sed
3037 5357 3404 5426 potentialiter
3425 5356 3666 5416 ordinat,
3691 5355 3743 5406 in
3769 5355 4149 5422 promoventis

2558 5459 2716 5517 caput
2744 5449 2922 5501 omnia
2964 5446 3126 5508 illius,
3157 5446 3245 5514 qui
3278 5454 3555 5512 promotus
3593 5454 3674 5497 est
3701 5483 3714 5507 ,
3760 5443 3901 5495 mala
3942 5443 4146 5496 redun-

2559 5540 2704 5592 dant;
2735 5531 2887 5593 Unde
2913 5537 3227 5607 pradicator
3249 5536 3500 5604 egregius
3524 5534 3906 5587 cunadixisset
3930 5545 3945 5584 :
3985 5551 4002 5582 ι
4041 5531 4149 5584 lla-

2560 5644 2660 5682 nus
2706 5629 2815 5681 cito
2864 5626 3061 5681 nemini
3104 5626 3423 5696 imposueris
3469 5623 3519 5692 (Ι
3554 5621 3688 5676 Tim.
3742 5624 3836 5692 v);.
3875 5641 3899 5674 ν
3945 5632 4155 5692 νεωαο
