4540 6354
138 357 240 414 869

963 339 1207 398 OPUSC.
1246 329 1397 391 XXll
1452 360 1522 371 —
1547 323 1830 385 CONTRA»
1866 320 2217 380 CLBRICOS-
2240 317 2579 378 AUDICOS».

3201 283 3203 285 ’
3279 308 3396 368 tio

138 462 416 534 wbjunxit
442 503 456 514 .
509 477 536 509 ε
577 455 688 513 Nec
735 451 1218 514 communicaveris
1265 444 1500 516 peccatis
1543 439 1708 534 ωε
1735 443 1778 499 Α
1811 437 2014 505 impera
2051 436 2222 488 nobis.
2257 434 2384 500 ane
2403 427 2678 500 respondit
2708 447 2719 482 :
2748 427 2884 481 Num
2909 441 3124 497 possum
3150 427 3402 509 deserere

135 517 596 619 idiieiiis(.Ep/aes.
661 544 854 613 amt).
894 561 911 592 ι
971 541 1172 594 Alienis
1221 537 1416 604 quippe
1479 517 1713 599 pecciilis

135 641 546 699 communicare
593 633 968 694 convincitur,
1014 628 1257 696 quisquis
1307 624 1616 692 indignum,
1662 625 1717 670 et

139 731 446 801 improbum
499 738 664 794 atque
713 722 832 777 ideo
881 720 1133 788 cupidum
1165 717 1231 770 ad
1260 715 1494 784 regimen
1534 723 1718 801 prove-

138 800 265 874 here
303 833 412 873 non
446 825 688 869 veretur.
725 811 792 865 Et
839 825 959 863 cum
993 807 1228 861 Ecclesia
1260 801 1458 857 (ΞΜ-ἰειί
1492 815 1594 853 non
1626 800 1730 850 ha-

140 907 275 962 bene
313 903 608 965 maculam,
659 891 833 967 neque
875 911 1102 965 rugam,
1157 894 1380 961 reprobo
1437 887 1721 956 cujuslibet

138 995 486 1049 ordinatione
515 990 768 1051 laedatur,
802 987 852 1040 in
886 983 1202 1040 ‘ordinantis
1255 982 1498 1035 animam
1539 978 1733 1033 omnis.

141 1085 230 1138 illa
258 1081 528 1136 lethifem
550 1076 888 1146 contagionis
916 1075 1060 1142 lepra
1097 1070 1517 1127 transfunditur.

209 1170 579 1224 Romanorum
613 1179 804 1232 nempe
851 1161 1016 1216 tradit
1059 1159 1279 1215 historia
1330 1155 1566 1226 (Ριυιιιε
1596 1154 1724 1207 Dut-

140 1272 260 1312 cost.
295 1255 440 1330 Hist.
469 1252 625 1310 Rom.
659 1251 734 1306 ad
769 1249 991 1317 Eutrop.
1027 1246 1215 1309 liba",
1243 1245 1294 1298 in
1323 1243 1574 1311 princip.)
1600 1242 1725 1309 quia

145 1349 462 1420 petentibus
511 1345 704 1400 Gothis
739 1351 804 1397 ut
833 1341 928 1396 eis.
957 1339 1249 1409 imperator
1295 1335 1493 1391 Valens
1520 1336 1728 1406 episco-

144 1456 239 1511 pcs
267 1439 594 1500 destinaret,
621 1450 652 1488 a
682 1434 876 1505 quibus
914 1430 1236 1485 Christiana:
1272 1426 1394 1482 ﬁdei
1425 1426 1735 1510 rudimenta

145 1528 535 1597 susciperent;
572 1524 660 1579 ille
705 1525 953 1578 doctores
994 1521 1060 1573 ad
1092 1533 1186 1573 eos
1229 1514 1737 1577 nonosthodoxos,

145 1617 236 1674 sed
263 1615 460 1672 Ariani
487 1612 754 1684 dogmatis
781 1607 1274 1675 niisit,.rudemque
1317 1603 1594 1674 populum.
1612 1601 1732 1672 qui-

147 1709 245 1763 bus
287 1705 566 1760 involutus
611 1711 760 1766 erat,
808 1698 1120 1759 erroribus,
1158 1694 1473 1763 implicavit.
1524 1691 1653 1754 Sed,
1695 1705 1730 1744 ο

1810 699 2090 769 subiungit
2143 716 2154 750 :

1817 524 2000 579 vinum
2035 540 2232 584 meum,
2274 521 2414 590 quod
2463 521 2697 574 laetiﬁcat
2730 518 2893 571 Deum
2954 525 3008 570 et
3048 506 3314 579 homines,
3347 525 3405 570 et

1819 612 1961 668 inter
1996 613 2136 679 ligna
2169 619 2364 663 cetera
2418 606 2769 676 promoveri?
2806 625 2823 656 ι
2873 604 3073 659 Deinde
3123 604 3405 672 Scriptura

2210 716 2228 748 ι
2285 698 2653 764 Dixeruntque
2705 695 2884 748 omnia
2929 694 3094 765 470
3146 693 3284 762 ligna
3336 693 3408 748 ad

1819 788 2102 842 rhamnum
2140 804 2152 837 :
2194 784 2348 847 Veni,
2405 793 2457 836 et
2509 783 2712 851 impera
2765 783 2942 837 nobis.
2993 781 3093 848 Qui
3130 782 3410 849 respondit

1821 878 1900 930 eis
1927 894 1939 930 :
1974 877 2029 930 Si
2061 890 2184 929 vere
2212 889 2394 942 regem
2435 889 2521 928 me
2554 873 2714 927 vobis
2742 871 3094 936 consumitis,
3123 871 3327 937 venite,
3353 878 3413 926 et

1823 966 1922 1020 sub
1956 966 2146 1020 umbra
2176 979 2294 1017 mea
2326 964 2651 1032 requiescite
2676 961 2888 1031 (fidit).
2922 980 2940 1012 ι

1893 1053 2131 1125 Longum
2161 1060 2264 1116 est,
2303 1054 2347 1107 si
2382 1053 2626 1106 dicamus
2663 1051 2968 1106 Gedeonem
3004 1059 3186 1121 typum
3226 1060 3412 1104 tenere

1824 1143 2120 1208 Salvatoris
2155 1141 2356 1212 (ludia.
2411 1142 2550 1211 viti).
2581 1139 2684 1195 Per
2725 1141 2984 1209 plurimas
3025 1141 3146 1209 ejus
3185 1153 3408 1199 uxores,

1826 1235 2066 1290 diversas
2087 1234 2285 1289 debere
2310 1233 2557 1286 nationes
2584 1231 2831 1300 intelligi,
2858 1246 2977 1301 quae
3006 1231 3109 1285 sibi
3138 1231 3412 1284 cohaesere

1824 1337 1923 1392 per
1950 1321 2132 1376 ﬁdem.
2155 1320 2262 1377 Per
2287 1321 2626 1392 septuaginta
2657 1319 2814 1384 ﬁlios,
2851 1321 3071 1374 totidem
3103 1320 3411 1387 linguarum

1825 1409 2072 1489 populos.
2122 1408 2228 1465 Per
2279 1410 2663 1484 concubinam,
2722 1408 3082 1478 Synagogam.
3134 1407 3237 1462 Per
3287 1408 3415 1462 Abi-

1813 1499 2056 1561 ‘melecb,
2086 1490 2489 1564 antichristum,
2507 1498 2596 1568 qui
2623 1497 2923 1568 Synagoga:
2945 1497 3087 1551 ﬁlius
3111 1499 3232 1551 erit.
3262 1496 3416 1551 Unde

1827 1595 1885 1640 et
1926 1587 1978 1640 in
2019 1573 2344 1657 Apocalypsi
2387 1586 2472 1640 liis
2517 1586 2607 1655 qui
2659 1586 2921 1641 credituri
2970 1594 3116 1648 sunt,
3166 1584 3413 1640 dicitur:

1836 1694 1853 1724 ι
1887 1672 1988 1740 Qui
2018 1675 2206 1728 dicunt
2243 1689 2300 1728 se
2324 1673 2537 1728 Judzeos
2581 1686 2721 1738 esse,
2757 1681 2812 1729 et
2849 1683 3138 1736 nonsunt,
3169 1674 3261 1728 sed
3290 1681 3418 1729 sunt

147 1761 574 1866 praedicandam,
617 1761 845 1858 vereque
884 1785 1204 1841 laudabilem
1236 1761 1419 1838 divini.
1464 1780 1732 1835 examinis
1760 1775 1805 1832 Β
1831 1779 1940 1866 δΥηξ

1625 1780 1732 1832 inig
1760 1775 1805 1832 Β
1831 1778 2099 1846 synagoga
2129 1762 2343 1816 Satana:
2378 1763 2562 1832 (Apoc.
2588 1761 2670 1830 ιι).
2713 1780 2731 1814 ι
2771 1761 2840 1815 Ει
2886 1762 3025 1816 sicut
3063 1761 3149 1814 ille
3186 1761 3418 1830 peremit

147 1883 505 1956 aequitatem!
561 1879 698 1934 Nam
750 1893 872 1932 cum
923 1876 1084 1931 Gethi
1132 1875 1244 1944 jam
1291 1872 1358 1926 ab
1412 1869 1725 1923 llunnorum

149 1973 453 2043 agminibus
475 1986 542 2025 ex
569 1968 805 2038 antiquis
832 1967 1050 2020 sedibus
1081 1963 1308 2016 fuissent
1335 1959 1601 2033 violenter
1621 1956 1730 2025 eje-

147 2065 238 2124 cti,
267 2071 318 2115 et
348 2062 487 2115 citra
522 2058 846 2118 Danubium,
876 2055 1014 2107 intra
1047 2052 1318 2106 Romanos
1342 2047 1546 2101 scilicet
1569 2045 1727 2108 ﬁnes,

151 2165 178 2202 a
213 2149 435 2203 Valente
486 2147 605 2200 sine
638 2144 740 2196 ulla
783 2142 1001 2195 far-deris
1042 2139 1290 2208 pactione
1333 2136 1562 2203 benigne
1605 2145 1725 2186 sus-

147 2237 322 2305 cepti;
358 2234 548 2289 divino
579 2241 757 2284 tamen
807 2227 1010 2296 judicio
1037 2225 1374 2296 postmodum
1405 2231 1592 2275 contra
1631 2220 1732 2272 Va-

149 2326 341 2380 lentem
411 2324 466 2377 in
539 2335 690 2375 arma
747 2326 1094 2385 consurgunt,
1166 2316 1389 2382 ejusque
1431 2311 1728 2364 exercitum

150 2415 412 2474 acerrima
458 2412 608 2468 caede
637 2417 1006 2480 prosternunt.
1048 2404 1252 2472 Quibus
1285 2403 1514 2472 cOgnitis
1540 2399 1737 2455 Valens

151 2519 396 2576 egressus
425 2501 964 2563 Antiochie,_eontra
990 2495 1192 2551 Gethos
1243 2492 1539 2563 innumeris
1563 2490 1730 2542 valla-

154 2603 235 2648 tus
271 2593 602 2661 agminibus,
655 2596 948 2659 properat:
1005 2599 1126 2638 scra
1167 2583 1360 2637 ductus
1395 2578 1731 2650 poenitentia,

154 2691 364 2736 sanctos
393 2693 641 2750 quosque
682 2674 924 2730 revocari
976 2674 1041 2727 de
1087 2670 1292 2726 exsiliis
1321 2670 1580 2739 imperat;
1611 2679 1733 2718 mox

154 2778 325 2820 tamen
352 2765 721 2820 committitet
746 2762 940 2831 perdit.
993 2758 1128 2812 Nam
1155 2758 1221 2811 ad
1270 2757 1496 2825 primum
1527 2753 1734 2807 Gotho-

156 2872 268 2911 rum
293 2858 554 2926 impetum
590 2854 953 2908 Romanorum
986 2850 1228 2920 equitum
1251 2846 1394 2901 acies
1420 2843 1737 2914 perturban-

155 2954 258 3009 tur,
286 2947 630 3014 nudatosque
652 2941 862 3011 pedites
891 2939 1169 2993 deserunt.
1200 2934 1300 3001 Qui
1336 2948 1460 2987 mox
1492 2932 1733 3000 equitatu

155 3037 382 3096 hostium
408 3037 573 3105 septi.
631 3049 695 3087 ac
736 3032 1054 3101 sagittarum
1101 3027 1332 3081 nubibus
1372 3023 1570 3086 obruti,
1608 3023 1731 3075 dum

1830 1855 2168 1924 septuaginta
2201 1852 2439 1918 fratres;
2483 1853 2564 1907 sic
2609 1853 2710 1909 iste
2739 1860 3124 1921 persecuturus
3172 1861 3254 1904 est
3293 1865 3414 1905 om-

1829 1961 1947 2012 nes,
1972 1961 2092 2016 quze
2131 1945 2231 2000 sibi
2287 1960 2402 2000 non
2443 1947 2804 2007 consentient,
2849 1944 3121 1998 nationes.
3173 1943 3288 2007 llis,
3329 1943 3417 1996 in-

1830 2053 2013 2106 quam,
2046 2037 2296 2100 omissis,
2332 2051 2452 2105 qua:
2508 2035 2766 2108 longioris
2809 2033 2931 2107 styli
2963 2033 3214 2088 videntur
3253 2045 3421 2104 egere

1831 2136 2086 2191 tractatu,
2110 2128 2162 2180 in
2186 2135 2446 2199 quantum
2477 2127 2679 2193 patitur
2705 2122 2996 2194 epistolare
3018 2122 3434 2193 compendium,

1831 2219 1910 2271 ita
1934 2219 2194 2272 duntaxat
2228 2227 2420 2286 emptae
2450 2215 2812 2284 disputationi
2829 2230 3128 2285 congruere
3152 2215 3421 2278 videatur,

1831 2305 2054 2374 prolixze
2092 2304 2334 2361 historia:
2374 2302 2602 2375 ﬁguram
2653 2302 2930 2357 succincte
2984 2302 3419 2373 perstringimuc.

1903 2393 2041 2457 Lnid
2093 2405 2223 2466 ergo
2276 2404 2371 2459 per
2414 2389 2673 2453 loathan,
2723 2391 2814 2458 qui
2853 2391 3244 2460 interpretatur
3293 2403 3425 2443 con-

1833 2487 2152 2542 summatus,
2193 2480 2308 2533 sive
2356 2477 2652 2546 perfectus,
2705 2478 2808 2532 nisi
2845 2487 3090 2532 sanctum
3119 2487 3172 2530 et
3202 2478 3419 2532 doctum

1834 2569 2137 2638 quempiam
2171 2566 2580 2635 praedicatorem
2631 2565 2889 2621 debemus
2913 2565 3191 2634 accipere?
3231 2563 3329 2619 llic
3368 2567 3418 2619 it;

1834 2667 2071 2713 montem
2099 2655 2335 2712 Garizim
2377 2656 2623 2710 ascendit
2665 2665 2720 2710 et
2767 2669 2900 2709 voce
2931 2670 3123 2725 magna
3169 2655 3431 2714 clamavit

1836 2749 2014 2817 (Deut.
2041 2748 2233 2816 xxvtt).
2267 2746 2424 2800 Prius
2451 2747 2718 2812 ascendit,
2761 2757 2816 2801 et
2847 2748 3191 2815 postmodum
3224 2746 3430 2799 clama-

1835 2840 1931 2890 vit.
1964 2838 2103 2891 Ante
2126 2836 2402 2906 consurgit
2428 2836 2480 2889 in
2515 2843 2776 2899 montem,
2823 2845 2877 2888 et
2908 2835 2985 2892 sic
3013 2834 3184 2890 elevat
3214 2849 3420 2888 vocem.

1835 2928 1968 2994 Quia
2021 2928 2126 2982 nisi
2176 2927 2366 2981 doctor
2408 2927 2665 2980 virtutum
2702 2925 2853 2996 prius
2897 2925 3108 2984 culmen
3157 2923 3422 2984 ascendit,

1837 3019 2072 3074 inaniter
2096 3019 2312 3074 clantat.
2367 3018 2520 3073 Sicut
2558 3033 2652 3088 per
2687 3017 2881 3072 Isaiam
2910 3017 3108 3072 dicitur
3137 3035 3148 3070 :
3196 3034 3214 3067 ‹
3253 3016 3424 3085 Super

156 3127 255 3181 huc
290 3127 531 3197 illucque
557 3124 702 3176 velut
738 3129 982 3179 amentes
1014 3117 1264 3188 pallando
1300 3113 1604 3184 diffugiunt,
1633 3113 1732 3166 ho-
1761 3110 1806 3172 C
1839 3118 2076 3164 montem
2108 3108 2381 3164 excelsum
2410 3108 2644 3166 ascende
2669 3117 2747 3176 tu,
2778 3109 2870 3179 qui
2893 3107 3233 3178 evangelizas
3261 3107 3425 3162 Sion:

157 3212 357 3270 Milibus
404 3214 603 3286 gladiis
642 3212 882 3266 funditus
933 3209 1308 3278 perimuntur;
1359 3205 1474 3272 ipse
1523 3216 1738 3270 quoque

156 3305 442 3375 imperator
489 3305 694 3374 sagitta
718 3300 1015 3362 sauciatus,
1055 3309 1192 3365 equo
1235 3294 1502 3352 delabitur
1527 3293 1626 3358 ;_iu
1655 3292 1734 3343 vi-

155 3392 409 3459 lissimam
436 3402 698 3462 tegetem,
736 3389 906 3443 milite
934 3394 1202 3456 gestante,
1248 3382 1524 3446 defertur;
1554 3383 1739 3449 sicque

157 3480 661 3550 supervenientibus
693 3475 902 3538 Gothis,
948 3473 1159 3544 ignibus
1217 3471 1475 3525 atrociter
1514 3484 1737 3524 concre-

159 3583 347 3626 matur.
375 3570 539 3626 Justo
567 3568 764 3638 quippe
805 3565 898 3618 Dei
919 3563 1122 3632 judicio
1163 3561 1230 3615 ab
1259 3560 1464 3618 eisdem
1494 3574 1741 3614 consum-

157 3669 271 3730 ptus
317 3669 406 3714 est
457 3657 681 3711 flamma
729 3653 1001 3715 vindictae,
1056 3663 1193 3718 quos
1240 3648 1352 3716 ipse
1400 3654 1741 3716 percusserat

160 3756 275 3824 igne
322 3754 591 3826 perﬁdiae.
646 3750 770 3814 Sic,
826 3747 982 3816 juxta
1048 3743 1344 3812 Scriptura:
1396 3740 1739 3803 sententiam,

159 3859 400 3914 egressus
427 3850 522 3898 est
563 3840 702 3910 ignis
729 3839 795 3893 de
829 3837 1079 3900 rhamno,
1135 3841 1192 3888 et
1217 3831 1496 3896 devoravit
1521 3830 1744 3888 cedrum

160 3934 339 3989 Libani
365 3934 578 4004 (Judic.
613 3931 715 3999 Ix).

227 4025 329 4078 Sed
353 4035 408 4080 et
438 4039 541 4093 per
559 4022 658 4074 hoc
683 4016 1010 4086 exemplum,
1032 4016 1175 4084 quod
1203 4028 1345 4068 nunc
1370 4011 1438 4066 de
1464 4011 1741 4079 Scriptura

160 4113 456 4182 posuimus,
498 4109 624 4162 illud
657 4106 821 4160 etiam
855 4119 960 4158 non
1007 4102 1448 4156 iuconvenienter
1484 4100 1740 4162 occurrit,

164 4200 300 4273 quod
327 4200 532 4253 ibidem
561 4197 614 4250 in
666 4195 803 4248 libro
828 4192 1075 4270 Judicum
1101 4192 1333 4259 positum
1363 4203 1742 4242 memoramus.

166 4287 293 4343 Nam
315 4290 441 4344 dum
467 4289 575 4342 hoc
597 4284 773 4339 ferreo
797 4282 1013 4347 szeculo,
1036 4290 1092 4336 et
1127 4281 1161 4334 ii
1193 4281 1282 4349 qui
1313 4279 1574 4350 regimine
1602 4278 1745 4346 digni

167 4387 318 4442 sunt,
356 4376 612 4448 fugiant;
651 4382 708 4428 et
751 4371 853 4435 illi,
881 4370 974 4440 qui
1014 4369 1210 4426 merito
1249 4369 1569 4438 reprobandi
1604 4377 1742 4430 sunt,

1837 3201 2017 3254 exulta
2065 3200 2118 3254 in
2153 3199 2472 3263 fortitudine
2515 3215 2704 3260 vocem
2751 3209 2921 3265 tuam,
2951 3200 3043 3268 qui
3082 3198 3428 3266 evangelizal

1837 3287 2130 3354 Jerusalem
2160 3287 2316 3356 ,(ιρα.
2357 3288 2467 3350 ιι).
2509 3307 2527 3340 ι
2582 3287 2686 3342 Per
2732 3289 2972 3343 Garizim
3024 3297 3204 3350 autem
3240 3295 3429 3345 sancta

1839 3375 2154 3444 designatur
2206 3374 2478 3440 Ecclesia,
2537 3391 2658 3444 qum
2713 3386 2797 3430 est
2859 3378 3144 3440 virtutum,
3187 3377 3435 3434 omnium

1839 3466 2044 3529 schola,
2076 3473 2134 3519 et
2164 3465 2466 3526 ccelestium
2497 3474 2738 3539 segetum
2770 3466 3018 3524 ubertate
3049 3467 3300 3528 fectmda.
3331 3469 3434 3524 llic

1839 3566 1922 3612 est
1950 3557 2094 3612 enim
2139 3571 2314 3620 mons,
2359 3558 2451 3635 qui
2489 3557 2680 3613 dandis
2715 3573 2813 3627 per
2850 3558 3067 3629 Moysen
3105 3560 3434 3616 benedictio-

1841 3644 1998 3700 nibus
2028 3645 2316 3712 deputatus
2344 3655 2426 3699 est
2456 3663 2469 3698 :
2501 3655 2555 3699 et
2583 3645 2825 3700 Ecclesia
2853 3662 3008 3701 mons
3041 3648 3433 3702 benedictionis

1841 3743 1941 3796 est,
1975 3735 2128 3805 cujus
2154 3734 2279 3790 ﬁliis
2303 3751 2401 3805 per
2445 3735 2746 3804 apostolum
2796 3737 3034 3791 dicitur:
3077 3757 3096 3788 ε
3129 3739 3184 3791 In
3219 3739 3319 3793 hoc
3339 3753 3453 3792 κιο-κ

1843 3825 1946 3880 cati
1998 3827 2146 3891 estis,
2197 3833 2255 3877 ut
2292 3827 2359 3880 be
2399 3826 2731 3881 edictionem
2755 3827 3072 3882 hmreditate
3112 3829 3438 3898 possidentis

1843 3915 1894 3984 (1
1925 3914 2068 3968 Petr.
2115 3915 2220 3984 ιιι).
2267 3933 2285 3967 ι
2334 3914 2485 3969 Hanc
2540 3916 2914 3970 literedltatem
2968 3932 2997 3971 a
3050 3917 3204 3974 vidua
3258 3927 3440 3972 matre

1847 4005 2204 4075 suscepimus,
2235 4019 2334 4073 pro
2361 4021 2466 4074 qua
2492 4005 2576 4058 vir
2599 4004 2714 4073 ejus
2741 4007 2876 4061 mori
2917 4007 3174 4076 dignatus
3206 4015 3294 4066 est
3322 4022 3339 4071 ;
3367 4009 3438 4061 de

1847 4111 1950 4166 qua
1980 4107 2034 4149 et
2063 4111 2159 4164 per
2197 4096 2539 4151 Psalmistam
2575 4097 2812 4151 diritas;
2861 4115 2879 4148 ι
2917 4095 3143 4151 Viduam
3198 4097 3315 4165 ejus
3343 4098 3439 4154 lie-

1849 4188 2122 4251 nedicens,
2167 4186 2484 4243 benedieam
2537 4186 2713 4258 (ΡεαΙ.
2766 4189 2977 4259 cum).
3021 4208 3040 4242 ι
3093 4189 3158 4243 Et
3200 4203 3438 4258 congrue

1848 4275 2109 4342 Garizim,
2131 4269 2220 4344 qui
2263 4276 2651 4346 interpretatur
2676 4277 2887 4341 divisio,
2933 4276 3016 4331 vel
3056 4277 3276 4341 advena,
3305 4293 3434 4332 san-

1851 4379 1992 4422 c:am
2022 4369 2217 4437 ﬁgurat
2246 4352 2540 4423 Ecclesiam
2575 4382 2589 4431 ;
2626 4367 2879 4435 quoniam
2910 4366 3149 4421 Ecclesia
3171 4369 3435 4437 gentium,

166 4431 522 4526 irreverenuter
553 4431 852 4529 accedant;
896 4431 998 4517 hoc
1026 4463 1109 4532 agi
1164 4431 1376 4516 videtur
1409 4475 1505 4529 per
1549 4473 1738 4526 opera-
1779 4431 1824 4488 ο
1851 4474 1971 4527 qua:
1996 4431 2146 4527 prius
2171 4458 2379 4511 exstitit
2417 4431 2659 4512 funditus
2697 4473 2725 4510 a
2759 4457 2854 4511 Dei
2895 4458 3012 4528 lege
3033 4431 3223 4519 divisa,
3252 4459 3304 4512 in
3326 4458 3412 4532 pri

168 4558 324 4614 tionis
346 4556 620 4619 effectum,
650 4556 793 4622 quod
822 4551 929 4605 illic
972 4550 1170 4621 legitur
1197 4564 1290 4619 per
1322 4547 1585 4617 allegoriae
1625 4563 1743 4616 my-

167 4650 404 4702 sterium.
435 4649 528 4701 Ait
552 4646 730 4700 enim:
764 4642 900 4709 Quia
936 4659 956 4692 ι
1000 4641 1148 4695 stetit
1171 4638 1399 4695 Juathan
1443 4639 1493 4691 in
1544 4637 1744 4691 vertice

168 4739 359 4792 montis
383 4735 652 4797 Garizim,
693 4733 1010 4799 elevataque
1060 4743 1190 4782 voce
1223 4728 1475 4780 clamavit
1505 4744 1518 4756 ·
1552 4727 1745 4782 Audite

169 4845 270 4894 me,
316 4832 415 4886 viri
473 4831 718 4891 Sichem,
759 4828 830 4880 ita
880 4836 937 4879 ut
971 4823 1156 4877 audiat
1205 4837 1297 4874 vos
1345 4821 1528 4874 Deus:
1569 4819 1744 4872 lerunt

168 4914 331 4988 ligna,
388 4927 447 4972 ut
499 4925 764 4988 ungerent
806 4927 969 4983 super
1025 4926 1083 4965 se
1129 4923 1341 4979 regem,
1386 4908 1745 4975 dixeruntque

170 5008 317 5063 oliva:
343 5027 356 5062 :
381 5009 595 5079 Impera
626 5007 798 5060 nobis.
825 5004 953 5072 Qua:
981 5002 1259 5072 respondit
1294 5017 1305 5052 :
1341 4999 1589 5068 Nunquid
1623 5014 1745 5067 pos-

171 5112 282 5151 sum
311 5084 564 5153 deserere
588 5096 963 5166 pinguedinem
989 5106 1185 5154 meant,
1215 5105 1318 5158 qua
1343 5099 1396 5142 et
1423 5089 1492 5144 dii
1522 5097 1746 5141 utuntur

171 5198 222 5242 et
266 5191 513 5248 homines
543 5207 558 5254 ;
610 5202 662 5243 et
705 5189 908 5250 venire,
941 5193 1000 5238 ut
1033 5185 1173 5239 inter
1211 5183 1353 5251 ligna
1382 5179 1746 5250 promovear?

177 5278 534 5350 Dixeruntque
585 5279 727 5348 ligna
757 5277 824 5330 ad
856 5276 1106 5328 arborem
1145 5273 1303 5327 ﬁcum
1330 5289 1342 5324 :
1383 5273 1542 5336 Veni,
1568 5280 1622 5324 et
1651 5284 1738 5323 su-

175 5383 264 5437 per
287 5385 382 5426 nos
407 5384 634 5442 regnum
667 5367 868 5435 accipe.
893 5364 1023 5430 Qua:
1050 5363 1324 5432 respondit
1341 5362 1420 5416 eis
1452 5379 1464 5415 :
1497 5360 1747 5428 Nunquid

176 5471 384 5524 [iussum
441 5459 782 5515 dulcedinem
844 5468 1017 5508 meam
1077 5455 1373 5517 deserere,
1436 5454 1749 5519 fructusque

180 5550 539 5613 suavissimas,
565 5550 736 5610 etire,
759 5554 820 5600 ut
848 5546 995 5599 inter
1018 5554 1210 5601 extera
1245 5545 1380 5613 ligna
1408 5542 1749 5612 promoveat-‘2

181 5634 372 5696 Locuta
421 5647 546 5696 sunt
575 5651 792 5706 quoque
840 5637 1016 5706 ligna;
1053 5644 1106 5690 et
1147 5634 1212 5688 ad
1247 5635 1439 5689 vitem:
1494 5632 1647 5690 Veni.
1693 5639 1750 5690 et

1852 4563 1937 4600 ma
1964 4549 2247 4613 vocatione
2290 4547 2434 4601 facta
2484 4557 2568 4602 est
2595 4543 2824 4612 advena,
2869 4546 3088 4617 jamque
3124 4563 3224 4616 per.
3257 4549 3411 4606 incre

1851 4646 2092 4697 mentum
2135 4639 2331 4704 grati-.2
2385 4636 2526 4696 facta
2558 4646 2642 4691 est
2674 4638 2894 4692 omnino
2928 4638 3245 4700 domestica.
3279 4637 3436 4696 Unde

1844 4724 1980 4804 jam
2009 4727 2236 4804 ﬁrmiter
2277 4727 2554 4791 radicatis,
2580 4737 2637 4781 et
2680 4727 2827 4782 velut
2879 4727 2932 4781 iu
2967 4727 3100 4784 urbe
3121 4732 3437 4798 compositis

1849 4815 2046 4870 Paulus
2081 4817 2196 4870 ait:
2235 4834 2255 4866 ι
2287 4816 2407 4871 Jant
2449 4834 2555 4872 non
2593 4819 2727 4873 estis
2782 4819 3043 4888 hospites,
3083 4830 3138 4872 et
3167 4821 3429 4886 advena;

1846 4907 1940 4965 sed
2007 4908 2139 4962 estis
2207 4907 2354 4962 cives
2420 4907 2784 4974 Sanctorum,
2865 4919 2920 4964 et
2981 4910 3270 4967 domestici
3337 4910 3435 4969 Del

1846 4993 2061 5069 (Ephes.
2087 4997 2166 5065 ιι).
2203 5017 2222 5050 ι

1919 5088 2025 5142 Sed
2054 5097 2111 5140 ut
2141 5087 2453 5142 omittentcs
2487 5088 2735 5159 plurima,
2785 5089 3290 5161 quodpropositum
3328 5101 3433 5156 est,

1849 5178 2200 5240 transiliendo
2229 5177 2485 5240 celeriter
2531 5163 2936 5246 percurramus,
2963 5179 3102 5248 ligna
3129 5179 3279 5233 silva:
3311 5188 3437 5240 sunt

1850 5269 2098 5326 homines
2121 5269 2265 5330 vani,
2312 5277 2366 5320 ct
2397 5267 2741 5331 infructuosi,
2785 5283 2848 5320 ac
2885 5266 3116 5321 ﬂaminis
3150 5267 3432 5321 ultricihuc

1852 5357 2044 5417 merito
2063 5371 2176 5410 sua:
2200 5357 2504 5410 sterilitatis
2518 5358 2731 5409 obnoxii
2760 5376 2770 5408 :
2811 5381 2828 5407 ι
2865 5356 3052 5411 Οηιιιίε
3073 5358 3215 5410 enim
3247 5357 3398 5410 arbor
3418 5395 3431 5409 .

1851 5462 1970 5516 quae
2024 5461 2129 5500 non
2186 5444 2314 5500 f..cit
2362 5446 2598 5502 fructum
2656 5450 2879 5508 bonum.
2927 5449 3226 5511 cXcidetur,
3281 5458 3331 5504 et
3381 5451 3431 5500 in

1852 5537 2029 5606 ignem
2069 5536 2315 5590 mittetur
2361 5535 2576 5605 (Matth.
2607 5537 2688 5606 ιιι)
2749 5557 2766 5587 ι
2793 5538 2893 5603 Qui
2942 5553 3068 5592 vero
3096 5552 3190 5606 per
3215 5537 3431 5601 olivam,

1851 5639 1971 5685 aure
2010 5634 2065 5682 et
2092 5630 2305 5695 signum
2335 5627 2484 5694 pacis
2509 5627 2764 5692 ostendit,
2809 5629 3024 5698 oleique
3057 5629 3436 5698 pinguedinem
