  <div class='ocr_page' id='page_1' title='image "/cluster/home/n/w/nwhite01/storage/ocr_20150623/144-145/uc1.31175001639262/776.png"; bbox 0 0 5664 6648; ppageno 0'>
   <div class='ocr_carea' id='block_1_1' title="bbox 696 398 798 459">
    <p class='ocr_par' dir='ltr' id='par_1_1' title="bbox 696 398 798 459">
     <span class='ocr_line' id='line_1_1' title="bbox 696 398 798 459; baseline 0.049 -4"><span class='ocrx_word' id='word_1_1' title='bbox 696 398 798 459; x_wconf 65' lang='grc' dir='ltr'><strong>ιιι</strong></span> 
     </span>
    </p>
   </div>
   <div class='ocr_carea' id='block_1_2' title="bbox 1386 346 3269 460">
    <p class='ocr_par' dir='ltr' id='par_1_2' title="bbox 1386 346 3269 460">
     <span class='ocr_line' id='line_1_2' title="bbox 1386 346 3269 460; baseline -0.014 0"><span class='ocrx_word' id='word_1_2' title='bbox 1386 400 1633 460; x_wconf 78' lang='lat' dir='ltr'><strong>OPUSC.</strong></span> <span class='ocrx_word' id='word_1_3' title='bbox 1678 400 1862 455; x_wconf 76' lang='lat' dir='ltr'><strong>XXill.</strong></span> <span class='ocrx_word' id='word_1_4' title='bbox 1891 428 1962 440; x_wconf 87' lang='lat'><strong>—-</strong></span> <span class='ocrx_word' id='word_1_5' title='bbox 1998 395 2090 452; x_wconf 86' lang='lat' dir='ltr'><strong>DE</strong></span> <span class='ocrx_word' id='word_1_6' title='bbox 2116 386 2516 450; x_wconf 74' lang='lat' dir='ltr'><strong>BBEVlTATE</strong></span> <span class='ocrx_word' id='word_1_7' title='bbox 2559 383 2740 441; x_wconf 72' lang='grc' dir='ltr'><strong>ΠΤᾸί</strong></span> <span class='ocrx_word' id='word_1_8' title='bbox 2778 383 2885 440; x_wconf 74' lang='lat' dir='ltr'><strong>PP.</strong></span> <span class='ocrx_word' id='word_1_9' title='bbox 2925 381 3071 448; x_wconf 81' lang='grc' dir='ltr'>ιιιι..</span> <span class='ocrx_word' id='word_1_10' title='bbox 3111 370 3269 438; x_wconf 72' lang='grc' dir='ltr'><strong>ετε.</strong></span> 
     </span>
    </p>
   </div>
   <div class='ocr_carea' id='block_1_3' title="bbox 3849 378 3957 426">
    <p class='ocr_par' dir='ltr' id='par_1_3' title="bbox 3849 378 3957 426">
     <span class='ocr_line' id='line_1_3' title="bbox 3849 378 3957 426; baseline -0.028 0"><span class='ocrx_word' id='word_1_11' title='bbox 3849 379 3914 426; x_wconf 69' lang='lat' dir='ltr'><strong>o&#39;i</strong></span> <span class='ocrx_word' id='word_1_12' title='bbox 3926 378 3957 423; x_wconf 69' lang='grc' dir='ltr'>θ</span> 
     </span>
    </p>
   </div>
   <div class='ocr_carea' id='block_1_4' title="bbox 698 478 3956 588">
    <p class='ocr_par' dir='ltr' id='par_1_4' title="bbox 698 478 3956 588">
     <span class='ocr_line' id='line_1_4' title="bbox 698 478 3956 588; baseline -0.013 -18"><span class='ocrx_word' id='word_1_13' title='bbox 698 534 881 588; x_wconf 86' lang='lat' dir='ltr'><strong>quare;</strong></span> <span class='ocrx_word' id='word_1_14' title='bbox 926 532 1227 588; x_wconf 84' lang='lat' dir='ltr'><strong>congruum</strong></span> <span class='ocrx_word' id='word_1_15' title='bbox 1276 513 1512 587; x_wconf 85' lang='lat' dir='ltr'><strong>judicavi</strong></span> <span class='ocrx_word' id='word_1_16' title='bbox 1558 511 1749 568; x_wconf 87' lang='lat' dir='ltr'><strong>exenio</strong></span> <span class='ocrx_word' id='word_1_17' title='bbox 1786 510 2091 564; x_wconf 88' lang='lat' dir='ltr'><strong>litterarum</strong></span> <span class='ocrx_word' id='word_1_18' title='bbox 2144 504 2263 565; x_wconf 82' lang='lat' dir='ltr'><strong>tibi,</strong></span> <span class='ocrx_word' id='word_1_19' title='bbox 2294 499 2454 569; x_wconf 69' lang='lat' dir='ltr'><strong>Ajus</strong></span> <span class='ocrx_word' id='word_1_20' title='bbox 2498 497 2666 567; x_wconf 84' lang='lat' dir='ltr'><strong>stirpe</strong></span> <span class='ocrx_word' id='word_1_21' title='bbox 2709 495 2963 565; x_wconf 79' lang='lat' dir='ltr'><strong>dignatus</strong></span> <span class='ocrx_word' id='word_1_22' title='bbox 3014 499 3097 548; x_wconf 90' lang='lat' dir='ltr'><strong>est</strong></span> <span class='ocrx_word' id='word_1_23' title='bbox 3146 482 3464 559; x_wconf 80' lang='lat' dir='ltr'><strong>propagari;</strong></span> <span class='ocrx_word' id='word_1_24' title='bbox 3508 480 3648 538; x_wconf 89' lang='lat' dir='ltr'><strong>alter</strong></span> <span class='ocrx_word' id='word_1_25' title='bbox 3684 478 3956 588; x_wconf 70' lang='lat' dir='ltr'><strong>quinqua-</strong></span> 
     </span>
    </p>
   </div>
   <div class='ocr_carea' id='block_1_5' title="bbox 695 592 2261 677">
    <p class='ocr_par' dir='ltr' id='par_1_5' title="bbox 695 592 2261 677">
     <span class='ocr_line' id='line_1_5' title="bbox 695 592 2261 677; baseline -0.01 -18"><span class='ocrx_word' id='word_1_26' title='bbox 695 622 797 677; x_wconf 84' lang='lat' dir='ltr'><strong>quo</strong></span> <span class='ocrx_word' id='word_1_27' title='bbox 823 606 932 660; x_wconf 72' lang='lat' dir='ltr'><strong>vid.</strong></span> <span class='ocrx_word' id='word_1_28' title='bbox 945 605 1071 661; x_wconf 84' lang='lat' dir='ltr'><strong>licet</strong></span> <span class='ocrx_word' id='word_1_29' title='bbox 1096 606 1237 661; x_wconf 90' lang='lat' dir='ltr'><strong>dono</strong></span> <span class='ocrx_word' id='word_1_30' title='bbox 1260 604 1599 674; x_wconf 72' lang='lat' dir='ltr'><strong>potissimum</strong></span> <span class='ocrx_word' id='word_1_31' title='bbox 1622 592 1928 661; x_wconf 83' lang='lat' dir='ltr'><strong>delectaris,</strong></span> <span class='ocrx_word' id='word_1_32' title='bbox 1953 608 2261 651; x_wconf 85' lang='lat' dir='ltr'><strong>occurrere.</strong></span> 
     </span>
    </p>
   </div>
   <div class='ocr_carea' id='block_1_6' title="bbox 697 684 2267 763">
    <p class='ocr_par' dir='ltr' id='par_1_6' title="bbox 697 684 2267 763">
     <span class='ocr_line' id='line_1_6' title="bbox 697 684 2267 763; baseline -0.011 -10"><span class='ocrx_word' id='word_1_33' title='bbox 697 694 797 753; x_wconf 87' lang='lat' dir='ltr'><strong>Sed</strong></span> <span class='ocrx_word' id='word_1_34' title='bbox 833 709 884 752; x_wconf 88' lang='lat' dir='ltr'><strong>et</strong></span> <span class='ocrx_word' id='word_1_35' title='bbox 916 712 1068 761; x_wconf 88' lang='lat' dir='ltr'><strong>mox,</strong></span> <span class='ocrx_word' id='word_1_36' title='bbox 1113 705 1169 750; x_wconf 86' lang='grc' dir='ltr'><strong>ιιι</strong></span> <span class='ocrx_word' id='word_1_37' title='bbox 1199 696 1264 749; x_wconf 87' lang='lat' dir='ltr'><strong>ad</strong></span> <span class='ocrx_word' id='word_1_38' title='bbox 1295 709 1391 750; x_wconf 87' lang='lat' dir='ltr'><strong>vos</strong></span> <span class='ocrx_word' id='word_1_39' title='bbox 1414 694 1640 763; x_wconf 90' lang='lat' dir='ltr'><strong>impiger</strong></span> <span class='ocrx_word' id='word_1_40' title='bbox 1666 692 1769 745; x_wconf 71' lang='lat' dir='ltr'><strong>iter</strong></span> <span class='ocrx_word' id='word_1_41' title='bbox 1795 688 2119 759; x_wconf 77' lang='lat' dir='ltr'><strong>arriperem,</strong></span> <span class='ocrx_word' id='word_1_42' title='bbox 2151 684 2267 739; x_wconf 62' lang='lat' dir='ltr'><strong>dul.</strong></span> 
     </span>
    </p>
   </div>
   <div class='ocr_carea' id='block_1_7' title="bbox 692 775 2256 858">
    <p class='ocr_par' dir='ltr' id='par_1_7' title="bbox 692 775 2256 858">
     <span class='ocr_line' id='line_1_7' title="bbox 692 775 2256 858; baseline -0.007 -18"><span class='ocrx_word' id='word_1_43' title='bbox 692 789 766 843; x_wconf 81' lang='lat' dir='ltr'><strong>cis</strong></span> <span class='ocrx_word' id='word_1_44' title='bbox 791 787 927 842; x_wconf 86' lang='lat' dir='ltr'><strong>fama</strong></span> <span class='ocrx_word' id='word_1_45' title='bbox 956 786 1207 858; x_wconf 82' lang='lat' dir='ltr'><strong>percivit.</strong></span> <span class='ocrx_word' id='word_1_46' title='bbox 1233 784 1398 840; x_wconf 75' lang='lat' dir='ltr'><strong>Iacob</strong></span> <span class='ocrx_word' id='word_1_47' title='bbox 1428 784 1713 854; x_wconf 85' lang='lat' dir='ltr'><strong>siquidem,</strong></span> <span class='ocrx_word' id='word_1_48' title='bbox 1742 780 1809 836; x_wconf 86' lang='lat' dir='ltr'><strong>de</strong></span> <span class='ocrx_word' id='word_1_49' title='bbox 1837 792 1944 849; x_wconf 85' lang='lat' dir='ltr'><strong>quo</strong></span> <span class='ocrx_word' id='word_1_50' title='bbox 1972 775 2256 846; x_wconf 74' lang='lat' dir='ltr'><strong>Scriptura</strong></span> 
     </span>
    </p>
   </div>
   <div class='ocr_carea' id='block_1_8' title="bbox 691 861 2260 946">
    <p class='ocr_par' dir='ltr' id='par_1_8' title="bbox 691 861 2260 946">
     <span class='ocr_line' id='line_1_8' title="bbox 691 861 2260 946; baseline -0.01 -14"><span class='ocrx_word' id='word_1_51' title='bbox 691 877 833 943; x_wconf 88' lang='lat' dir='ltr'><strong>dicit,</strong></span> <span class='ocrx_word' id='word_1_52' title='bbox 865 877 991 946; x_wconf 84' lang='lat' dir='ltr'><strong>quia</strong></span> <span class='ocrx_word' id='word_1_53' title='bbox 1027 895 1045 925; x_wconf 75' lang='grc' dir='ltr'><strong>ι</strong></span> <span class='ocrx_word' id='word_1_54' title='bbox 1066 874 1293 945; x_wconf 84' lang='lat' dir='ltr'><strong>simplex</strong></span> <span class='ocrx_word' id='word_1_55' title='bbox 1322 872 1603 928; x_wconf 88' lang='lat' dir='ltr'><strong>habitabat</strong></span> <span class='ocrx_word' id='word_1_56' title='bbox 1626 872 1678 925; x_wconf 92' lang='lat' dir='ltr'><strong>in</strong></span> <span class='ocrx_word' id='word_1_57' title='bbox 1706 866 2076 925; x_wconf 71' lang='lat' dir='ltr'><strong>tabernaculis</strong></span> <span class='ocrx_word' id='word_1_58' title='bbox 2108 861 2260 934; x_wconf 77' lang='lat' dir='ltr'><strong>(Cen.</strong></span> 
     </span>
    </p>
   </div>
   <div class='ocr_carea' id='block_1_9' title="bbox 691 951 2266 1038">
    <p class='ocr_par' dir='ltr' id='par_1_9' title="bbox 691 951 2266 1038">
     <span class='ocr_line' id='line_1_9' title="bbox 691 951 2266 1038; baseline -0.011 -19"><span class='ocrx_word' id='word_1_59' title='bbox 691 965 835 1035; x_wconf 78' lang='lat' dir='ltr'><strong>xxv),</strong></span> <span class='ocrx_word' id='word_1_60' title='bbox 857 984 875 1017; x_wconf 74' lang='grc' dir='ltr'><strong>ι</strong></span> <span class='ocrx_word' id='word_1_61' title='bbox 908 964 1114 1018; x_wconf 87' lang='lat' dir='ltr'><strong>idcirco</strong></span> <span class='ocrx_word' id='word_1_62' title='bbox 1144 962 1376 1023; x_wconf 81' lang='lat' dir='ltr'><strong>terrenis</strong></span> <span class='ocrx_word' id='word_1_63' title='bbox 1396 958 1716 1038; x_wconf 44' lang='lat' dir='ltr'><strong>plgandum</strong></span> <span class='ocrx_word' id='word_1_64' title='bbox 1744 970 1866 1011; x_wconf 84' lang='lat' dir='ltr'><strong>esse</strong></span> <span class='ocrx_word' id='word_1_65' title='bbox 1893 953 2119 1008; x_wconf 80' lang='lat' dir='ltr'><strong>fratrem</strong></span> <span class='ocrx_word' id='word_1_66' title='bbox 2148 951 2266 1003; x_wconf 77' lang='lat' dir='ltr'><strong>mu-&#39;</strong></span> 
     </span>
    </p>
   </div>
   <div class='ocr_carea' id='block_1_10' title="bbox 690 1044 2265 1122">
    <p class='ocr_par' dir='ltr' id='par_1_10' title="bbox 690 1044 2265 1122">
     <span class='ocr_line' id='line_1_10' title="bbox 690 1044 2265 1122; baseline -0.009 -14"><span class='ocrx_word' id='word_1_67' title='bbox 690 1052 904 1108; x_wconf 87' lang='lat' dir='ltr'><strong>neribos</strong></span> <span class='ocrx_word' id='word_1_68' title='bbox 943 1051 1122 1117; x_wconf 76' lang='lat' dir='ltr'><strong>duxit,</strong></span> <span class='ocrx_word' id='word_1_69' title='bbox 1158 1052 1283 1122; x_wconf 85' lang='lat' dir='ltr'><strong>quia</strong></span> <span class='ocrx_word' id='word_1_70' title='bbox 1312 1049 1423 1106; x_wconf 87' lang='lat' dir='ltr'><strong>sola</strong></span> <span class='ocrx_word' id='word_1_71' title='bbox 1454 1049 1719 1103; x_wconf 72' lang='lat' dir='ltr'><strong>duntaxat</strong></span> <span class='ocrx_word' id='word_1_72' title='bbox 1747 1062 1868 1102; x_wconf 89' lang='lat' dir='ltr'><strong>eum</strong></span> <span class='ocrx_word' id='word_1_73' title='bbox 1903 1044 2125 1115; x_wconf 75' lang='lat' dir='ltr'><strong>diligere</strong></span> <span class='ocrx_word' id='word_1_74' title='bbox 2158 1051 2265 1096; x_wconf 86' lang='lat' dir='ltr'><strong>tcr—</strong></span> 
     </span>
    </p>
   </div>
   <div class='ocr_carea' id='block_1_11' title="bbox 687 1129 2262 1212">
    <p class='ocr_par' dir='ltr' id='par_1_11' title="bbox 687 1129 2262 1212">
     <span class='ocr_line' id='line_1_11' title="bbox 687 1129 2262 1212; baseline -0.008 -15"><span class='ocrx_word' id='word_1_75' title='bbox 687 1157 811 1197; x_wconf 82' lang='lat' dir='ltr'><strong>rena</strong></span> <span class='ocrx_word' id='word_1_76' title='bbox 849 1143 1123 1212; x_wconf 88' lang='lat' dir='ltr'><strong>cognovit.</strong></span> <span class='ocrx_word' id='word_1_77' title='bbox 1176 1140 1287 1210; x_wconf 84' lang='lat' dir='ltr'><strong>Ego</strong></span> <span class='ocrx_word' id='word_1_78' title='bbox 1334 1153 1569 1209; x_wconf 88' lang='lat' dir='ltr'><strong>quoque,</strong></span> <span class='ocrx_word' id='word_1_79' title='bbox 1604 1138 1695 1209; x_wconf 89' lang='lat' dir='ltr'><strong>qui</strong></span> <span class='ocrx_word' id='word_1_80' title='bbox 1744 1152 1865 1192; x_wconf 87' lang='lat' dir='ltr'><strong>cum</strong></span> <span class='ocrx_word' id='word_1_81' title='bbox 1912 1134 2077 1190; x_wconf 73' lang='lat' dir='ltr'><strong>Iacob</strong></span> <span class='ocrx_word' id='word_1_82' title='bbox 2117 1129 2262 1187; x_wconf 90' lang='lat' dir='ltr'><strong>domi</strong></span> 
     </span>
    </p>
   </div>
   <div class='ocr_carea' id='block_1_12' title="bbox 687 1226 2261 1303">
    <p class='ocr_par' dir='ltr' id='par_1_12' title="bbox 687 1226 2261 1303">
     <span class='ocr_line' id='line_1_12' title="bbox 687 1226 2261 1303; baseline -0.004 -18"><span class='ocrx_word' id='word_1_83' title='bbox 687 1232 1001 1303; x_wconf 86' lang='lat' dir='ltr'><strong>simpliciter</strong></span> <span class='ocrx_word' id='word_1_84' title='bbox 1024 1232 1283 1297; x_wconf 79' lang='lat' dir='ltr'><strong>habitari,</strong></span> <span class='ocrx_word' id='word_1_85' title='bbox 1312 1232 1441 1301; x_wconf 87' lang='lat' dir='ltr'><strong>quia</strong></span> <span class='ocrx_word' id='word_1_86' title='bbox 1476 1230 1572 1285; x_wconf 88' lang='lat' dir='ltr'><strong>tibi</strong></span> <span class='ocrx_word' id='word_1_87' title='bbox 1598 1230 1719 1300; x_wconf 90' lang='lat' dir='ltr'><strong>plus</strong></span> <span class='ocrx_word' id='word_1_88' title='bbox 1745 1226 2070 1299; x_wconf 76' lang='lat' dir='ltr'><strong>Spiritualia,</strong></span> <span class='ocrx_word' id='word_1_89' title='bbox 2099 1238 2261 1294; x_wconf 83' lang='lat' dir='ltr'><strong>quam</strong></span> 
     </span>
    </p>
   </div>
   <div class='ocr_carea' id='block_1_13' title="bbox 685 1312 2263 1391">
    <p class='ocr_par' dir='ltr' id='par_1_13' title="bbox 685 1312 2263 1391">
     <span class='ocr_line' id='line_1_13' title="bbox 685 1312 2263 1391; baseline -0.003 -19"><span class='ocrx_word' id='word_1_90' title='bbox 685 1322 915 1376; x_wconf 78' lang='lat' dir='ltr'><strong>carnalia</strong></span> <span class='ocrx_word' id='word_1_91' title='bbox 960 1335 1187 1391; x_wconf 59' lang='lat' dir='ltr'><strong>quaeque</strong></span> <span class='ocrx_word' id='word_1_92' title='bbox 1214 1320 1430 1391; x_wconf 89' lang='lat' dir='ltr'><strong>placere</strong></span> <span class='ocrx_word' id='word_1_93' title='bbox 1460 1334 1565 1372; x_wconf 89' lang='lat' dir='ltr'><strong>non</strong></span> <span class='ocrx_word' id='word_1_94' title='bbox 1590 1317 1827 1386; x_wconf 88' lang='lat' dir='ltr'><strong>ambigo,</strong></span> <span class='ocrx_word' id='word_1_95' title='bbox 1869 1313 2137 1386; x_wconf 80' lang='lat' dir='ltr'><strong>spirituali</strong></span> <span class='ocrx_word' id='word_1_96' title='bbox 2178 1312 2263 1367; x_wconf 87' lang='lat' dir='ltr'><strong>fa-</strong></span> 
     </span>
    </p>
   </div>
   <div class='ocr_carea' id='block_1_14' title="bbox 686 1398 2260 1480">
    <p class='ocr_par' dir='ltr' id='par_1_14' title="bbox 686 1398 2260 1480">
     <span class='ocr_line' id='line_1_14' title="bbox 686 1398 2260 1480; baseline -0.003 -17"><span class='ocrx_word' id='word_1_97' title='bbox 686 1410 817 1464; x_wconf 88' lang='lat' dir='ltr'><strong>ciem</strong></span> <span class='ocrx_word' id='word_1_98' title='bbox 859 1420 1007 1465; x_wconf 90' lang='lat' dir='ltr'><strong>tuam</strong></span> <span class='ocrx_word' id='word_1_99' title='bbox 1060 1424 1283 1465; x_wconf 89' lang='lat' dir='ltr'><strong>munere</strong></span> <span class='ocrx_word' id='word_1_100' title='bbox 1327 1398 1555 1480; x_wconf 84' lang='lat' dir='ltr'><strong>placare</strong></span> <span class='ocrx_word' id='word_1_101' title='bbox 1597 1406 1882 1463; x_wconf 86' lang='lat' dir='ltr'><strong>contendo.</strong></span> <span class='ocrx_word' id='word_1_102' title='bbox 1939 1406 2260 1474; x_wconf 81' lang='lat' dir='ltr'><strong>Quanquam</strong></span> 
     </span>
    </p>
   </div>
   <div class='ocr_carea' id='block_1_15' title="bbox 684 1495 2263 1569">
    <p class='ocr_par' dir='ltr' id='par_1_15' title="bbox 684 1495 2263 1569">
     <span class='ocr_line' id='line_1_15' title="bbox 684 1495 2263 1569; baseline -0.001 -20"><span class='ocrx_word' id='word_1_103' title='bbox 684 1512 799 1551; x_wconf 89' lang='lat' dir='ltr'><strong>cum</strong></span> <span class='ocrx_word' id='word_1_104' title='bbox 829 1498 999 1553; x_wconf 86' lang='lat' dir='ltr'><strong>David</strong></span> <span class='ocrx_word' id='word_1_105' title='bbox 1030 1496 1237 1569; x_wconf 90' lang='lat' dir='ltr'><strong>fugeret</strong></span> <span class='ocrx_word' id='word_1_106' title='bbox 1261 1514 1289 1552; x_wconf 88' lang='lat' dir='ltr'><strong>a</strong></span> <span class='ocrx_word' id='word_1_107' title='bbox 1318 1499 1455 1553; x_wconf 84' lang='lat' dir='ltr'><strong>faeie</strong></span> <span class='ocrx_word' id='word_1_108' title='bbox 1490 1496 1750 1561; x_wconf 78' lang='lat' dir='ltr'><strong>Absalon,</strong></span> <span class='ocrx_word' id='word_1_109' title='bbox 1800 1496 1974 1564; x_wconf 82' lang='lat' dir='ltr'><strong>magis</strong></span> <span class='ocrx_word' id='word_1_110' title='bbox 2001 1495 2101 1550; x_wconf 84' lang='lat' dir='ltr'><strong>sibi</strong></span> <span class='ocrx_word' id='word_1_111' title='bbox 2135 1508 2263 1564; x_wconf 85' lang='lat' dir='ltr'><strong>pro-</strong></span> 
     </span>
    </p>
   </div>
   <div class='ocr_carea' id='block_1_16' title="bbox 685 1570 2257 1665">
    <p class='ocr_par' dir='ltr' id='par_1_16' title="bbox 685 1570 2257 1665">
     <span class='ocr_line' id='line_1_16' title="bbox 685 1570 2257 1665; baseline -0.003 -23"><span class='ocrx_word' id='word_1_112' title='bbox 685 1587 841 1643; x_wconf 86' lang='lat' dir='ltr'><strong>fuerit</strong></span> <span class='ocrx_word' id='word_1_113' title='bbox 884 1589 1088 1644; x_wconf 68' lang='lat' dir='ltr'><strong>Clausai</strong></span> <span class='ocrx_word' id='word_1_114' title='bbox 1148 1589 1434 1644; x_wconf 81' lang='lat' dir='ltr'><strong>Arachites</strong></span> <span class='ocrx_word' id='word_1_115' title='bbox 1479 1586 1572 1657; x_wconf 90' lang='lat' dir='ltr'><strong>qui</strong></span> <span class='ocrx_word' id='word_1_116' title='bbox 1604 1588 1661 1641; x_wconf 90' lang='lat' dir='ltr'><strong>in</strong></span> <span class='ocrx_word' id='word_1_117' title='bbox 1703 1570 2006 1641; x_wconf 56' lang='lat' dir='ltr'><strong>ierusalem</strong></span> <span class='ocrx_word' id='word_1_118' title='bbox 2056 1584 2257 1665; x_wconf 74' lang='lat' dir='ltr'><strong>rediit,</strong></span> 
     </span>
    </p>
   </div>
   <div class='ocr_carea' id='block_1_17' title="bbox 682 1669 2261 1750">
    <p class='ocr_par' dir='ltr' id='par_1_17' title="bbox 682 1669 2261 1750">
     <span class='ocr_line' id='line_1_17' title="bbox 682 1669 2261 1750; baseline -0.004 -17"><span class='ocrx_word' id='word_1_119' title='bbox 682 1694 835 1747; x_wconf 82' lang='lat' dir='ltr'><strong>quam</strong></span> <span class='ocrx_word' id='word_1_120' title='bbox 884 1680 1066 1746; x_wconf 86' lang='lat' dir='ltr'><strong>Etbai,</strong></span> <span class='ocrx_word' id='word_1_121' title='bbox 1114 1683 1205 1750; x_wconf 88' lang='lat' dir='ltr'><strong>qui</strong></span> <span class='ocrx_word' id='word_1_122' title='bbox 1253 1679 1553 1735; x_wconf 85' lang='lat' dir='ltr'><strong>videliceta</strong></span> <span class='ocrx_word' id='word_1_123' title='bbox 1583 1669 1823 1749; x_wconf 74' lang='lat' dir='ltr'><strong>fugiente</strong></span> <span class='ocrx_word' id='word_1_124' title='bbox 1855 1678 2020 1732; x_wconf 80' lang='lat' dir='ltr'><strong>David</strong></span> <span class='ocrx_word' id='word_1_125' title='bbox 2060 1674 2261 1730; x_wconf 82' lang='lat' dir='ltr'><strong>indivi-</strong></span> 
     </span>
    </p>
   </div>
   <div class='ocr_carea' id='block_1_18' title="bbox 680 1768 2259 1841">
    <p class='ocr_par' dir='ltr' id='par_1_18' title="bbox 680 1768 2259 1841">
     <span class='ocr_line' id='line_1_18' title="bbox 680 1768 2259 1841; baseline -0.002 -17"><span class='ocrx_word' id='word_1_126' title='bbox 680 1771 811 1824; x_wconf 82' lang='lat' dir='ltr'><strong>duus</strong></span> <span class='ocrx_word' id='word_1_127' title='bbox 840 1773 1047 1827; x_wconf 80' lang='lat' dir='ltr'><strong>assecla</strong></span> <span class='ocrx_word' id='word_1_128' title='bbox 1076 1788 1179 1826; x_wconf 92' lang='lat' dir='ltr'><strong>nou</strong></span> <span class='ocrx_word' id='word_1_129' title='bbox 1209 1772 1442 1826; x_wconf 83' lang='lat' dir='ltr'><strong>recessit</strong></span> <span class='ocrx_word' id='word_1_130' title='bbox 1457 1768 1542 1841; x_wconf 84' lang='grc'><strong>(11</strong></span> <span class='ocrx_word' id='word_1_131' title='bbox 1571 1769 1705 1840; x_wconf 82' lang='lat' dir='ltr'><strong>Reg.</strong></span> <span class='ocrx_word' id='word_1_132' title='bbox 1731 1768 1843 1839; x_wconf 82' lang='lat' dir='ltr'><strong>xv).</strong></span> <span class='ocrx_word' id='word_1_133' title='bbox 1872 1769 2017 1823; x_wconf 69' lang='lat' dir='ltr'><strong>idem</strong></span> <span class='ocrx_word' id='word_1_134' title='bbox 2042 1780 2259 1837; x_wconf 86' lang='lat' dir='ltr'><strong>quoque</strong></span> 
     </span>
    </p>
   </div>
   <div class='ocr_carea' id='block_1_19' title="bbox 2369 567 3955 661">
    <p class='ocr_par' dir='ltr' id='par_1_19' title="bbox 2369 567 3955 661">
     <span class='ocr_line' id='line_1_19' title="bbox 2369 567 3955 661; baseline -0.015 -19"><span class='ocrx_word' id='word_1_135' title='bbox 2369 567 2515 661; x_wconf 77' lang='lat' dir='ltr'><strong>ginta</strong></span> <span class='ocrx_word' id='word_1_136' title='bbox 2562 603 2677 647; x_wconf 85' lang='lat' dir='ltr'><strong>sex,</strong></span> <span class='ocrx_word' id='word_1_137' title='bbox 2717 586 2857 639; x_wconf 83' lang='lat' dir='ltr'><strong>alter</strong></span> <span class='ocrx_word' id='word_1_138' title='bbox 2882 580 3238 653; x_wconf 80' lang='lat' dir='ltr'><strong>quadraginta</strong></span> <span class='ocrx_word' id='word_1_139' title='bbox 3290 588 3558 631; x_wconf 86' lang='lat' dir='ltr'><strong>annorum</strong></span> <span class='ocrx_word' id='word_1_140' title='bbox 3595 568 3864 627; x_wconf 87' lang='lat' dir='ltr'><strong>curricula</strong></span> <span class='ocrx_word' id='word_1_141' title='bbox 3897 567 3955 621; x_wconf 93' lang='lat' dir='ltr'><strong>in</strong></span> 
     </span>
    </p>
   </div>
   <div class='ocr_carea' id='block_1_20' title="bbox 2369 658 3960 752">
    <p class='ocr_par' dir='ltr' id='par_1_20' title="bbox 2369 658 3960 752">
     <span class='ocr_line' id='line_1_20' title="bbox 2369 658 3960 752; baseline -0.016 -15"><span class='ocrx_word' id='word_1_142' title='bbox 2369 658 2535 752; x_wconf 75' lang='lat' dir='ltr'><strong>regali</strong></span> <span class='ocrx_word' id='word_1_143' title='bbox 2571 678 2789 748; x_wconf 87' lang='lat' dir='ltr'><strong>fastigio</strong></span> <span class='ocrx_word' id='word_1_144' title='bbox 2818 676 3157 730; x_wconf 85' lang='lat' dir='ltr'><strong>floruerunt:</strong></span> <span class='ocrx_word' id='word_1_145' title='bbox 3201 678 3325 741; x_wconf 90' lang='lat' dir='ltr'><strong>post</strong></span> <span class='ocrx_word' id='word_1_146' title='bbox 3366 681 3523 737; x_wconf 88' lang='lat' dir='ltr'><strong>quos,</strong></span> <span class='ocrx_word' id='word_1_147' title='bbox 3558 673 3613 719; x_wconf 88' lang='lat' dir='ltr'><strong>et</strong></span> <span class='ocrx_word' id='word_1_148' title='bbox 3642 660 3732 716; x_wconf 83' lang='lat' dir='ltr'><strong>alii</strong></span> <span class='ocrx_word' id='word_1_149' title='bbox 3766 658 3960 713; x_wconf 80' lang='lat' dir='ltr'><strong>videli-</strong></span> 
     </span>
    </p>
   </div>
   <div class='ocr_carea' id='block_1_21' title="bbox 2366 749 3955 837">
    <p class='ocr_par' dir='ltr' id='par_1_21' title="bbox 2366 749 3955 837">
     <span class='ocr_line' id='line_1_21' title="bbox 2366 749 3955 837; baseline -0.018 -8"><span class='ocrx_word' id='word_1_150' title='bbox 2366 749 2455 828; x_wconf 70' lang='lat' dir='ltr'><strong>cet</strong></span> <span class='ocrx_word' id='word_1_151' title='bbox 2500 771 2782 837; x_wconf 86' lang='lat' dir='ltr'><strong>utriusque</strong></span> <span class='ocrx_word' id='word_1_152' title='bbox 2829 764 2978 836; x_wconf 83' lang='lat' dir='ltr'><strong>regni</strong></span> <span class='ocrx_word' id='word_1_153' title='bbox 3024 760 3318 832; x_wconf 82' lang='lat' dir='ltr'><strong>principes,</strong></span> <span class='ocrx_word' id='word_1_154' title='bbox 3351 756 3454 813; x_wconf 84' lang='lat' dir='ltr'><strong>etsi</strong></span> <span class='ocrx_word' id='word_1_155' title='bbox 3487 749 3809 811; x_wconf 78' lang='lat' dir='ltr'><strong>minusculo,</strong></span> <span class='ocrx_word' id='word_1_156' title='bbox 3844 762 3955 803; x_wconf 89' lang='lat' dir='ltr'><strong>non</strong></span> 
     </span>
    </p>
   </div>
   <div class='ocr_carea' id='block_1_22' title="bbox 2368 839 3957 919">
    <p class='ocr_par' dir='ltr' id='par_1_22' title="bbox 2368 839 3957 919">
     <span class='ocr_line' id='line_1_22' title="bbox 2368 839 3957 919; baseline -0.016 -2"><span class='ocrx_word' id='word_1_157' title='bbox 2368 874 2548 917; x_wconf 89' lang='lat' dir='ltr'><strong>tamen</strong></span> <span class='ocrx_word' id='word_1_158' title='bbox 2579 858 2644 913; x_wconf 89' lang='lat' dir='ltr'><strong>ad</strong></span> <span class='ocrx_word' id='word_1_159' title='bbox 2675 859 2850 911; x_wconf 88' lang='lat' dir='ltr'><strong>instar</strong></span> <span class='ocrx_word' id='word_1_160' title='bbox 2872 854 3245 909; x_wconf 75' lang='lat' dir='ltr'><strong>Romanorum</strong></span> <span class='ocrx_word' id='word_1_161' title='bbox 3269 846 3608 919; x_wconf 86' lang='lat' dir='ltr'><strong>pontificum,</strong></span> <span class='ocrx_word' id='word_1_162' title='bbox 3634 839 3957 896; x_wconf 79' lang='lat' dir='ltr'><strong>brevissima</strong></span> 
     </span>
    </p>
   </div>
   <div class='ocr_carea' id='block_1_23' title="bbox 2366 926 3967 1020">
    <p class='ocr_par' dir='ltr' id='par_1_23' title="bbox 2366 926 3967 1020">
     <span class='ocr_line' id='line_1_23' title="bbox 2366 926 3967 1020; baseline -0.014 -14"><span class='ocrx_word' id='word_1_163' title='bbox 2366 956 2732 1020; x_wconf 81' lang='lat' dir='ltr'><strong>regnaverunt</strong></span> <span class='ocrx_word' id='word_1_164' title='bbox 2778 954 3081 1014; x_wconf 87' lang='lat' dir='ltr'><strong>temporum</strong></span> <span class='ocrx_word' id='word_1_165' title='bbox 3126 938 3454 1010; x_wconf 83' lang='lat' dir='ltr'><strong>quantitate.</strong></span> <span class='ocrx_word' id='word_1_166' title='bbox 3499 932 3580 987; x_wconf 79' lang='lat' dir='ltr'><strong>Ad</strong></span> <span class='ocrx_word' id='word_1_167' title='bbox 3622 929 3765 1001; x_wconf 91' lang='lat' dir='ltr'><strong>quod</strong></span> <span class='ocrx_word' id='word_1_168' title='bbox 3800 926 3967 983; x_wconf 71' lang='lat' dir='ltr'><strong>facile</strong></span> 
     </span>
    </p>
   </div>
   <div class='ocr_carea' id='block_1_24' title="bbox 2366 1021 3958 1113">
    <p class='ocr_par' dir='ltr' id='par_1_24' title="bbox 2366 1021 3958 1113">
     <span class='ocr_line' id='line_1_24' title="bbox 2366 1021 3958 1113; baseline -0.016 -16"><span class='ocrx_word' id='word_1_169' title='bbox 2366 1043 2767 1113; x_wconf 85' lang='lat' dir='ltr'><strong>respondetur;</strong></span> <span class='ocrx_word' id='word_1_170' title='bbox 2830 1037 2961 1107; x_wconf 84' lang='lat' dir='ltr'><strong>quia</strong></span> <span class='ocrx_word' id='word_1_171' title='bbox 3004 1049 3129 1090; x_wconf 91' lang='lat' dir='ltr'><strong>cum</strong></span> <span class='ocrx_word' id='word_1_172' title='bbox 3178 1045 3320 1086; x_wconf 89' lang='lat' dir='ltr'><strong>unus</strong></span> <span class='ocrx_word' id='word_1_173' title='bbox 3371 1026 3520 1083; x_wconf 87' lang='lat' dir='ltr'><strong>omni</strong></span> <span class='ocrx_word' id='word_1_174' title='bbox 3562 1021 3764 1079; x_wconf 90' lang='lat' dir='ltr'><strong>mundo</strong></span> <span class='ocrx_word' id='word_1_175' title='bbox 3818 1032 3958 1089; x_wconf 87' lang='lat' dir='ltr'><strong>papa</strong></span> 
     </span>
    </p>
   </div>
   <div class='ocr_carea' id='block_1_25' title="bbox 2365 1116 3960 1208">
    <p class='ocr_par' dir='ltr' id='par_1_25' title="bbox 2365 1116 3960 1208">
     <span class='ocr_line' id='line_1_25' title="bbox 2365 1116 3960 1208; baseline -0.018 -15"><span class='ocrx_word' id='word_1_176' title='bbox 2365 1135 2683 1208; x_wconf 73' lang='lat' dir='ltr'><strong>prmsideat,</strong></span> <span class='ocrx_word' id='word_1_177' title='bbox 2731 1145 2889 1201; x_wconf 88' lang='lat' dir='ltr'><strong>reges</strong></span> <span class='ocrx_word' id='word_1_178' title='bbox 2939 1136 3121 1182; x_wconf 89' lang='lat' dir='ltr'><strong>autem</strong></span> <span class='ocrx_word' id='word_1_179' title='bbox 3152 1122 3416 1195; x_wconf 89' lang='lat' dir='ltr'><strong>plurimos</strong></span> <span class='ocrx_word' id='word_1_180' title='bbox 3448 1119 3501 1173; x_wconf 94' lang='lat' dir='ltr'><strong>in</strong></span> <span class='ocrx_word' id='word_1_181' title='bbox 3524 1116 3657 1172; x_wconf 86' lang='lat' dir='ltr'><strong>orbe</strong></span> <span class='ocrx_word' id='word_1_182' title='bbox 3687 1123 3960 1168; x_wconf 88' lang='lat' dir='ltr'><strong>terrarum</strong></span> 
     </span>
    </p>
   </div>
   <div class='ocr_carea' id='block_1_26' title="bbox 2365 1202 3963 1296">
    <p class='ocr_par' dir='ltr' id='par_1_26' title="bbox 2365 1202 3963 1296">
     <span class='ocr_line' id='line_1_26' title="bbox 2365 1202 3963 1296; baseline -0.018 -13"><span class='ocrx_word' id='word_1_183' title='bbox 2365 1202 2465 1287; x_wconf 73' lang='lat' dir='ltr'><strong>sua</strong></span> <span class='ocrx_word' id='word_1_184' title='bbox 2508 1226 2771 1296; x_wconf 88' lang='lat' dir='ltr'><strong>cujusque</strong></span> <span class='ocrx_word' id='word_1_185' title='bbox 2808 1220 2958 1291; x_wconf 85' lang='lat' dir='ltr'><strong>regni</strong></span> <span class='ocrx_word' id='word_1_186' title='bbox 3000 1227 3145 1273; x_wconf 90' lang='lat' dir='ltr'><strong>meta</strong></span> <span class='ocrx_word' id='word_1_187' title='bbox 3197 1212 3509 1275; x_wconf 87' lang='lat' dir='ltr'><strong>concludat,</strong></span> <span class='ocrx_word' id='word_1_188' title='bbox 3556 1207 3683 1277; x_wconf 87' lang='lat' dir='ltr'><strong>quia</strong></span> <span class='ocrx_word' id='word_1_189' title='bbox 3735 1202 3963 1275; x_wconf 87' lang='lat' dir='ltr'><strong>quilibet</strong></span> 
     </span>
    </p>
   </div>
   <div class='ocr_carea' id='block_1_27' title="bbox 2364 1301 3960 1385">
    <p class='ocr_par' dir='ltr' id='par_1_27' title="bbox 2364 1301 3960 1385">
     <span class='ocr_line' id='line_1_27' title="bbox 2364 1301 3960 1385; baseline -0.016 -13"><span class='ocrx_word' id='word_1_190' title='bbox 2364 1317 2662 1385; x_wconf 85' lang='lat' dir='ltr'><strong>imperator</strong></span> <span class='ocrx_word' id='word_1_191' title='bbox 2700 1311 2765 1366; x_wconf 88' lang='lat' dir='ltr'><strong>ad</strong></span> <span class='ocrx_word' id='word_1_192' title='bbox 2809 1324 2960 1381; x_wconf 57' lang='lat' dir='ltr'><strong>papa;</strong></span> <span class='ocrx_word' id='word_1_193' title='bbox 2999 1304 3224 1377; x_wconf 83' lang='lat' dir='ltr'><strong>vestigia</strong></span> <span class='ocrx_word' id='word_1_194' title='bbox 3278 1301 3507 1366; x_wconf 88' lang='lat' dir='ltr'><strong>corruit,</strong></span> <span class='ocrx_word' id='word_1_195' title='bbox 3558 1305 3817 1365; x_wconf 86' lang='lat' dir='ltr'><strong>tanquam</strong></span> <span class='ocrx_word' id='word_1_196' title='bbox 3860 1306 3960 1349; x_wconf 82' lang='lat' dir='ltr'><strong>rex</strong></span> 
     </span>
    </p>
   </div>
   <div class='ocr_carea' id='block_1_28' title="bbox 2366 1386 3960 1477">
    <p class='ocr_par' dir='ltr' id='par_1_28' title="bbox 2366 1386 3960 1477">
     <span class='ocr_line' id='line_1_28' title="bbox 2366 1386 3960 1477; baseline -0.016 -15"><span class='ocrx_word' id='word_1_197' title='bbox 2366 1420 2573 1477; x_wconf 85' lang='lat' dir='ltr'><strong>regum.</strong></span> <span class='ocrx_word' id='word_1_198' title='bbox 2601 1412 2657 1458; x_wconf 89' lang='lat' dir='ltr'><strong>et</strong></span> <span class='ocrx_word' id='word_1_199' title='bbox 2701 1402 2956 1473; x_wconf 81' lang='lat' dir='ltr'><strong>princeps</strong></span> <span class='ocrx_word' id='word_1_200' title='bbox 3001 1400 3418 1467; x_wconf 82' lang='lat' dir='ltr'><strong>imperatorum,</strong></span> <span class='ocrx_word' id='word_1_201' title='bbox 3456 1397 3682 1443; x_wconf 81' lang='lat' dir='ltr'><strong>cunctos</strong></span> <span class='ocrx_word' id='word_1_202' title='bbox 3710 1386 3763 1440; x_wconf 90' lang='lat' dir='ltr'><strong>in</strong></span> <span class='ocrx_word' id='word_1_203' title='bbox 3794 1396 3960 1439; x_wconf 88' lang='lat' dir='ltr'><strong>carne</strong></span> 
     </span>
    </p>
   </div>
   <div class='ocr_carea' id='block_1_29' title="bbox 2362 1472 3962 1554">
    <p class='ocr_par' dir='ltr' id='par_1_29' title="bbox 2362 1472 3962 1554">
     <span class='ocr_line' id='line_1_29' title="bbox 2362 1472 3962 1554; baseline -0.018 -5"><span class='ocrx_word' id='word_1_204' title='bbox 2362 1472 2611 1549; x_wconf 66' lang='lat' dir='ltr'><strong>viventes</strong></span> <span class='ocrx_word' id='word_1_205' title='bbox 2639 1472 2867 1554; x_wconf 82' lang='lat' dir='ltr'><strong>hunore,</strong></span> <span class='ocrx_word' id='word_1_206' title='bbox 2900 1502 2966 1542; x_wconf 87' lang='lat' dir='ltr'><strong>ac</strong></span> <span class='ocrx_word' id='word_1_207' title='bbox 2994 1484 3261 1554; x_wconf 85' lang='lat' dir='ltr'><strong>dignitate</strong></span> <span class='ocrx_word' id='word_1_208' title='bbox 3296 1476 3580 1551; x_wconf 79' lang='lat' dir='ltr'><strong>praecellit.</strong></span> <span class='ocrx_word' id='word_1_209' title='bbox 3628 1472 3784 1530; x_wconf 78' lang='lat' dir='ltr'><strong>Unde</strong></span> <span class='ocrx_word' id='word_1_210' title='bbox 3824 1486 3962 1541; x_wconf 84' lang='lat' dir='ltr'><strong>qun-</strong></span> 
     </span>
    </p>
   </div>
   <div class='ocr_carea' id='block_1_30' title="bbox 2378 1565 3959 1651">
    <p class='ocr_par' dir='ltr' id='par_1_30' title="bbox 2378 1565 3959 1651">
     <span class='ocr_line' id='line_1_30' title="bbox 2378 1565 3959 1651; baseline -0.015 -15"><span class='ocrx_word' id='word_1_211' title='bbox 2378 1582 2509 1638; x_wconf 84' lang='lat' dir='ltr'><strong>lihet</strong></span> <span class='ocrx_word' id='word_1_212' title='bbox 2555 1594 2683 1651; x_wconf 87' lang='lat' dir='ltr'><strong>rege</strong></span> <span class='ocrx_word' id='word_1_213' title='bbox 2724 1575 3001 1638; x_wconf 84' lang='lat' dir='ltr'><strong>defuncto,</strong></span> <span class='ocrx_word' id='word_1_214' title='bbox 3036 1570 3514 1627; x_wconf 82' lang='lat' dir='ltr'><strong>administratione</strong></span> <span class='ocrx_word' id='word_1_215' title='bbox 3566 1565 3685 1636; x_wconf 86' lang='lat' dir='ltr'><strong>ejus</strong></span> <span class='ocrx_word' id='word_1_216' title='bbox 3728 1574 3959 1631; x_wconf 82' lang='lat' dir='ltr'><strong>regnum</strong></span> 
     </span>
    </p>
   </div>
   <div class='ocr_carea' id='block_1_31' title="bbox 2366 1659 3955 1735">
    <p class='ocr_par' dir='ltr' id='par_1_31' title="bbox 2366 1659 3955 1735">
     <span class='ocr_line' id='line_1_31' title="bbox 2366 1659 3955 1735; baseline -0.014 -8"><span class='ocrx_word' id='word_1_217' title='bbox 2366 1669 2760 1733; x_wconf 84' lang='lat' dir='ltr'><strong>tantummodo,</strong></span> <span class='ocrx_word' id='word_1_218' title='bbox 2814 1666 2901 1721; x_wconf 91' lang='lat' dir='ltr'><strong>cui</strong></span> <span class='ocrx_word' id='word_1_219' title='bbox 2946 1671 3201 1735; x_wconf 67' lang='lat' dir='ltr'><strong>prmerat,</strong></span> <span class='ocrx_word' id='word_1_220' title='bbox 3258 1659 3599 1720; x_wconf 81' lang='lat' dir='ltr'><strong>destituitur;</strong></span> <span class='ocrx_word' id='word_1_221' title='bbox 3654 1668 3778 1708; x_wconf 85' lang='lat' dir='ltr'><strong>cum</strong></span> <span class='ocrx_word' id='word_1_222' title='bbox 3820 1665 3955 1705; x_wconf 91' lang='lat' dir='ltr'><strong>vero</strong></span> 
     </span>
    </p>
   </div>
   <div class='ocr_carea' id='block_1_32' title="bbox 2364 1746 3924 1830">
    <p class='ocr_par' dir='ltr' id='par_1_32' title="bbox 2364 1746 3924 1830">
     <span class='ocr_line' id='line_1_32' title="bbox 2364 1746 3924 1830; baseline -0.014 -12"><span class='ocrx_word' id='word_1_223' title='bbox 2364 1762 2509 1818; x_wconf 80' lang='lat' dir='ltr'><strong>sedis</strong></span> <span class='ocrx_word' id='word_1_224' title='bbox 2558 1758 2872 1830; x_wconf 58' lang='lat' dir='ltr'><strong>apostolica!</strong></span> <span class='ocrx_word' id='word_1_225' title='bbox 2912 1752 3161 1827; x_wconf 76' lang='lat' dir='ltr'><strong>pontifex</strong></span> <span class='ocrx_word' id='word_1_226' title='bbox 3200 1750 3453 1812; x_wconf 88' lang='lat' dir='ltr'><strong>moritur,</strong></span> <span class='ocrx_word' id='word_1_227' title='bbox 3497 1746 3805 1807; x_wconf 83' lang='lat' dir='ltr'><strong>universus,</strong></span> <span class='ocrx_word' id='word_1_228' title='bbox 3836 1752 3924 1797; x_wconf 87' lang='lat' dir='ltr'><strong>tan</strong></span> 
     </span>
    </p>
   </div>
   <div class='ocr_carea' id='block_1_33' title="bbox 682 1832 3959 1934">
    <p class='ocr_par' dir='ltr' id='par_1_33' title="bbox 682 1832 3959 1934">
     <span class='ocr_line' id='line_1_33' title="bbox 682 1832 3959 1934; baseline -0.009 -19"><span class='ocrx_word' id='word_1_229' title='bbox 682 1859 1064 1934; x_wconf 67' lang='lat' dir='ltr'><strong>David&#39;legem</strong></span> <span class='ocrx_word' id='word_1_230' title='bbox 1117 1864 1400 1918; x_wconf 85' lang='lat' dir='ltr'><strong>constituit</strong></span> <span class='ocrx_word' id='word_1_231' title='bbox 1540 1832 1737 1925; x_wconf 74' lang='lat' dir='ltr'><strong>lsrael,</strong></span> <span class='ocrx_word' id='word_1_232' title='bbox 1777 1832 1988 1930; x_wconf 72' lang='lat' dir='ltr'><strong>ulthua</strong></span> <span class='ocrx_word' id='word_1_233' title='bbox 2035 1832 2107 1914; x_wconf 79' lang='lat' dir='ltr'><strong>sit</strong></span> <span class='ocrx_word' id='word_1_234' title='bbox 2135 1832 2262 1929; x_wconf 73' lang='lat' dir='ltr'><strong>pars</strong></span> <span class='ocrx_word' id='word_1_235' title='bbox 2292 1849 2338 1909; x_wconf 85' lang='grc' dir='ltr'><strong>Β</strong></span> <span class='ocrx_word' id='word_1_236' title='bbox 2364 1868 2528 1924; x_wconf 82' lang='lat' dir='ltr'><strong>quam</strong></span> <span class='ocrx_word' id='word_1_237' title='bbox 2572 1848 2847 1907; x_wconf 83' lang='lat' dir='ltr'><strong>communi</strong></span> <span class='ocrx_word' id='word_1_238' title='bbox 2894 1856 3049 1918; x_wconf 85' lang='lat' dir='ltr'><strong>patre</strong></span> <span class='ocrx_word' id='word_1_239' title='bbox 3095 1842 3328 1899; x_wconf 90' lang='lat' dir='ltr'><strong>mundus</strong></span> <span class='ocrx_word' id='word_1_240' title='bbox 3359 1842 3603 1895; x_wconf 83' lang='lat' dir='ltr'><strong>orbator.</strong></span> <span class='ocrx_word' id='word_1_241' title='bbox 3643 1834 3781 1903; x_wconf 86' lang='lat' dir='ltr'><strong>Quid</strong></span> <span class='ocrx_word' id='word_1_242' title='bbox 3813 1832 3959 1887; x_wconf 87' lang='lat' dir='ltr'><strong>enim</strong></span> 
     </span>
    </p>
   </div>
   <div class='ocr_carea' id='block_1_34' title="bbox 679 1951 2256 2025">
    <p class='ocr_par' dir='ltr' id='par_1_34' title="bbox 679 1951 2256 2025">
     <span class='ocr_line' id='line_1_34' title="bbox 679 1951 2256 2025; baseline 0 -20"><span class='ocrx_word' id='word_1_243' title='bbox 679 1951 1054 2010; x_wconf 83' lang='lat' dir='ltr'><strong>descendentis</strong></span> <span class='ocrx_word' id='word_1_244' title='bbox 1089 1957 1156 2010; x_wconf 88' lang='lat' dir='ltr'><strong>ad</strong></span> <span class='ocrx_word' id='word_1_245' title='bbox 1188 1955 1459 2025; x_wconf 61' lang='lat' dir='ltr'><strong>praelium,</strong></span> <span class='ocrx_word' id='word_1_246' title='bbox 1507 1964 1562 2009; x_wconf 91' lang='lat' dir='ltr'><strong>et</strong></span> <span class='ocrx_word' id='word_1_247' title='bbox 1602 1953 1934 2008; x_wconf 85' lang='lat' dir='ltr'><strong>remanentis</strong></span> <span class='ocrx_word' id='word_1_248' title='bbox 1972 1953 2039 2006; x_wconf 83' lang='lat' dir='ltr'><strong>ad</strong></span> <span class='ocrx_word' id='word_1_249' title='bbox 2084 1952 2256 2005; x_wconf 83' lang='lat' dir='ltr'><strong>sarci-&#39;-</strong></span> 
     </span>
    </p>
   </div>
   <div class='ocr_carea' id='block_1_35' title="bbox 680 2042 2257 2117">
    <p class='ocr_par' dir='ltr' id='par_1_35' title="bbox 680 2042 2257 2117">
     <span class='ocr_line' id='line_1_35' title="bbox 680 2042 2257 2117; baseline -0.002 -20"><span class='ocrx_word' id='word_1_250' title='bbox 680 2056 775 2099; x_wconf 84' lang='lat' dir='ltr'><strong>nas</strong></span> <span class='ocrx_word' id='word_1_251' title='bbox 816 2045 874 2117; x_wconf 79' lang='grc'><strong>(1</strong></span> <span class='ocrx_word' id='word_1_252' title='bbox 908 2047 1036 2116; x_wconf 75' lang='lat' dir='ltr'><strong>Reg.</strong></span> <span class='ocrx_word' id='word_1_253' title='bbox 1079 2048 1258 2117; x_wconf 74' lang='lat' dir='ltr'><strong>xxx)-:</strong></span> <span class='ocrx_word' id='word_1_254' title='bbox 1303 2056 1359 2101; x_wconf 91' lang='lat' dir='ltr'><strong>et</strong></span> <span class='ocrx_word' id='word_1_255' title='bbox 1398 2046 1673 2117; x_wconf 88' lang='lat' dir='ltr'><strong>potentius</strong></span> <span class='ocrx_word' id='word_1_256' title='bbox 1713 2045 1853 2115; x_wconf 82' lang='lat' dir='ltr'><strong>juvit</strong></span> <span class='ocrx_word' id='word_1_257' title='bbox 1900 2042 2257 2099; x_wconf 78' lang='lat' dir='ltr'><strong>Israeliticmn</strong></span> 
     </span>
    </p>
   </div>
   <div class='ocr_carea' id='block_1_36' title="bbox 678 2132 2261 2207">
    <p class='ocr_par' dir='ltr' id='par_1_36' title="bbox 678 2132 2261 2207">
     <span class='ocr_line' id='line_1_36' title="bbox 678 2132 2261 2207; baseline 0 -22"><span class='ocrx_word' id='word_1_258' title='bbox 678 2134 925 2203; x_wconf 84' lang='lat' dir='ltr'><strong>populum</strong></span> <span class='ocrx_word' id='word_1_259' title='bbox 978 2136 1191 2207; x_wconf 75' lang='lat' dir='ltr'><strong>Moyses</strong></span> <span class='ocrx_word' id='word_1_260' title='bbox 1232 2137 1286 2191; x_wconf 90' lang='lat' dir='ltr'><strong>in</strong></span> <span class='ocrx_word' id='word_1_261' title='bbox 1337 2135 1689 2204; x_wconf 75' lang='lat' dir='ltr'><strong>lihapbidim,</strong></span> <span class='ocrx_word' id='word_1_262' title='bbox 1728 2134 1853 2189; x_wconf 68' lang='lat' dir='ltr'><strong>dum</strong></span> <span class='ocrx_word' id='word_1_263' title='bbox 1877 2132 2024 2187; x_wconf 87' lang='lat' dir='ltr'><strong>velut</strong></span> <span class='ocrx_word' id='word_1_264' title='bbox 2053 2132 2261 2186; x_wconf 88' lang='lat' dir='ltr'><strong>otiosus</strong></span> 
     </span>
    </p>
   </div>
   <div class='ocr_carea' id='block_1_37' title="bbox 678 2223 2259 2298">
    <p class='ocr_par' dir='ltr' id='par_1_37' title="bbox 678 2223 2259 2298">
     <span class='ocr_line' id='line_1_37' title="bbox 678 2223 2259 2298; baseline 0.001 -22"><span class='ocrx_word' id='word_1_265' title='bbox 678 2235 874 2291; x_wconf 80' lang='lat' dir='ltr'><strong>oraret,</strong></span> <span class='ocrx_word' id='word_1_266' title='bbox 916 2243 1082 2298; x_wconf 85' lang='lat' dir='ltr'><strong>quam</strong></span> <span class='ocrx_word' id='word_1_267' title='bbox 1129 2226 1307 2293; x_wconf 79' lang='lat' dir='ltr'><strong>losoe,</strong></span> <span class='ocrx_word' id='word_1_268' title='bbox 1358 2226 1488 2281; x_wconf 87' lang='lat' dir='ltr'><strong>licet</strong></span> <span class='ocrx_word' id='word_1_269' title='bbox 1539 2225 1875 2281; x_wconf 73' lang='lat' dir='ltr'><strong>irruentibus</strong></span> <span class='ocrx_word' id='word_1_270' title='bbox 1922 2223 2259 2289; x_wconf 70' lang='lat' dir='ltr'><strong>Amalec-itis,</strong></span> 
     </span>
    </p>
   </div>
   <div class='ocr_carea' id='block_1_38' title="bbox 680 2316 2261 2387">
    <p class='ocr_par' dir='ltr' id='par_1_38' title="bbox 680 2316 2261 2387">
     <span class='ocr_line' id='line_1_38' title="bbox 680 2316 2261 2387; baseline 0.001 -20"><span class='ocrx_word' id='word_1_271' title='bbox 680 2317 989 2374; x_wconf 86' lang='lat' dir='ltr'><strong>terribiliter</strong></span> <span class='ocrx_word' id='word_1_272' title='bbox 1018 2326 1257 2373; x_wconf 82' lang='lat' dir='ltr'><strong>armatus</strong></span> <span class='ocrx_word' id='word_1_273' title='bbox 1282 2329 1613 2374; x_wconf 89' lang='lat' dir='ltr'><strong>occurreret.</strong></span> <span class='ocrx_word' id='word_1_274' title='bbox 1646 2318 1799 2383; x_wconf 85' lang='lat' dir='ltr'><strong>Quod</strong></span> <span class='ocrx_word' id='word_1_275' title='bbox 1825 2316 2112 2387; x_wconf 84' lang='lat' dir='ltr'><strong>perspicue</strong></span> <span class='ocrx_word' id='word_1_276' title='bbox 2137 2330 2261 2386; x_wconf 87' lang='lat' dir='ltr'><strong>per-</strong></span> 
     </span>
    </p>
   </div>
   <div class='ocr_carea' id='block_1_39' title="bbox 678 2402 2262 2476">
    <p class='ocr_par' dir='ltr' id='par_1_39' title="bbox 678 2402 2262 2476">
     <span class='ocr_line' id='line_1_39' title="bbox 678 2402 2262 2476; baseline 0.001 -21"><span class='ocrx_word' id='word_1_277' title='bbox 678 2402 822 2459; x_wconf 84' lang='lat' dir='ltr'><strong>hibet</strong></span> <span class='ocrx_word' id='word_1_278' title='bbox 850 2405 1154 2476; x_wconf 85' lang='lat' dir='ltr'><strong>Scriptura,</strong></span> <span class='ocrx_word' id='word_1_279' title='bbox 1187 2421 1310 2461; x_wconf 91' lang='lat' dir='ltr'><strong>cum</strong></span> <span class='ocrx_word' id='word_1_280' title='bbox 1340 2407 1470 2462; x_wconf 76' lang='lat' dir='ltr'><strong>dicit</strong></span> <span class='ocrx_word' id='word_1_281' title='bbox 1503 2424 1515 2459; x_wconf 90' lang='lat'><strong>:</strong></span> <span class='ocrx_word' id='word_1_282' title='bbox 1557 2424 1575 2454; x_wconf 78' lang='grc' dir='ltr'><strong>ι</strong></span> <span class='ocrx_word' id='word_1_283' title='bbox 1607 2405 1743 2471; x_wconf 81' lang='lat' dir='ltr'><strong>Quia</strong></span> <span class='ocrx_word' id='word_1_284' title='bbox 1770 2420 1892 2460; x_wconf 87' lang='lat' dir='ltr'><strong>cum</strong></span> <span class='ocrx_word' id='word_1_285' title='bbox 1923 2404 2128 2458; x_wconf 88' lang='lat' dir='ltr'><strong>levaret</strong></span> <span class='ocrx_word' id='word_1_286' title='bbox 2152 2419 2262 2458; x_wconf 88' lang='lat' dir='ltr'><strong>ma-</strong></span> 
     </span>
    </p>
   </div>
   <div class='ocr_carea' id='block_1_40' title="bbox 677 2491 2257 2566">
    <p class='ocr_par' dir='ltr' id='par_1_40' title="bbox 677 2491 2257 2566">
     <span class='ocr_line' id='line_1_40' title="bbox 677 2491 2257 2566; baseline 0.003 -23"><span class='ocrx_word' id='word_1_287' title='bbox 677 2500 777 2547; x_wconf 85' lang='lat' dir='ltr'><strong>nus</strong></span> <span class='ocrx_word' id='word_1_288' title='bbox 821 2494 1058 2566; x_wconf 76' lang='lat' dir='ltr'><strong>Moyses,</strong></span> <span class='ocrx_word' id='word_1_289' title='bbox 1105 2496 1355 2552; x_wconf 74' lang='lat' dir='ltr'><strong>vincebat</strong></span> <span class='ocrx_word' id='word_1_290' title='bbox 1401 2496 1606 2561; x_wconf 87' lang='lat' dir='ltr'><strong>lsrael;</strong></span> <span class='ocrx_word' id='word_1_291' title='bbox 1650 2495 1734 2550; x_wconf 90' lang='lat' dir='ltr'><strong>sin</strong></span> <span class='ocrx_word' id='word_1_292' title='bbox 1767 2504 1947 2549; x_wconf 81' lang='lat' dir='ltr'><strong>autem</strong></span> <span class='ocrx_word' id='word_1_293' title='bbox 1980 2491 2257 2563; x_wconf 86' lang='lat' dir='ltr'><strong>paululum</strong></span> 
     </span>
    </p>
   </div>
   <div class='ocr_carea' id='block_1_41' title="bbox 676 2581 2260 2656">
    <p class='ocr_par' dir='ltr' id='par_1_41' title="bbox 676 2581 2260 2656">
     <span class='ocr_line' id='line_1_41' title="bbox 676 2581 2260 2656; baseline 0.002 -22"><span class='ocrx_word' id='word_1_294' title='bbox 676 2581 993 2651; x_wconf 76' lang='lat' dir='ltr'><strong>reuiisisset,</strong></span> <span class='ocrx_word' id='word_1_295' title='bbox 1025 2586 1311 2656; x_wconf 85' lang='lat' dir='ltr'><strong>superabat</strong></span> <span class='ocrx_word' id='word_1_296' title='bbox 1333 2584 1613 2639; x_wconf 82' lang='lat' dir='ltr'><strong>Amalech.</strong></span> <span class='ocrx_word' id='word_1_297' title='bbox 1645 2604 1663 2637; x_wconf 76' lang='grc' dir='ltr'><strong>ι</strong></span> <span class='ocrx_word' id='word_1_298' title='bbox 1698 2584 1804 2640; x_wconf 85' lang='lat' dir='ltr'><strong>Sed</strong></span> <span class='ocrx_word' id='word_1_299' title='bbox 1828 2584 2033 2637; x_wconf 88' lang='lat' dir='ltr'><strong>nullum</strong></span> <span class='ocrx_word' id='word_1_300' title='bbox 2062 2599 2260 2638; x_wconf 88' lang='lat' dir='ltr'><strong>munus</strong></span> 
     </span>
    </p>
   </div>
   <div class='ocr_carea' id='block_1_42' title="bbox 674 2668 2261 2743">
    <p class='ocr_par' dir='ltr' id='par_1_42' title="bbox 674 2668 2261 2743">
     <span class='ocr_line' id='line_1_42' title="bbox 674 2668 2261 2743; baseline 0.005 -23"><span class='ocrx_word' id='word_1_301' title='bbox 674 2668 921 2738; x_wconf 81' lang='lat' dir='ltr'><strong>cuiquam</strong></span> <span class='ocrx_word' id='word_1_302' title='bbox 974 2675 1360 2743; x_wconf 87' lang='lat' dir='ltr'><strong>congruentius</strong></span> <span class='ocrx_word' id='word_1_303' title='bbox 1400 2673 1580 2739; x_wconf 88' lang='lat' dir='ltr'><strong>datur,</strong></span> <span class='ocrx_word' id='word_1_304' title='bbox 1613 2688 1777 2743; x_wconf 87' lang='lat' dir='ltr'><strong>quam</strong></span> <span class='ocrx_word' id='word_1_305' title='bbox 1814 2672 1887 2738; x_wconf 87' lang='lat' dir='ltr'><strong>id,</strong></span> <span class='ocrx_word' id='word_1_306' title='bbox 1919 2672 2063 2742; x_wconf 90' lang='lat' dir='ltr'><strong>quod</strong></span> <span class='ocrx_word' id='word_1_307' title='bbox 2093 2672 2162 2727; x_wconf 82' lang='lat' dir='ltr'><strong>ab</strong></span> <span class='ocrx_word' id='word_1_308' title='bbox 2193 2686 2261 2728; x_wconf 84' lang='lat' dir='ltr'><strong>eo</strong></span> 
     </span>
    </p>
   </div>
   <div class='ocr_carea' id='block_1_43' title="bbox 674 2751 1424 2834">
    <p class='ocr_par' dir='ltr' id='par_1_43' title="bbox 674 2751 1424 2834">
     <span class='ocr_line' id='line_1_43' title="bbox 674 2751 1424 2834; baseline 0.007 -24"><span class='ocrx_word' id='word_1_309' title='bbox 674 2751 807 2827; x_wconf 79' lang='lat' dir='ltr'><strong>ipso,</strong></span> <span class='ocrx_word' id='word_1_310' title='bbox 839 2761 925 2815; x_wconf 92' lang='lat' dir='ltr'><strong>cui</strong></span> <span class='ocrx_word' id='word_1_311' title='bbox 958 2762 1142 2829; x_wconf 88' lang='lat' dir='ltr'><strong>datur,</strong></span> <span class='ocrx_word' id='word_1_312' title='bbox 1169 2763 1424 2834; x_wconf 89' lang='lat' dir='ltr'><strong>exigitur.</strong></span> 
     </span>
    </p>
   </div>
   <div class='ocr_carea' id='block_1_44' title="bbox 1188 2894 1743 2951">
    <p class='ocr_par' dir='ltr' id='par_1_44' title="bbox 1188 2894 1743 2951">
     <span class='ocr_line' id='line_1_44' title="bbox 1188 2894 1743 2951; baseline -0.004 0"><span class='ocrx_word' id='word_1_313' title='bbox 1188 2895 1419 2951; x_wconf 81' lang='lat' dir='ltr'><strong>CAPUT</strong></span> <span class='ocrx_word' id='word_1_314' title='bbox 1455 2894 1743 2951; x_wconf 76' lang='lat' dir='ltr'><strong>PRIMUM.</strong></span> 
     </span>
    </p>
   </div>
   <div class='ocr_carea' id='block_1_45' title="bbox 818 2997 2100 3077">
    <p class='ocr_par' dir='ltr' id='par_1_45' title="bbox 818 2997 2100 3077">
     <span class='ocr_line' id='line_1_45' title="bbox 818 2997 2100 3077; baseline -0.002 -16"><span class='ocrx_word' id='word_1_315' title='bbox 818 2997 932 3062; x_wconf 73' lang='lat' dir='ltr'><strong>Cur</strong></span> <span class='ocrx_word' id='word_1_316' title='bbox 958 3006 1319 3062; x_wconf 75' lang='lat' dir='ltr'><strong>Romanorum</strong></span> <span class='ocrx_word' id='word_1_317' title='bbox 1348 3006 1650 3077; x_wconf 78' lang='lat' dir='ltr'><strong>pontiﬁcum</strong></span> <span class='ocrx_word' id='word_1_318' title='bbox 1684 3007 1788 3060; x_wconf 79' lang='lat' dir='ltr'><strong>rita</strong></span> <span class='ocrx_word' id='word_1_319' title='bbox 1814 3004 1983 3061; x_wconf 75' lang='lat' dir='ltr'><strong>brevis</strong></span> <span class='ocrx_word' id='word_1_320' title='bbox 2012 3008 2100 3061; x_wconf 75' lang='lat' dir='ltr'><strong>sit.</strong></span> 
     </span>
    </p>
   </div>
   <div class='ocr_carea' id='block_1_46' title="bbox 743 3085 2258 3184">
    <p class='ocr_par' dir='ltr' id='par_1_46' title="bbox 743 3112 2258 3184">
     <span class='ocr_line' id='line_1_46' title="bbox 743 3112 2258 3184; baseline 0.002 -17"><span class='ocrx_word' id='word_1_321' title='bbox 743 3112 1049 3184; x_wconf 79' lang='lat' dir='ltr'><strong>Aliquando</strong></span> <span class='ocrx_word' id='word_1_322' title='bbox 1075 3124 1244 3181; x_wconf 88' lang='lat' dir='ltr'><strong>certe,</strong></span> <span class='ocrx_word' id='word_1_323' title='bbox 1291 3116 1333 3170; x_wconf 90' lang='lat' dir='ltr'><strong>si</strong></span> <span class='ocrx_word' id='word_1_324' title='bbox 1376 3116 1475 3170; x_wconf 88' lang='lat' dir='ltr'><strong>rite</strong></span> <span class='ocrx_word' id='word_1_325' title='bbox 1525 3123 1702 3179; x_wconf 85' lang='lat' dir='ltr'><strong>teneo,</strong></span> <span class='ocrx_word' id='word_1_326' title='bbox 1733 3129 1760 3167; x_wconf 90' lang='lat' dir='ltr'><strong>a</strong></span> <span class='ocrx_word' id='word_1_327' title='bbox 1792 3130 1879 3168; x_wconf 90' lang='lat' dir='ltr'><strong>me</strong></span> <span class='ocrx_word' id='word_1_328' title='bbox 1905 3114 2137 3169; x_wconf 88' lang='lat' dir='ltr'><strong>sollicite</strong></span> <span class='ocrx_word' id='word_1_329' title='bbox 2166 3131 2258 3170; x_wconf 58' lang='lat' dir='ltr'><strong>rea</strong></span> 
     </span>
    </p>
   </div>
   <div class='ocr_carea' id='block_1_47' title="bbox 2362 1923 3963 2011">
    <p class='ocr_par' dir='ltr' id='par_1_47' title="bbox 2362 1923 3963 2011">
     <span class='ocr_line' id='line_1_47' title="bbox 2362 1923 3963 2011; baseline -0.014 -13"><span class='ocrx_word' id='word_1_330' title='bbox 2362 1923 2545 1999; x_wconf 64' lang='lat' dir='ltr'><strong>Africa</strong></span> <span class='ocrx_word' id='word_1_331' title='bbox 2570 1942 2636 1998; x_wconf 90' lang='lat' dir='ltr'><strong>de</strong></span> <span class='ocrx_word' id='word_1_332' title='bbox 2673 1939 2892 2011; x_wconf 82' lang='lat' dir='ltr'><strong>regibus</strong></span> <span class='ocrx_word' id='word_1_333' title='bbox 2923 1936 3090 1999; x_wconf 70' lang='lat' dir='ltr'><strong>Asiae,</strong></span> <span class='ocrx_word' id='word_1_334' title='bbox 3123 1943 3218 1989; x_wconf 82' lang='lat' dir='ltr'><strong>aut</strong></span> <span class='ocrx_word' id='word_1_335' title='bbox 3244 1932 3372 2002; x_wconf 84' lang='lat' dir='ltr'><strong>quid</strong></span> <span class='ocrx_word' id='word_1_336' title='bbox 3404 1926 3683 1997; x_wconf 70' lang='lat' dir='ltr'><strong>)Etliiopia</strong></span> <span class='ocrx_word' id='word_1_337' title='bbox 3715 1926 3780 1980; x_wconf 89' lang='lat' dir='ltr'><strong>de</strong></span> <span class='ocrx_word' id='word_1_338' title='bbox 3810 1923 3963 1994; x_wconf 83' lang='lat' dir='ltr'><strong>prin-</strong></span> 
     </span>
    </p>
   </div>
   <div class='ocr_carea' id='block_1_48' title="bbox 2362 2013 3963 2103">
    <p class='ocr_par' dir='ltr' id='par_1_48' title="bbox 2362 2013 3963 2103">
     <span class='ocr_line' id='line_1_48' title="bbox 2362 2013 3963 2103; baseline -0.014 -15"><span class='ocrx_word' id='word_1_339' title='bbox 2362 2034 2572 2103; x_wconf 83' lang='lat' dir='ltr'><strong>cipibus</strong></span> <span class='ocrx_word' id='word_1_340' title='bbox 2600 2030 2767 2086; x_wconf 87' lang='lat' dir='ltr'><strong>sentit</strong></span> <span class='ocrx_word' id='word_1_341' title='bbox 2802 2025 3115 2097; x_wconf 70' lang='lat' dir='ltr'><strong>Hesperiae?</strong></span> <span class='ocrx_word' id='word_1_342' title='bbox 3148 2023 3305 2085; x_wconf 83' lang='lat' dir='ltr'><strong>Nam,</strong></span> <span class='ocrx_word' id='word_1_343' title='bbox 3344 2020 3457 2075; x_wconf 84' lang='lat' dir='ltr'><strong>sive</strong></span> <span class='ocrx_word' id='word_1_344' title='bbox 3489 2017 3812 2078; x_wconf 87' lang='lat' dir='ltr'><strong>moriantur,</strong></span> <span class='ocrx_word' id='word_1_345' title='bbox 3846 2013 3963 2067; x_wconf 83' lang='lat' dir='ltr'><strong>sive</strong></span> 
     </span>
    </p>
   </div>
   <div class='ocr_carea' id='block_1_49' title="bbox 2361 2104 3964 2191">
    <p class='ocr_par' dir='ltr' id='par_1_49' title="bbox 2361 2104 3964 2191">
     <span class='ocr_line' id='line_1_49' title="bbox 2361 2104 3964 2191; baseline -0.011 -18"><span class='ocrx_word' id='word_1_346' title='bbox 2361 2125 2567 2186; x_wconf 86' lang='lat' dir='ltr'><strong>vivant,</strong></span> <span class='ocrx_word' id='word_1_347' title='bbox 2594 2123 2722 2191; x_wconf 90' lang='lat' dir='ltr'><strong>quia</strong></span> <span class='ocrx_word' id='word_1_348' title='bbox 2751 2118 2997 2190; x_wconf 87' lang='lat' dir='ltr'><strong>procula</strong></span> <span class='ocrx_word' id='word_1_349' title='bbox 3028 2131 3091 2173; x_wconf 89' lang='lat' dir='ltr'><strong>se</strong></span> <span class='ocrx_word' id='word_1_350' title='bbox 3132 2113 3326 2171; x_wconf 89' lang='lat' dir='ltr'><strong>remoti</strong></span> <span class='ocrx_word' id='word_1_351' title='bbox 3367 2119 3513 2176; x_wconf 87' lang='lat' dir='ltr'><strong>sunt,</strong></span> <span class='ocrx_word' id='word_1_352' title='bbox 3559 2117 3852 2177; x_wconf 89' lang='lat' dir='ltr'><strong>utrumque</strong></span> <span class='ocrx_word' id='word_1_353' title='bbox 3882 2104 3964 2158; x_wconf 77' lang='lat' dir='ltr'><strong>iu-</strong></span> 
     </span>
    </p>
   </div>
   <div class='ocr_carea' id='block_1_50' title="bbox 2360 2194 3815 2281">
    <p class='ocr_par' dir='ltr' id='par_1_50' title="bbox 2360 2194 3815 2281">
     <span class='ocr_line' id='line_1_50' title="bbox 2360 2194 3815 2281; baseline -0.011 -13"><span class='ocrx_word' id='word_1_354' title='bbox 2360 2211 2674 2269; x_wconf 81' lang='lat' dir='ltr'><strong>difl‘erenter</strong></span> <span class='ocrx_word' id='word_1_355' title='bbox 2706 2211 2981 2281; x_wconf 87' lang='lat' dir='ltr'><strong>ignorant.</strong></span> <span class='ocrx_word' id='word_1_356' title='bbox 3812 2194 3815 2195; x_wconf 54' lang='grc'><strong><em>⁷</em></strong></span> 
     </span>
    </p>
   </div>
   <div class='ocr_carea' id='block_1_51' title="bbox 2431 2306 3951 2381">
    <p class='ocr_par' dir='ltr' id='par_1_51' title="bbox 2431 2306 3951 2381">
     <span class='ocr_line' id='line_1_51' title="bbox 2431 2306 3951 2381; baseline -0.013 -7"><span class='ocrx_word' id='word_1_357' title='bbox 2431 2318 2528 2374; x_wconf 84' lang='lat' dir='ltr'><strong>Est</strong></span> <span class='ocrx_word' id='word_1_358' title='bbox 2568 2326 2623 2373; x_wconf 86' lang='lat' dir='ltr'><strong>et</strong></span> <span class='ocrx_word' id='word_1_359' title='bbox 2671 2316 2843 2380; x_wconf 84' lang='lat' dir='ltr'><strong>aliud,</strong></span> <span class='ocrx_word' id='word_1_360' title='bbox 2900 2321 3024 2370; x_wconf 88' lang='lat' dir='ltr'><strong>cuni</strong></span> <span class='ocrx_word' id='word_1_361' title='bbox 3082 2321 3230 2368; x_wconf 86' lang='lat' dir='ltr'><strong>mors</strong></span> <span class='ocrx_word' id='word_1_362' title='bbox 3286 2306 3581 2381; x_wconf 78' lang='lat' dir='ltr'><strong>cujuslibet</strong></span> <span class='ocrx_word' id='word_1_363' title='bbox 3636 2306 3782 2377; x_wconf 80' lang='lat' dir='ltr'><strong>regis</strong></span> <span class='ocrx_word' id='word_1_364' title='bbox 3840 2312 3951 2359; x_wconf 86' lang='lat' dir='ltr'><strong>non</strong></span> 
     </span>
    </p>
   </div>
   <div class='ocr_carea' id='block_1_52' title="bbox 2359 2396 3959 2481">
    <p class='ocr_par' dir='ltr' id='par_1_52' title="bbox 2359 2396 3959 2481">
     <span class='ocr_line' id='line_1_52' title="bbox 2359 2396 3959 2481; baseline -0.011 -15"><span class='ocrx_word' id='word_1_365' title='bbox 2359 2409 2783 2481; x_wconf 25' lang='lat' dir='ltr'><strong>magnoperersit</strong></span> <span class='ocrx_word' id='word_1_366' title='bbox 2809 2406 3035 2471; x_wconf 87' lang='lat' dir='ltr'><strong>terrori;</strong></span> <span class='ocrx_word' id='word_1_367' title='bbox 3067 2404 3324 2475; x_wconf 86' lang='lat' dir='ltr'><strong>quoniam</strong></span> <span class='ocrx_word' id='word_1_368' title='bbox 3354 2401 3643 2457; x_wconf 74' lang='lat' dir='ltr'><strong>s&#39;mculares</strong></span> <span class='ocrx_word' id='word_1_369' title='bbox 3665 2396 3959 2467; x_wconf 81' lang='lat' dir='ltr'><strong>principes,</strong></span> 
     </span>
    </p>
   </div>
   <div class='ocr_carea' id='block_1_53' title="bbox 2361 2484 3932 2571">
    <p class='ocr_par' dir='ltr' id='par_1_53' title="bbox 2361 2484 3932 2571">
     <span class='ocr_line' id='line_1_53' title="bbox 2361 2484 3932 2571; baseline -0.008 -20"><span class='ocrx_word' id='word_1_370' title='bbox 2361 2496 2453 2571; x_wconf 87' lang='lat' dir='ltr'><strong>qui</strong></span> <span class='ocrx_word' id='word_1_371' title='bbox 2496 2498 2668 2555; x_wconf 88' lang='lat' dir='ltr'><strong>turbis</strong></span> <span class='ocrx_word' id='word_1_372' title='bbox 2713 2497 3069 2569; x_wconf 86' lang='lat' dir='ltr'><strong>popularibus</strong></span> <span class='ocrx_word' id='word_1_373' title='bbox 3108 2502 3371 2566; x_wconf 57' lang='lat' dir='ltr'><strong>praesunt,</strong></span> <span class='ocrx_word' id='word_1_374' title='bbox 3422 2506 3566 2561; x_wconf 67' lang='lat' dir='ltr'><strong>saepe</strong></span> <span class='ocrx_word' id='word_1_375' title='bbox 3596 2488 3788 2562; x_wconf 83' lang='lat' dir='ltr'><strong>gladiis</strong></span> <span class='ocrx_word' id='word_1_376' title='bbox 3817 2484 3932 2557; x_wconf 89' lang='lat' dir='ltr'><strong>peri</strong></span> 
     </span>
    </p>
   </div>
   <div class='ocr_carea' id='block_1_54' title="bbox 2362 2581 3963 2658">
    <p class='ocr_par' dir='ltr' id='par_1_54' title="bbox 2362 2581 3963 2658">
     <span class='ocr_line' id='line_1_54' title="bbox 2362 2581 3963 2658; baseline -0.01 -9"><span class='ocrx_word' id='word_1_377' title='bbox 2362 2601 2605 2649; x_wconf 89' lang='lat' dir='ltr'><strong>muntur.</strong></span> <span class='ocrx_word' id='word_1_378' title='bbox 2633 2590 2792 2655; x_wconf 82' lang='lat' dir='ltr'><strong>Nam,</strong></span> <span class='ocrx_word' id='word_1_379' title='bbox 2819 2598 2879 2643; x_wconf 91' lang='lat' dir='ltr'><strong>ut</strong></span> <span class='ocrx_word' id='word_1_380' title='bbox 2910 2589 2977 2644; x_wconf 79' lang='lat' dir='ltr'><strong>de</strong></span> <span class='ocrx_word' id='word_1_381' title='bbox 3003 2586 3191 2642; x_wconf 88' lang='lat' dir='ltr'><strong>mttitis</strong></span> <span class='ocrx_word' id='word_1_382' title='bbox 3222 2601 3424 2658; x_wconf 88' lang='lat' dir='ltr'><strong>paucos</strong></span> <span class='ocrx_word' id='word_1_383' title='bbox 3456 2586 3765 2645; x_wconf 87' lang='lat' dir='ltr'><strong>adhibeam,</strong></span> <span class='ocrx_word' id='word_1_384' title='bbox 3795 2581 3963 2636; x_wconf 82' lang='lat' dir='ltr'><strong>Caius</strong></span> 
     </span>
    </p>
   </div>
   <div class='ocr_carea' id='block_1_55' title="bbox 2360 2671 3958 2747">
    <p class='ocr_par' dir='ltr' id='par_1_55' title="bbox 2360 2671 3958 2747">
     <span class='ocr_line' id='line_1_55' title="bbox 2360 2671 3958 2747; baseline -0.008 -8"><span class='ocrx_word' id='word_1_385' title='bbox 2360 2683 2639 2747; x_wconf 88' lang='lat' dir='ltr'><strong>Claudius,</strong></span> <span class='ocrx_word' id='word_1_386' title='bbox 2690 2681 2855 2745; x_wconf 81' lang='lat' dir='ltr'><strong>Nero,</strong></span> <span class='ocrx_word' id='word_1_387' title='bbox 2901 2680 3094 2744; x_wconf 85' lang='lat' dir='ltr'><strong>Galba,</strong></span> <span class='ocrx_word' id='word_1_388' title='bbox 3125 2678 3290 2746; x_wconf 82' lang='lat' dir='ltr'><strong>Otho,</strong></span> <span class='ocrx_word' id='word_1_389' title='bbox 3329 2676 3603 2741; x_wconf 78' lang='lat' dir='ltr'><strong>Vitellius,</strong></span> <span class='ocrx_word' id='word_1_390' title='bbox 3647 2689 3838 2730; x_wconf 87' lang='lat' dir='ltr'><strong>omnes</strong></span> <span class='ocrx_word' id='word_1_391' title='bbox 3871 2671 3958 2727; x_wconf 89' lang='lat' dir='ltr'><strong>isti</strong></span> 
     </span>
    </p>
   </div>
   <div class='ocr_carea' id='block_1_56' title="bbox 2362 2767 3962 2843">
    <p class='ocr_par' dir='ltr' id='par_1_56' title="bbox 2362 2767 3962 2843">
     <span class='ocr_line' id='line_1_56' title="bbox 2362 2767 3962 2843; baseline -0.008 -14"><span class='ocrx_word' id='word_1_392' title='bbox 2362 2774 2729 2843; x_wconf 83' lang='lat' dir='ltr'><strong>imperatores</strong></span> <span class='ocrx_word' id='word_1_393' title='bbox 2773 2785 2873 2841; x_wconf 88' lang='lat' dir='ltr'><strong>per</strong></span> <span class='ocrx_word' id='word_1_394' title='bbox 2923 2772 3238 2826; x_wconf 87' lang='lat' dir='ltr'><strong>continuam</strong></span> <span class='ocrx_word' id='word_1_395' title='bbox 3282 2776 3412 2823; x_wconf 86' lang='lat' dir='ltr'><strong>sunt</strong></span> <span class='ocrx_word' id='word_1_396' title='bbox 3437 2767 3633 2821; x_wconf 87' lang='lat' dir='ltr'><strong>seriem</strong></span> <span class='ocrx_word' id='word_1_397' title='bbox 3666 2778 3807 2819; x_wconf 85' lang='lat' dir='ltr'><strong>unus</strong></span> <span class='ocrx_word' id='word_1_398' title='bbox 3837 2769 3962 2833; x_wconf 84' lang='lat' dir='ltr'><strong>post</strong></span> 
     </span>
    </p>
   </div>
   <div class='ocr_carea' id='block_1_57' title="bbox 2362 2854 3957 2932">
    <p class='ocr_par' dir='ltr' id='par_1_57' title="bbox 2362 2854 3957 2932">
     <span class='ocr_line' id='line_1_57' title="bbox 2362 2854 3957 2932; baseline -0.008 -15"><span class='ocrx_word' id='word_1_399' title='bbox 2362 2862 2594 2917; x_wconf 89' lang='lat' dir='ltr'><strong>alterum</strong></span> <span class='ocrx_word' id='word_1_400' title='bbox 2623 2860 2933 2932; x_wconf 80' lang='lat' dir='ltr'><strong>principali,</strong></span> <span class='ocrx_word' id='word_1_401' title='bbox 2959 2868 3015 2914; x_wconf 90' lang='lat' dir='ltr'><strong>et</strong></span> <span class='ocrx_word' id='word_1_402' title='bbox 3046 2867 3276 2928; x_wconf 88' lang='lat' dir='ltr'><strong>excepto</strong></span> <span class='ocrx_word' id='word_1_403' title='bbox 3306 2856 3556 2922; x_wconf 82' lang='lat' dir='ltr'><strong>Claudio,</strong></span> <span class='ocrx_word' id='word_1_404' title='bbox 3590 2854 3770 2909; x_wconf 91' lang='lat' dir='ltr'><strong>cuncti</strong></span> <span class='ocrx_word' id='word_1_405' title='bbox 3802 2862 3957 2917; x_wconf 89' lang='lat' dir='ltr'><strong>sunt,</strong></span> 
     </span>
    </p>
   </div>
   <div class='ocr_carea' id='block_1_58' title="bbox 2361 2943 3954 3020">
    <p class='ocr_par' dir='ltr' id='par_1_58' title="bbox 2361 2943 3954 3020">
     <span class='ocr_line' id='line_1_58' title="bbox 2361 2943 3954 3020; baseline -0.006 -15"><span class='ocrx_word' id='word_1_406' title='bbox 2361 2951 2447 3006; x_wconf 89' lang='lat' dir='ltr'><strong>vel</strong></span> <span class='ocrx_word' id='word_1_407' title='bbox 2474 2951 2612 3015; x_wconf 90' lang='lat' dir='ltr'><strong>suis,</strong></span> <span class='ocrx_word' id='word_1_408' title='bbox 2652 2949 2738 3005; x_wconf 89' lang='lat' dir='ltr'><strong>vel</strong></span> <span class='ocrx_word' id='word_1_409' title='bbox 2774 2949 3064 3005; x_wconf 80' lang='lat' dir='ltr'><strong>hostilibus</strong></span> <span class='ocrx_word' id='word_1_410' title='bbox 3093 2948 3285 3020; x_wconf 87' lang='lat' dir='ltr'><strong>gladiis</strong></span> <span class='ocrx_word' id='word_1_411' title='bbox 3324 2945 3659 3015; x_wconf 88' lang='lat' dir='ltr'><strong>interempti.</strong></span> <span class='ocrx_word' id='word_1_412' title='bbox 3709 2943 3954 2997; x_wconf 82' lang='lat' dir='ltr'><strong>Postmo-</strong></span> 
     </span>
    </p>
   </div>
   <div class='ocr_carea' id='block_1_59' title="bbox 2363 3029 3961 3113">
    <p class='ocr_par' dir='ltr' id='par_1_59' title="bbox 2363 3029 3961 3113">
     <span class='ocr_line' id='line_1_59' title="bbox 2363 3029 3961 3113; baseline -0.006 -18"><span class='ocrx_word' id='word_1_413' title='bbox 2363 3042 2490 3095; x_wconf 91' lang='lat' dir='ltr'><strong>dum</strong></span> <span class='ocrx_word' id='word_1_414' title='bbox 2524 3054 2764 3109; x_wconf 87' lang='lat' dir='ltr'><strong>quoque,</strong></span> <span class='ocrx_word' id='word_1_415' title='bbox 2798 3039 2942 3093; x_wconf 88' lang='lat' dir='ltr'><strong>sicut</strong></span> <span class='ocrx_word' id='word_1_416' title='bbox 2974 3038 3216 3093; x_wconf 75' lang='lat' dir='ltr'><strong>Romana</strong></span> <span class='ocrx_word' id='word_1_417' title='bbox 3266 3036 3431 3092; x_wconf 86' lang='lat' dir='ltr'><strong>tradit</strong></span> <span class='ocrx_word' id='word_1_418' title='bbox 3468 3034 3723 3113; x_wconf 81' lang='lat' dir='ltr'><strong>historia,</strong></span> <span class='ocrx_word' id='word_1_419' title='bbox 3766 3029 3961 3086; x_wconf 48' lang='lat' dir='ltr'><strong>Macri.</strong></span> 
     </span>
    </p>
   </div>
   <div class='ocr_carea' id='block_1_60' title="bbox 2364 3121 3958 3195">
    <p class='ocr_par' dir='ltr' id='par_1_60' title="bbox 2364 3121 3958 3195">
     <span class='ocr_line' id='line_1_60' title="bbox 2364 3121 3958 3195; baseline -0.008 -10"><span class='ocrx_word' id='word_1_420' title='bbox 2364 3146 2483 3195; x_wconf 88' lang='lat' dir='ltr'><strong>nus,</strong></span> <span class='ocrx_word' id='word_1_421' title='bbox 2529 3130 2859 3195; x_wconf 84' lang='lat' dir='ltr'><strong>Antoninus,</strong></span> <span class='ocrx_word' id='word_1_422' title='bbox 2903 3128 3232 3192; x_wconf 84' lang='lat' dir='ltr'><strong>Alexander,</strong></span> <span class='ocrx_word' id='word_1_423' title='bbox 3292 3125 3579 3185; x_wconf 75' lang='lat' dir='ltr'><strong>Maximus.</strong></span> <span class='ocrx_word' id='word_1_424' title='bbox 3628 3121 3958 3184; x_wconf 72' lang='lat' dir='ltr'><strong>Gordianus,</strong></span> 
     </span>
    </p>
   </div>
   <div class='ocr_carea' id='block_1_61' title="bbox 672 3196 3963 3283">
    <p class='ocr_par' dir='ltr' id='par_1_61' title="bbox 672 3196 3963 3283">
     <span class='ocr_line' id='line_1_61' title="bbox 672 3196 3963 3283; baseline -0.003 -10"><span class='ocrx_word' id='word_1_425' title='bbox 672 3202 932 3272; x_wconf 65' lang='lat' dir='ltr'><strong>tl&#39;liSiSliS.</strong></span> <span class='ocrx_word' id='word_1_426' title='bbox 973 3221 1096 3277; x_wconf 74' lang='lat' dir='ltr'><strong>quae</strong></span> <span class='ocrx_word' id='word_1_427' title='bbox 1127 3207 1256 3260; x_wconf 69' lang='lat' dir='ltr'><strong>mihi</strong></span> <span class='ocrx_word' id='word_1_428' title='bbox 1293 3220 1455 3261; x_wconf 66' lang='lat' dir='ltr'><strong>causa</strong></span> <span class='ocrx_word' id='word_1_429' title='bbox 1488 3206 1785 3269; x_wconf 58' lang='lat' dir='ltr'><strong>Viderellll‘t</strong></span> <span class='ocrx_word' id='word_1_430' title='bbox 1816 3220 1914 3259; x_wconf 76' lang='lat' dir='ltr'><strong>Cll&quot;</strong></span> <span class='ocrx_word' id='word_1_431' title='bbox 1945 3206 2255 3273; x_wconf 64' lang='grc' dir='ltr'><strong>³1³0³101ίοαέ</strong></span> <span class='ocrx_word' id='word_1_432' title='bbox 2285 3196 2328 3256; x_wconf 78' lang='lat' dir='ltr'><strong><em>C</em></strong></span> <span class='ocrx_word' id='word_1_433' title='bbox 2363 3220 2579 3283; x_wconf 75' lang='lat' dir='ltr'><strong>Decius,</strong></span> <span class='ocrx_word' id='word_1_434' title='bbox 2608 3219 2819 3281; x_wconf 85' lang='lat' dir='ltr'><strong>Gallus,</strong></span> <span class='ocrx_word' id='word_1_435' title='bbox 2846 3218 3172 3273; x_wconf 82' lang='lat' dir='ltr'><strong>Volusianus</strong></span> <span class='ocrx_word' id='word_1_436' title='bbox 3200 3236 3213 3247; x_wconf 88' lang='grc'>·</span> <span class='ocrx_word' id='word_1_437' title='bbox 3244 3230 3435 3269; x_wconf 88' lang='lat' dir='ltr'><strong>omnes</strong></span> <span class='ocrx_word' id='word_1_438' title='bbox 3465 3216 3518 3269; x_wconf 89' lang='lat' dir='ltr'><strong>hi</strong></span> <span class='ocrx_word' id='word_1_439' title='bbox 3545 3213 3787 3267; x_wconf 86' lang='lat' dir='ltr'><strong>seriatim</strong></span> <span class='ocrx_word' id='word_1_440' title='bbox 3828 3210 3963 3264; x_wconf 65' lang='lat' dir='ltr'><strong>sibi-</strong></span> 
     </span>
    </p>
   </div>
   <div class='ocr_carea' id='block_1_62' title="bbox 673 3295 2255 3365">
    <p class='ocr_par' dir='ltr' id='par_1_62' title="bbox 673 3295 2255 3365">
     <span class='ocr_line' id='line_1_62' title="bbox 673 3295 2255 3365; baseline 0.001 -16"><span class='ocrx_word' id='word_1_441' title='bbox 673 3296 812 3350; x_wconf 80' lang='lat' dir='ltr'><strong>scdis</strong></span> <span class='ocrx_word' id='word_1_442' title='bbox 861 3298 1127 3361; x_wconf 86' lang='lat' dir='ltr'><strong>antistes,</strong></span> <span class='ocrx_word' id='word_1_443' title='bbox 1181 3310 1457 3365; x_wconf 87' lang='lat' dir='ltr'><strong>nunquam</strong></span> <span class='ocrx_word' id='word_1_444' title='bbox 1505 3295 1708 3350; x_wconf 86' lang='lat' dir='ltr'><strong>diutius</strong></span> <span class='ocrx_word' id='word_1_445' title='bbox 1758 3296 1927 3359; x_wconf 82' lang='lat' dir='ltr'><strong>vivat,</strong></span> <span class='ocrx_word' id='word_1_446' title='bbox 1980 3296 2073 3348; x_wconf 90' lang='lat' dir='ltr'><strong>sed</strong></span> <span class='ocrx_word' id='word_1_447' title='bbox 2111 3295 2255 3350; x_wconf 87' lang='lat' dir='ltr'><strong>intra</strong></span> 
     </span>
    </p>
   </div>
   <div class='ocr_carea' id='block_1_63' title="bbox 671 3378 2255 3458">
    <p class='ocr_par' dir='ltr' id='par_1_63' title="bbox 671 3378 2255 3458">
     <span class='ocr_line' id='line_1_63' title="bbox 671 3378 2255 3458; baseline 0 -21"><span class='ocrx_word' id='word_1_448' title='bbox 671 3378 829 3439; x_wconf 74' lang='lat' dir='ltr'><strong>breve.</strong></span> <span class='ocrx_word' id='word_1_449' title='bbox 879 3387 1142 3458; x_wconf 89' lang='lat' dir='ltr'><strong>temporis</strong></span> <span class='ocrx_word' id='word_1_450' title='bbox 1188 3386 1421 3455; x_wconf 91' lang='lat' dir='ltr'><strong>spatium</strong></span> <span class='ocrx_word' id='word_1_451' title='bbox 1469 3384 1610 3439; x_wconf 90' lang='lat' dir='ltr'><strong>diem</strong></span> <span class='ocrx_word' id='word_1_452' title='bbox 1661 3384 1879 3439; x_wconf 87' lang='lat' dir='ltr'><strong>claudat</strong></span> <span class='ocrx_word' id='word_1_453' title='bbox 1927 3393 2255 3451; x_wconf 87' lang='lat' dir='ltr'><strong>extremum,</strong></span> 
     </span>
    </p>
   </div>
   <div class='ocr_carea' id='block_1_64' title="bbox 675 3474 2260 3547">
    <p class='ocr_par' dir='ltr' id='par_1_64' title="bbox 675 3474 2260 3547">
     <span class='ocr_line' id='line_1_64' title="bbox 675 3474 2260 3547; baseline 0.001 -21"><span class='ocrx_word' id='word_1_454' title='bbox 675 3474 803 3529; x_wconf 86' lang='lat' dir='ltr'><strong>adeo</strong></span> <span class='ocrx_word' id='word_1_455' title='bbox 832 3486 891 3530; x_wconf 88' lang='lat' dir='ltr'><strong>ut</strong></span> <span class='ocrx_word' id='word_1_456' title='bbox 920 3486 1045 3547; x_wconf 87' lang='lat' dir='ltr'><strong>post</strong></span> <span class='ocrx_word' id='word_1_457' title='bbox 1082 3476 1141 3530; x_wconf 85' lang='grc' dir='ltr'><strong>Β.</strong></span> <span class='ocrx_word' id='word_1_458' title='bbox 1171 3475 1391 3530; x_wconf 88' lang='lat' dir='ltr'><strong>Petrum</strong></span> <span class='ocrx_word' id='word_1_459' title='bbox 1423 3474 1749 3545; x_wconf 87' lang='lat' dir='ltr'><strong>apostolum,</strong></span> <span class='ocrx_word' id='word_1_460' title='bbox 1779 3476 1869 3545; x_wconf 85' lang='lat' dir='ltr'><strong>qui</strong></span> <span class='ocrx_word' id='word_1_461' title='bbox 1895 3490 1992 3545; x_wconf 83' lang='lat' dir='ltr'><strong>per</strong></span> <span class='ocrx_word' id='word_1_462' title='bbox 2018 3474 2260 3544; x_wconf 78' lang='lat' dir='ltr'><strong>quinque</strong></span> 
     </span>
    </p>
   </div>
   <div class='ocr_carea' id='block_1_65' title="bbox 676 3564 2255 3650">
    <p class='ocr_par' dir='ltr' id='par_1_65' title="bbox 676 3564 2255 3650">
     <span class='ocr_line' id='line_1_65' title="bbox 676 3564 2255 3650; baseline 0.001 -33"><span class='ocrx_word' id='word_1_463' title='bbox 676 3564 890 3622; x_wconf 84' lang='lat' dir='ltr'><strong>circiter</strong></span> <span class='ocrx_word' id='word_1_464' title='bbox 915 3583 1183 3622; x_wconf 84' lang='lat' dir='ltr'><strong>annorum</strong></span> <span class='ocrx_word' id='word_1_465' title='bbox 1213 3567 1382 3621; x_wconf 90' lang='lat' dir='ltr'><strong>lustra</strong></span> <span class='ocrx_word' id='word_1_466' title='bbox 1415 3566 1689 3650; x_wconf 62' lang='lat' dir='ltr'><strong>praesedit,</strong></span> <span class='ocrx_word' id='word_1_467' title='bbox 1721 3579 1882 3621; x_wconf 88' lang='lat' dir='ltr'><strong>nemo</strong></span> <span class='ocrx_word' id='word_1_468' title='bbox 1908 3567 2255 3637; x_wconf 86' lang='lat' dir='ltr'><strong>postmodum</strong></span> 
     </span>
    </p>
   </div>
   <div class='ocr_carea' id='block_1_66' title="bbox 673 3652 2259 3729">
    <p class='ocr_par' dir='ltr' id='par_1_66' title="bbox 673 3652 2259 3729">
     <span class='ocr_line' id='line_1_66' title="bbox 673 3652 2259 3729; baseline 0.001 -19"><span class='ocrx_word' id='word_1_469' title='bbox 673 3652 1041 3713; x_wconf 76' lang='lat' dir='ltr'><strong>Romanorum</strong></span> <span class='ocrx_word' id='word_1_470' title='bbox 1094 3658 1411 3729; x_wconf 86' lang='lat' dir='ltr'><strong>pontificum</strong></span> <span class='ocrx_word' id='word_1_471' title='bbox 1473 3660 1583 3713; x_wconf 84' lang='lat' dir='ltr'><strong>‘ltoc</strong></span> <span class='ocrx_word' id='word_1_472' title='bbox 1646 3659 1882 3728; x_wconf 83' lang='lat' dir='ltr'><strong>spatium</strong></span> <span class='ocrx_word' id='word_1_473' title='bbox 1935 3660 2259 3728; x_wconf 77' lang='lat' dir='ltr'><strong>pmsulatus</strong></span> 
     </span>
    </p>
   </div>
   <div class='ocr_carea' id='block_1_67' title="bbox 672 3750 2257 3820">
    <p class='ocr_par' dir='ltr' id='par_1_67' title="bbox 672 3750 2257 3820">
     <span class='ocr_line' id='line_1_67' title="bbox 672 3750 2257 3820; baseline 0.002 -20"><span class='ocrx_word' id='word_1_474' title='bbox 672 3752 1003 3817; x_wconf 65' lang='lat' dir='ltr'><strong>aequaverit;</strong></span> <span class='ocrx_word' id='word_1_475' title='bbox 1056 3751 1335 3805; x_wconf 85' lang='lat' dir='ltr'><strong>modernis</strong></span> <span class='ocrx_word' id='word_1_476' title='bbox 1372 3751 1480 3805; x_wconf 92' lang='lat' dir='ltr'><strong>imo</strong></span> <span class='ocrx_word' id='word_1_477' title='bbox 1520 3750 1852 3819; x_wconf 88' lang='lat' dir='ltr'><strong>temporibus</strong></span> <span class='ocrx_word' id='word_1_478' title='bbox 1875 3752 1962 3804; x_wconf 92' lang='lat' dir='ltr'><strong>vix</strong></span> <span class='ocrx_word' id='word_1_479' title='bbox 1993 3750 2257 3820; x_wconf 75' lang='lat' dir='ltr'><strong>quispiam</strong></span> 
     </span>
    </p>
   </div>
   <div class='ocr_carea' id='block_1_68' title="bbox 672 3830 2257 3910">
    <p class='ocr_par' dir='ltr' id='par_1_68' title="bbox 672 3830 2257 3910">
     <span class='ocr_line' id='line_1_68' title="bbox 672 3830 2257 3910; baseline 0.003 -22"><span class='ocrx_word' id='word_1_480' title='bbox 672 3830 723 3888; x_wconf 91' lang='lat' dir='ltr'><strong>iu</strong></span> <span class='ocrx_word' id='word_1_481' title='bbox 750 3840 1024 3905; x_wconf 64' lang='lat' dir='ltr'><strong>praedicta)</strong></span> <span class='ocrx_word' id='word_1_482' title='bbox 1054 3839 1201 3894; x_wconf 84' lang='lat' dir='ltr'><strong>sedis</strong></span> <span class='ocrx_word' id='word_1_483' title='bbox 1232 3838 1445 3893; x_wconf 88' lang='lat' dir='ltr'><strong>culmen</strong></span> <span class='ocrx_word' id='word_1_484' title='bbox 1475 3840 1721 3893; x_wconf 85' lang='lat' dir='ltr'><strong>evehitur</strong></span> <span class='ocrx_word' id='word_1_485' title='bbox 1757 3840 1849 3910; x_wconf 88' lang='lat' dir='ltr'><strong>qui</strong></span> <span class='ocrx_word' id='word_1_486' title='bbox 1890 3848 2092 3893; x_wconf 85' lang='lat' dir='ltr'><strong>metam</strong></span> <span class='ocrx_word' id='word_1_487' title='bbox 2122 3855 2257 3908; x_wconf 83' lang='lat' dir='ltr'><strong>qua-</strong></span> 
     </span>
    </p>
   </div>
   <div class='ocr_carea' id='block_1_69' title="bbox 672 3926 2255 3999">
    <p class='ocr_par' dir='ltr' id='par_1_69' title="bbox 672 3926 2255 3999">
     <span class='ocr_line' id='line_1_69' title="bbox 672 3926 2255 3999; baseline 0.004 -23"><span class='ocrx_word' id='word_1_488' title='bbox 672 3927 806 3989; x_wconf 85' lang='lat' dir='ltr'><strong>tuor,</strong></span> <span class='ocrx_word' id='word_1_489' title='bbox 839 3926 923 3981; x_wconf 90' lang='lat' dir='ltr'><strong>vel</strong></span> <span class='ocrx_word' id='word_1_490' title='bbox 956 3939 1015 3981; x_wconf 87' lang='lat' dir='ltr'><strong>ut</strong></span> <span class='ocrx_word' id='word_1_491' title='bbox 1040 3928 1289 3991; x_wconf 75' lang='lat' dir='ltr'><strong>multum,</strong></span> <span class='ocrx_word' id='word_1_492' title='bbox 1320 3929 1563 3999; x_wconf 88' lang='lat' dir='ltr'><strong>quinque</strong></span> <span class='ocrx_word' id='word_1_493' title='bbox 1591 3929 1940 3985; x_wconf 78' lang='lat' dir='ltr'><strong>transcendat</strong></span> <span class='ocrx_word' id='word_1_494' title='bbox 1965 3945 2255 3984; x_wconf 86' lang='lat' dir='ltr'><strong>annorum.</strong></span> 
     </span>
    </p>
   </div>
   <div class='ocr_carea' id='block_1_70' title="bbox 671 4012 2254 4092">
    <p class='ocr_par' dir='ltr' id='par_1_70' title="bbox 671 4012 2254 4092">
     <span class='ocr_line' id='line_1_70' title="bbox 671 4012 2254 4092; baseline 0.006 -26"><span class='ocrx_word' id='word_1_495' title='bbox 671 4012 818 4081; x_wconf 75' lang='lat' dir='ltr'><strong>Quod</strong></span> <span class='ocrx_word' id='word_1_496' title='bbox 870 4020 1351 4075; x_wconf 85' lang='lat' dir='ltr'><strong>considerantibus</strong></span> <span class='ocrx_word' id='word_1_497' title='bbox 1406 4021 1744 4091; x_wconf 87' lang='lat' dir='ltr'><strong>prodigialis.</strong></span> <span class='ocrx_word' id='word_1_498' title='bbox 1802 4030 1862 4075; x_wconf 89' lang='lat' dir='ltr'><strong>ut</strong></span> <span class='ocrx_word' id='word_1_499' title='bbox 1913 4023 1985 4077; x_wconf 91' lang='lat' dir='ltr'><strong>ita</strong></span> <span class='ocrx_word' id='word_1_500' title='bbox 2043 4022 2254 4092; x_wconf 87' lang='lat' dir='ltr'><strong>loquar,</strong></span> 
     </span>
    </p>
   </div>
   <div class='ocr_carea' id='block_1_71' title="bbox 669 4109 2259 4178">
    <p class='ocr_par' dir='ltr' id='par_1_71' title="bbox 669 4109 2259 4178">
     <span class='ocr_line' id='line_1_71' title="bbox 669 4109 2259 4178; baseline 0.006 -21"><span class='ocrx_word' id='word_1_501' title='bbox 669 4112 853 4177; x_wconf 82' lang='lat' dir='ltr'><strong>stupor</strong></span> <span class='ocrx_word' id='word_1_502' title='bbox 883 4109 1159 4175; x_wconf 77' lang='lat' dir='ltr'><strong>oboritur,</strong></span> <span class='ocrx_word' id='word_1_503' title='bbox 1193 4112 1451 4178; x_wconf 89' lang='lat' dir='ltr'><strong>quoniam</strong></span> <span class='ocrx_word' id='word_1_504' title='bbox 1495 4111 1609 4165; x_wconf 74' lang='lat' dir='ltr'><strong>tunc</strong></span> <span class='ocrx_word' id='word_1_505' title='bbox 1651 4112 1890 4165; x_wconf 86' lang='lat' dir='ltr'><strong>breviter</strong></span> <span class='ocrx_word' id='word_1_506' title='bbox 1918 4113 2130 4167; x_wconf 85' lang='lat' dir='ltr'><strong>vivendi</strong></span> <span class='ocrx_word' id='word_1_507' title='bbox 2162 4128 2259 4167; x_wconf 83' lang='lat' dir='ltr'><strong>ne-</strong></span> 
     </span>
    </p>
   </div>
   <div class='ocr_carea' id='block_1_72' title="bbox 668 4200 2255 4269">
    <p class='ocr_par' dir='ltr' id='par_1_72' title="bbox 668 4200 2255 4269">
     <span class='ocr_line' id='line_1_72' title="bbox 668 4200 2255 4269; baseline 0.004 -19"><span class='ocrx_word' id='word_1_508' title='bbox 668 4200 915 4263; x_wconf 84' lang='lat' dir='ltr'><strong>cessitas,</strong></span> <span class='ocrx_word' id='word_1_509' title='bbox 967 4211 1233 4269; x_wconf 88' lang='lat' dir='ltr'><strong>quantum</strong></span> <span class='ocrx_word' id='word_1_510' title='bbox 1278 4203 1345 4256; x_wconf 90' lang='lat' dir='ltr'><strong>ad</strong></span> <span class='ocrx_word' id='word_1_511' title='bbox 1393 4213 1637 4256; x_wconf 89' lang='lat' dir='ltr'><strong>nostram</strong></span> <span class='ocrx_word' id='word_1_512' title='bbox 1693 4204 1965 4268; x_wconf 88' lang='lat' dir='ltr'><strong>notitiam,</strong></span> <span class='ocrx_word' id='word_1_513' title='bbox 2014 4205 2066 4258; x_wconf 90' lang='lat' dir='ltr'><strong>in</strong></span> <span class='ocrx_word' id='word_1_514' title='bbox 2111 4204 2255 4258; x_wconf 84' lang='lat' dir='ltr'><strong>nulla</strong></span> 
     </span>
    </p>
   </div>
   <div class='ocr_carea' id='block_1_73' title="bbox 668 4282 2255 4362">
    <p class='ocr_par' dir='ltr' id='par_1_73' title="bbox 668 4282 2255 4362">
     <span class='ocr_line' id='line_1_73' title="bbox 668 4282 2255 4362; baseline 0.006 -26"><span class='ocrx_word' id='word_1_515' title='bbox 668 4282 765 4338; x_wconf 84' lang='lat' dir='ltr'><strong>alia</strong></span> <span class='ocrx_word' id='word_1_516' title='bbox 800 4288 966 4342; x_wconf 84' lang='lat' dir='ltr'><strong>totius</strong></span> <span class='ocrx_word' id='word_1_517' title='bbox 1004 4290 1155 4343; x_wconf 87' lang='lat' dir='ltr'><strong>orbis</strong></span> <span class='ocrx_word' id='word_1_518' title='bbox 1179 4289 1425 4345; x_wconf 77' lang='lat' dir='ltr'><strong>Ecclesia</strong></span> <span class='ocrx_word' id='word_1_519' title='bbox 1457 4291 1745 4360; x_wconf 87' lang='lat' dir='ltr'><strong>reperitur.</strong></span> <span class='ocrx_word' id='word_1_520' title='bbox 1773 4290 1879 4345; x_wconf 78' lang='lat' dir='ltr'><strong>Sed</strong></span> <span class='ocrx_word' id='word_1_521' title='bbox 1913 4292 1963 4344; x_wconf 92' lang='lat' dir='ltr'><strong>iu</strong></span> <span class='ocrx_word' id='word_1_522' title='bbox 1994 4302 2255 4362; x_wconf 89' lang='lat' dir='ltr'><strong>quantutn</strong></span> 
     </span>
    </p>
   </div>
   <div class='ocr_carea' id='block_1_74' title="bbox 668 4379 2256 4452">
    <p class='ocr_par' dir='ltr' id='par_1_74' title="bbox 668 4379 2256 4452">
     <span class='ocr_line' id='line_1_74' title="bbox 668 4379 2256 4452; baseline 0.007 -25"><span class='ocrx_word' id='word_1_523' title='bbox 668 4379 990 4435; x_wconf 87' lang='lat' dir='ltr'><strong>mortalibus</strong></span> <span class='ocrx_word' id='word_1_524' title='bbox 1046 4381 1240 4435; x_wconf 72' lang='lat' dir='ltr'><strong>divina:</strong></span> <span class='ocrx_word' id='word_1_525' title='bbox 1289 4383 1713 4452; x_wconf 83' lang='lat' dir='ltr'><strong>dispensationis</strong></span> <span class='ocrx_word' id='word_1_526' title='bbox 1769 4383 2043 4438; x_wconf 85' lang='lat' dir='ltr'><strong>revelatur</strong></span> <span class='ocrx_word' id='word_1_527' title='bbox 2097 4400 2256 4439; x_wconf 80' lang='lat' dir='ltr'><strong>arca-</strong></span> 
     </span>
    </p>
   </div>
   <div class='ocr_carea' id='block_1_75' title="bbox 669 4470 2258 4542">
    <p class='ocr_par' dir='ltr' id='par_1_75' title="bbox 669 4470 2258 4542">
     <span class='ocr_line' id='line_1_75' title="bbox 669 4470 2258 4542; baseline 0.007 -27"><span class='ocrx_word' id='word_1_528' title='bbox 669 4479 811 4531; x_wconf 82' lang='grc' dir='ltr'>ιιιιιη,</span> <span class='ocrx_word' id='word_1_529' title='bbox 841 4470 1059 4524; x_wconf 87' lang='lat' dir='ltr'><strong>videtur</strong></span> <span class='ocrx_word' id='word_1_530' title='bbox 1086 4472 1263 4538; x_wconf 83' lang='lat' dir='ltr'><strong>nobis,</strong></span> <span class='ocrx_word' id='word_1_531' title='bbox 1288 4472 1415 4541; x_wconf 89' lang='lat' dir='ltr'><strong>quia</strong></span> <span class='ocrx_word' id='word_1_532' title='bbox 1450 4473 1655 4527; x_wconf 88' lang='lat' dir='ltr'><strong>idcirco</strong></span> <span class='ocrx_word' id='word_1_533' title='bbox 1681 4473 1783 4527; x_wconf 77' lang='lat' dir='ltr'><strong>hoc</strong></span> <span class='ocrx_word' id='word_1_534' title='bbox 1803 4474 1988 4542; x_wconf 86' lang='lat' dir='ltr'><strong>judicii</strong></span> <span class='ocrx_word' id='word_1_535' title='bbox 2018 4474 2258 4529; x_wconf 63' lang='lat' dir='ltr'><strong>celestis</strong></span> 
     </span>
    </p>
   </div>
   <div class='ocr_carea' id='block_1_76' title="bbox 666 4555 2253 4632">
    <p class='ocr_par' dir='ltr' id='par_1_76' title="bbox 666 4555 2253 4632">
     <span class='ocr_line' id='line_1_76' title="bbox 666 4555 2253 4632; baseline 0.009 -28"><span class='ocrx_word' id='word_1_536' title='bbox 666 4555 792 4608; x_wconf 90' lang='lat' dir='ltr'><strong>ordo</strong></span> <span class='ocrx_word' id='word_1_537' title='bbox 832 4558 1097 4629; x_wconf 89' lang='lat' dir='ltr'><strong>disponit.</strong></span> <span class='ocrx_word' id='word_1_538' title='bbox 1132 4570 1184 4613; x_wconf 90' lang='lat' dir='ltr'><strong>ut</strong></span> <span class='ocrx_word' id='word_1_539' title='bbox 1220 4562 1460 4617; x_wconf 87' lang='lat' dir='ltr'><strong>humano</strong></span> <span class='ocrx_word' id='word_1_540' title='bbox 1490 4562 1676 4632; x_wconf 87' lang='lat' dir='ltr'><strong>generi</strong></span> <span class='ocrx_word' id='word_1_541' title='bbox 1714 4573 1915 4617; x_wconf 87' lang='lat' dir='ltr'><strong>metum</strong></span> <span class='ocrx_word' id='word_1_542' title='bbox 1951 4564 2142 4618; x_wconf 88' lang='lat' dir='ltr'><strong>mortis</strong></span> <span class='ocrx_word' id='word_1_543' title='bbox 2170 4564 2253 4618; x_wconf 87' lang='lat' dir='ltr'><strong>iu-</strong></span> 
     </span>
    </p>
   </div>
   <div class='ocr_carea' id='block_1_77' title="bbox 667 4646 2255 4724">
    <p class='ocr_par' dir='ltr' id='par_1_77' title="bbox 667 4646 2255 4724">
     <span class='ocr_line' id='line_1_77' title="bbox 667 4646 2255 4724; baseline 0.009 -29"><span class='ocrx_word' id='word_1_544' title='bbox 667 4646 862 4715; x_wconf 84' lang='lat' dir='ltr'><strong>cutiat;</strong></span> <span class='ocrx_word' id='word_1_545' title='bbox 923 4660 984 4706; x_wconf 90' lang='lat' dir='ltr'><strong>et</strong></span> <span class='ocrx_word' id='word_1_546' title='bbox 1032 4667 1196 4721; x_wconf 89' lang='lat' dir='ltr'><strong>quam</strong></span> <span class='ocrx_word' id='word_1_547' title='bbox 1249 4653 1592 4723; x_wconf 68' lang='lat' dir='ltr'><strong>despicienda</strong></span> <span class='ocrx_word' id='word_1_548' title='bbox 1643 4654 1714 4709; x_wconf 90' lang='lat' dir='ltr'><strong>sit</strong></span> <span class='ocrx_word' id='word_1_549' title='bbox 1769 4655 2081 4724; x_wconf 86' lang='lat' dir='ltr'><strong>temporalis</strong></span> <span class='ocrx_word' id='word_1_550' title='bbox 2130 4656 2255 4710; x_wconf 66' lang='lat' dir='ltr'><strong>vita:</strong></span> 
     </span>
    </p>
   </div>
   <div class='ocr_carea' id='block_1_78' title="bbox 669 4734 2253 4814">
    <p class='ocr_par' dir='ltr' id='par_1_78' title="bbox 669 4734 2253 4814">
     <span class='ocr_line' id='line_1_78' title="bbox 669 4734 2253 4814; baseline 0.008 -25"><span class='ocrx_word' id='word_1_551' title='bbox 669 4734 857 4804; x_wconf 71' lang='lat' dir='ltr'><strong>gloria,</strong></span> <span class='ocrx_word' id='word_1_552' title='bbox 886 4741 940 4793; x_wconf 92' lang='lat' dir='ltr'><strong>in</strong></span> <span class='ocrx_word' id='word_1_553' title='bbox 972 4742 1088 4810; x_wconf 86' lang='lat' dir='ltr'><strong>ipso</strong></span> <span class='ocrx_word' id='word_1_554' title='bbox 1112 4742 1296 4811; x_wconf 61' lang='lat' dir='ltr'><strong>gloria:</strong></span> <span class='ocrx_word' id='word_1_555' title='bbox 1326 4744 1632 4814; x_wconf 89' lang='lat' dir='ltr'><strong>principatu</strong></span> <span class='ocrx_word' id='word_1_556' title='bbox 1655 4744 1937 4799; x_wconf 85' lang='lat' dir='ltr'><strong>evidenter</strong></span> <span class='ocrx_word' id='word_1_557' title='bbox 1965 4747 2253 4813; x_wconf 87' lang='lat' dir='ltr'><strong>ostendat,</strong></span> 
     </span>
    </p>
   </div>
   <div class='ocr_carea' id='block_1_79' title="bbox 669 4833 2251 4909">
    <p class='ocr_par' dir='ltr' id='par_1_79' title="bbox 669 4833 2251 4909">
     <span class='ocr_line' id='line_1_79' title="bbox 669 4833 2251 4909; baseline 0.008 -28"><span class='ocrx_word' id='word_1_558' title='bbox 669 4838 931 4896; x_wconf 80' lang='lat' dir='ltr'><strong>quatenus</strong></span> <span class='ocrx_word' id='word_1_559' title='bbox 994 4833 1124 4889; x_wconf 88' lang='lat' dir='ltr'><strong>dum</strong></span> <span class='ocrx_word' id='word_1_560' title='bbox 1177 4840 1483 4907; x_wconf 59' lang='lat' dir='ltr'><strong>pracipuos</strong></span> <span class='ocrx_word' id='word_1_561' title='bbox 1538 4837 1816 4892; x_wconf 88' lang='lat' dir='ltr'><strong>hominum</strong></span> <span class='ocrx_word' id='word_1_562' title='bbox 1876 4847 1984 4895; x_wconf 89' lang='lat' dir='ltr'><strong>tam</strong></span> <span class='ocrx_word' id='word_1_563' title='bbox 2036 4846 2251 4909; x_wconf 83' lang='lat' dir='ltr'><strong>angusti</strong></span> 
     </span>
    </p>
   </div>
   <div class='ocr_carea' id='block_1_80' title="bbox 669 4926 2254 5001">
    <p class='ocr_par' dir='ltr' id='par_1_80' title="bbox 669 4926 2254 5001">
     <span class='ocr_line' id='line_1_80' title="bbox 669 4926 2254 5001; baseline 0.009 -30"><span class='ocrx_word' id='word_1_564' title='bbox 669 4926 924 4992; x_wconf 87' lang='lat' dir='ltr'><strong>temporis</strong></span> <span class='ocrx_word' id='word_1_565' title='bbox 971 4928 1296 4996; x_wconf 88' lang='lat' dir='ltr'><strong>compendio</strong></span> <span class='ocrx_word' id='word_1_566' title='bbox 1346 4928 1597 5000; x_wconf 88' lang='lat' dir='ltr'><strong>moritur,</strong></span> <span class='ocrx_word' id='word_1_567' title='bbox 1644 4929 1995 4986; x_wconf 82' lang='lat' dir='ltr'><strong>tremefactus</strong></span> <span class='ocrx_word' id='word_1_568' title='bbox 2023 4932 2254 5001; x_wconf 89' lang='lat' dir='ltr'><strong>quisque</strong></span> 
     </span>
    </p>
   </div>
   <div class='ocr_carea' id='block_1_81' title="bbox 665 5007 2253 5088">
    <p class='ocr_par' dir='ltr' id='par_1_81' title="bbox 665 5007 2253 5088">
     <span class='ocr_line' id='line_1_81' title="bbox 665 5007 2253 5088; baseline 0.008 -25"><span class='ocrx_word' id='word_1_569' title='bbox 665 5007 730 5062; x_wconf 77' lang='lat' dir='ltr'><strong>ad</strong></span> <span class='ocrx_word' id='word_1_570' title='bbox 759 5015 1111 5081; x_wconf 75' lang='lat' dir='ltr'><strong>prtestolaudi</strong></span> <span class='ocrx_word' id='word_1_571' title='bbox 1154 5016 1235 5071; x_wconf 87' lang='lat' dir='ltr'><strong>sui</strong></span> <span class='ocrx_word' id='word_1_572' title='bbox 1275 5018 1455 5073; x_wconf 87' lang='lat' dir='ltr'><strong>obitus</strong></span> <span class='ocrx_word' id='word_1_573' title='bbox 1485 5019 1783 5074; x_wconf 87' lang='lat' dir='ltr'><strong>custodiam</strong></span> <span class='ocrx_word' id='word_1_574' title='bbox 1813 5032 2157 5088; x_wconf 84' lang='lat' dir='ltr'><strong>provocetur,</strong></span> <span class='ocrx_word' id='word_1_575' title='bbox 2196 5029 2253 5075; x_wconf 87' lang='lat' dir='ltr'><strong>ct</strong></span> 
     </span>
    </p>
   </div>
   <div class='ocr_carea' id='block_1_82' title="bbox 666 5099 2246 5173">
    <p class='ocr_par' dir='ltr' id='par_1_82' title="bbox 666 5099 2246 5173">
     <span class='ocr_line' id='line_1_82' title="bbox 666 5099 2246 5173; baseline 0.008 -24"><span class='ocrx_word' id='word_1_576' title='bbox 666 5099 824 5153; x_wconf 78' lang='lat' dir='ltr'><strong>arbor</strong></span> <span class='ocrx_word' id='word_1_577' title='bbox 865 5102 1094 5157; x_wconf 89' lang='lat' dir='ltr'><strong>humani</strong></span> <span class='ocrx_word' id='word_1_578' title='bbox 1139 5106 1375 5173; x_wconf 84' lang='lat' dir='ltr'><strong>generis,</strong></span> <span class='ocrx_word' id='word_1_579' title='bbox 1408 5107 1533 5160; x_wconf 90' lang='lat' dir='ltr'><strong>dum</strong></span> <span class='ocrx_word' id='word_1_580' title='bbox 1586 5122 1846 5161; x_wconf 88' lang='lat' dir='ltr'><strong>cacumen</strong></span> <span class='ocrx_word' id='word_1_581' title='bbox 1890 5122 1954 5161; x_wconf 81' lang='lat' dir='ltr'><strong>ac</strong></span> <span class='ocrx_word' id='word_1_582' title='bbox 1986 5110 2246 5161; x_wconf 76' lang='lat' dir='ltr'><strong>verticem</strong></span> 
     </span>
    </p>
   </div>
   <div class='ocr_carea' id='block_1_83' title="bbox 667 5196 2252 5262">
    <p class='ocr_par' dir='ltr' id='par_1_83' title="bbox 667 5196 2252 5262">
     <span class='ocr_line' id='line_1_83' title="bbox 667 5196 2252 5262; baseline 0.008 -21"><span class='ocrx_word' id='word_1_583' title='bbox 667 5202 816 5244; x_wconf 87' lang='lat' dir='ltr'><strong>suum</strong></span> <span class='ocrx_word' id='word_1_584' title='bbox 863 5203 975 5247; x_wconf 88' lang='lat' dir='ltr'><strong>tam</strong></span> <span class='ocrx_word' id='word_1_585' title='bbox 1028 5196 1184 5251; x_wconf 87' lang='lat' dir='ltr'><strong>facile</strong></span> <span class='ocrx_word' id='word_1_586' title='bbox 1229 5199 1500 5253; x_wconf 88' lang='lat' dir='ltr'><strong>corruisse</strong></span> <span class='ocrx_word' id='word_1_587' title='bbox 1549 5198 1877 5262; x_wconf 86' lang='lat' dir='ltr'><strong>considerat,</strong></span> <span class='ocrx_word' id='word_1_588' title='bbox 1937 5208 2080 5253; x_wconf 82' lang='lat' dir='ltr'><strong>statu</strong></span> <span class='ocrx_word' id='word_1_589' title='bbox 2122 5215 2252 5253; x_wconf 80' lang='lat' dir='ltr'><strong>cun-</strong></span> 
     </span>
    </p>
   </div>
   <div class='ocr_carea' id='block_1_84' title="bbox 668 5283 2248 5359">
    <p class='ocr_par' dir='ltr' id='par_1_84' title="bbox 668 5283 2248 5359">
     <span class='ocr_line' id='line_1_84' title="bbox 668 5283 2248 5359; baseline 0.004 -22"><span class='ocrx_word' id='word_1_590' title='bbox 668 5294 820 5337; x_wconf 79' lang='lat' dir='ltr'><strong>cnssa</strong></span> <span class='ocrx_word' id='word_1_591' title='bbox 845 5283 1177 5352; x_wconf 85' lang='lat' dir='ltr'><strong>formidinis,</strong></span> <span class='ocrx_word' id='word_1_592' title='bbox 1205 5287 1256 5341; x_wconf 93' lang='lat' dir='ltr'><strong>iu</strong></span> <span class='ocrx_word' id='word_1_593' title='bbox 1282 5289 1394 5343; x_wconf 91' lang='lat' dir='ltr'><strong>suis</strong></span> <span class='ocrx_word' id='word_1_594' title='bbox 1422 5289 1659 5359; x_wconf 85' lang='lat' dir='ltr'><strong>undique</strong></span> <span class='ocrx_word' id='word_1_595' title='bbox 1684 5289 2006 5344; x_wconf 87' lang='lat' dir='ltr'><strong>ramuscolis</strong></span> <span class='ocrx_word' id='word_1_596' title='bbox 2031 5299 2248 5344; x_wconf 87' lang='lat' dir='ltr'><strong>contre-</strong></span> 
     </span>
    </p>
   </div>
   <div class='ocr_carea' id='block_1_85' title="bbox 671 5385 875 5429">
    <p class='ocr_par' dir='ltr' id='par_1_85' title="bbox 671 5385 875 5429">
     <span class='ocr_line' id='line_1_85' title="bbox 671 5385 875 5429; baseline 0.029 -7"><span class='ocrx_word' id='word_1_597' title='bbox 671 5385 875 5429; x_wconf 69' lang='grc' dir='ltr'>ιιιιεοιιι.</span> 
     </span>
    </p>
   </div>
   <div class='ocr_carea' id='block_1_86' title="bbox 732 5466 2257 5543">
    <p class='ocr_par' dir='ltr' id='par_1_86' title="bbox 732 5466 2257 5543">
     <span class='ocr_line' id='line_1_86' title="bbox 732 5466 2257 5543; baseline 0.001 -20"><span class='ocrx_word' id='word_1_598' title='bbox 732 5466 891 5539; x_wconf 61' lang='grc'><strong>475</strong></span> <span class='ocrx_word' id='word_1_599' title='bbox 923 5469 1035 5523; x_wconf 85' lang='lat' dir='ltr'><strong>Sed</strong></span> <span class='ocrx_word' id='word_1_600' title='bbox 1087 5471 1353 5543; x_wconf 88' lang='lat' dir='ltr'><strong>quispiam</strong></span> <span class='ocrx_word' id='word_1_601' title='bbox 1398 5472 1643 5527; x_wconf 79' lang='lat' dir='ltr'><strong>fortassis</strong></span> <span class='ocrx_word' id='word_1_602' title='bbox 1685 5472 1926 5543; x_wconf 87' lang='lat' dir='ltr'><strong>objicial,</strong></span> <span class='ocrx_word' id='word_1_603' title='bbox 1961 5488 2059 5527; x_wconf 87' lang='lat' dir='ltr'><strong>cur</strong></span> <span class='ocrx_word' id='word_1_604' title='bbox 2090 5480 2142 5526; x_wconf 90' lang='lat' dir='ltr'><strong>et</strong></span> <span class='ocrx_word' id='word_1_605' title='bbox 2172 5488 2257 5526; x_wconf 82' lang='lat' dir='ltr'><strong>re-</strong></span> 
     </span>
    </p>
   </div>
   <div class='ocr_carea' id='block_1_87' title="bbox 668 5557 2257 5644">
    <p class='ocr_par' dir='ltr' id='par_1_87' title="bbox 668 5557 2257 5644">
     <span class='ocr_line' id='line_1_87' title="bbox 668 5557 2257 5644; baseline 0.006 -35"><span class='ocrx_word' id='word_1_606' title='bbox 668 5557 818 5625; x_wconf 77' lang='lat' dir='ltr'><strong>gibus</strong></span> <span class='ocrx_word' id='word_1_607' title='bbox 850 5562 967 5616; x_wconf 67' lang='lat' dir='ltr'><strong>lucc</strong></span> <span class='ocrx_word' id='word_1_608' title='bbox 1018 5562 1205 5617; x_wconf 77' lang='lat' dir='ltr'><strong>eadem</strong></span> <span class='ocrx_word' id='word_1_609' title='bbox 1258 5566 1467 5619; x_wconf 83' lang='lat' dir='ltr'><strong>vivendi</strong></span> <span class='ocrx_word' id='word_1_610' title='bbox 1518 5565 1757 5621; x_wconf 85' lang='lat' dir='ltr'><strong>brevitas</strong></span> <span class='ocrx_word' id='word_1_611' title='bbox 1805 5566 2257 5644; x_wconf 44' lang='lat' dir='ltr'><strong>nonyccurrat?</strong></span> 
     </span>
    </p>
   </div>
   <div class='ocr_carea' id='block_1_88' title="bbox 674 5646 2254 5727">
    <p class='ocr_par' dir='ltr' id='par_1_88' title="bbox 674 5646 2254 5727">
     <span class='ocr_line' id='line_1_88' title="bbox 674 5646 2254 5727; baseline 0.006 -28"><span class='ocrx_word' id='word_1_612' title='bbox 674 5646 795 5703; x_wconf 76' lang='lat' dir='ltr'><strong>Nam</strong></span> <span class='ocrx_word' id='word_1_613' title='bbox 827 5662 881 5705; x_wconf 88' lang='lat' dir='ltr'><strong>ct</strong></span> <span class='ocrx_word' id='word_1_614' title='bbox 917 5652 1255 5709; x_wconf 74' lang='lat' dir='ltr'><strong>Octavianus</strong></span> <span class='ocrx_word' id='word_1_615' title='bbox 1293 5656 1590 5727; x_wconf 75' lang='lat' dir='ltr'><strong>Augustus,</strong></span> <span class='ocrx_word' id='word_1_616' title='bbox 1622 5672 1729 5726; x_wconf 87' lang='lat' dir='ltr'><strong>quo</strong></span> <span class='ocrx_word' id='word_1_617' title='bbox 1766 5657 2087 5726; x_wconf 83' lang='lat' dir='ltr'><strong>imperante,</strong></span> <span class='ocrx_word' id='word_1_618' title='bbox 2135 5655 2254 5710; x_wconf 58' lang='lat' dir='ltr'><strong>Sal-</strong></span> 
     </span>
    </p>
   </div>
   <div class='ocr_carea' id='block_1_89' title="bbox 676 5746 2258 5819">
    <p class='ocr_par' dir='ltr' id='par_1_89' title="bbox 676 5746 2258 5819">
     <span class='ocr_line' id='line_1_89' title="bbox 676 5746 2258 5819; baseline 0.008 -25"><span class='ocrx_word' id='word_1_619' title='bbox 676 5746 814 5797; x_wconf 71' lang='lat' dir='ltr'><strong>vator</strong></span> <span class='ocrx_word' id='word_1_620' title='bbox 858 5746 1047 5801; x_wconf 88' lang='lat' dir='ltr'><strong>mundi</strong></span> <span class='ocrx_word' id='word_1_621' title='bbox 1087 5747 1153 5801; x_wconf 88' lang='lat' dir='ltr'><strong>de</strong></span> <span class='ocrx_word' id='word_1_622' title='bbox 1191 5748 1407 5819; x_wconf 68' lang='lat' dir='ltr'><strong>Virgine</strong></span> <span class='ocrx_word' id='word_1_623' title='bbox 1456 5751 1628 5817; x_wconf 77' lang='lat' dir='ltr'><strong>nasci,</strong></span> <span class='ocrx_word' id='word_1_624' title='bbox 1658 5759 1709 5804; x_wconf 87' lang='lat' dir='ltr'><strong>ct</strong></span> <span class='ocrx_word' id='word_1_625' title='bbox 1746 5750 1908 5806; x_wconf 82' lang='lat' dir='ltr'><strong>David</strong></span> <span class='ocrx_word' id='word_1_626' title='bbox 1938 5766 2031 5806; x_wconf 76' lang='lat' dir='ltr'><strong>rex</strong></span> <span class='ocrx_word' id='word_1_627' title='bbox 2072 5750 2136 5805; x_wconf 89' lang='lat' dir='ltr'><strong>dc</strong></span> <span class='ocrx_word' id='word_1_628' title='bbox 2169 5765 2258 5806; x_wconf 85' lang='lat' dir='ltr'><strong>cu-</strong></span> 
     </span>
    </p>
   </div>
   <div class='ocr_carea' id='block_1_90' title="bbox 2359 3292 4053 3378">
    <p class='ocr_par' dir='ltr' id='par_1_90' title="bbox 2359 3292 4053 3378">
     <span class='ocr_line' id='line_1_90' title="bbox 2359 3292 4053 3378; baseline -0.005 -15"><span class='ocrx_word' id='word_1_629' title='bbox 2359 3320 2471 3364; x_wconf 89' lang='lat' dir='ltr'><strong>met</strong></span> <span class='ocrx_word' id='word_1_630' title='bbox 2518 3326 2616 3378; x_wconf 88' lang='lat' dir='ltr'><strong>per</strong></span> <span class='ocrx_word' id='word_1_631' title='bbox 2663 3311 2981 3363; x_wconf 90' lang='lat' dir='ltr'><strong>continuum</strong></span> <span class='ocrx_word' id='word_1_632' title='bbox 3040 3308 3288 3359; x_wconf 87' lang='lat' dir='ltr'><strong>ordinem</strong></span> <span class='ocrx_word' id='word_1_633' title='bbox 3339 3304 3728 3364; x_wconf 86' lang='lat' dir='ltr'><strong>succedentes,</strong></span> <span class='ocrx_word' id='word_1_634' title='bbox 3780 3298 3959 3372; x_wconf 87' lang='lat' dir='ltr'><strong>gladio</strong></span> <span class='ocrx_word' id='word_1_635' title='bbox 4047 3292 4053 3299; x_wconf 84' lang='grc'><em>’</em></span> 
     </span>
    </p>
   </div>
   <div class='ocr_carea' id='block_1_91' title="bbox 2358 3393 3976 3468">
    <p class='ocr_par' dir='ltr' id='par_1_91' title="bbox 2358 3393 3976 3468">
     <span class='ocr_line' id='line_1_91' title="bbox 2358 3393 3976 3468; baseline -0.004 -13"><span class='ocrx_word' id='word_1_636' title='bbox 2358 3401 2691 3464; x_wconf 85' lang='lat' dir='ltr'><strong>trucidantc,</strong></span> <span class='ocrx_word' id='word_1_637' title='bbox 2725 3399 2988 3468; x_wconf 88' lang='lat' dir='ltr'><strong>prostrati</strong></span> <span class='ocrx_word' id='word_1_638' title='bbox 3037 3404 3186 3451; x_wconf 90' lang='lat' dir='ltr'><strong>sunt.</strong></span> <span class='ocrx_word' id='word_1_639' title='bbox 3243 3396 3547 3450; x_wconf 73' lang='lat' dir='ltr'><strong>Smculares</strong></span> <span class='ocrx_word' id='word_1_640' title='bbox 3593 3408 3724 3464; x_wconf 89' lang='lat' dir='ltr'><strong>ergo</strong></span> <span class='ocrx_word' id='word_1_641' title='bbox 3757 3393 3976 3463; x_wconf 33' lang='lat' dir='ltr'><strong>priuci-I</strong></span> 
     </span>
    </p>
   </div>
   <div class='ocr_carea' id='block_1_92' title="bbox 2356 3484 3971 3562">
    <p class='ocr_par' dir='ltr' id='par_1_92' title="bbox 2356 3484 3971 3562">
     <span class='ocr_line' id='line_1_92' title="bbox 2356 3484 3971 3562; baseline -0.003 -20"><span class='ocrx_word' id='word_1_642' title='bbox 2356 3507 2475 3562; x_wconf 82' lang='lat' dir='ltr'><strong>pes,</strong></span> <span class='ocrx_word' id='word_1_643' title='bbox 2518 3490 2641 3559; x_wconf 86' lang='lat' dir='ltr'><strong>quia</strong></span> <span class='ocrx_word' id='word_1_644' title='bbox 2690 3490 2920 3542; x_wconf 78' lang='lat' dir='ltr'><strong>diversa:</strong></span> <span class='ocrx_word' id='word_1_645' title='bbox 2965 3487 3161 3541; x_wconf 90' lang='lat' dir='ltr'><strong>mortis</strong></span> <span class='ocrx_word' id='word_1_646' title='bbox 3206 3484 3427 3541; x_wconf 88' lang='lat' dir='ltr'><strong>casibus</strong></span> <span class='ocrx_word' id='word_1_647' title='bbox 3471 3490 3840 3553; x_wconf 81' lang='lat' dir='ltr'><strong>exponuntur,</strong></span> <span class='ocrx_word' id='word_1_648' title='bbox 3864 3492 3971 3537; x_wconf 86' lang='lat' dir='ltr'><strong>cor‘</strong></span> 
     </span>
    </p>
   </div>
   <div class='ocr_carea' id='block_1_93' title="bbox 2358 3572 3961 3646">
    <p class='ocr_par' dir='ltr' id='par_1_93' title="bbox 2358 3572 3961 3646">
     <span class='ocr_line' id='line_1_93' title="bbox 2358 3572 3961 3646; baseline -0.005 -9"><span class='ocrx_word' id='word_1_649' title='bbox 2358 3582 2695 3637; x_wconf 83' lang='lat' dir='ltr'><strong>audientium</strong></span> <span class='ocrx_word' id='word_1_650' title='bbox 2718 3581 2868 3634; x_wconf 84' lang='lat' dir='ltr'><strong>exitu</strong></span> <span class='ocrx_word' id='word_1_651' title='bbox 2893 3594 2997 3633; x_wconf 94' lang='lat' dir='ltr'><strong>non</strong></span> <span class='ocrx_word' id='word_1_652' title='bbox 3022 3577 3310 3642; x_wconf 85' lang='lat' dir='ltr'><strong>atteritur;</strong></span> <span class='ocrx_word' id='word_1_653' title='bbox 3339 3592 3491 3646; x_wconf 78' lang='lat' dir='ltr'><strong>papa:</strong></span> <span class='ocrx_word' id='word_1_654' title='bbox 3514 3589 3644 3629; x_wconf 87' lang='lat' dir='ltr'><strong>vero</strong></span> <span class='ocrx_word' id='word_1_655' title='bbox 3665 3576 3800 3638; x_wconf 87' lang='lat' dir='ltr'><strong>vita,</strong></span> <span class='ocrx_word' id='word_1_656' title='bbox 3829 3572 3961 3643; x_wconf 82' lang='lat' dir='ltr'><strong>quia</strong></span> 
     </span>
    </p>
   </div>
   <div class='ocr_carea' id='block_1_94' title="bbox 2360 3663 3961 3737">
    <p class='ocr_par' dir='ltr' id='par_1_94' title="bbox 2360 3663 3961 3737">
     <span class='ocr_line' id='line_1_94' title="bbox 2360 3663 3961 3737; baseline -0.006 -10"><span class='ocrx_word' id='word_1_657' title='bbox 2360 3673 2473 3727; x_wconf 85' lang='lat' dir='ltr'><strong>sola</strong></span> <span class='ocrx_word' id='word_1_658' title='bbox 2518 3670 2784 3726; x_wconf 66' lang='lat' dir='ltr'><strong>naturalis</strong></span> <span class='ocrx_word' id='word_1_659' title='bbox 2821 3670 3004 3724; x_wconf 91' lang='lat' dir='ltr'><strong>obitus</strong></span> <span class='ocrx_word' id='word_1_660' title='bbox 3040 3668 3158 3737; x_wconf 88' lang='lat' dir='ltr'><strong>lege</strong></span> <span class='ocrx_word' id='word_1_661' title='bbox 3193 3666 3561 3731; x_wconf 87' lang='lat' dir='ltr'><strong>concluditur,</strong></span> <span class='ocrx_word' id='word_1_662' title='bbox 3607 3663 3728 3733; x_wconf 79' lang='lat' dir='ltr'><strong>ejus</strong></span> <span class='ocrx_word' id='word_1_663' title='bbox 3757 3678 3825 3718; x_wconf 83' lang='lat' dir='ltr'><strong>ex</strong></span> <span class='ocrx_word' id='word_1_664' title='bbox 3859 3665 3961 3717; x_wconf 88' lang='lat' dir='ltr'><strong>hac</strong></span> 
     </span>
    </p>
   </div>
   <div class='ocr_carea' id='block_1_95' title="bbox 2360 3756 3956 3832">
    <p class='ocr_par' dir='ltr' id='par_1_95' title="bbox 2360 3756 3956 3832">
     <span class='ocr_line' id='line_1_95' title="bbox 2360 3756 3956 3832; baseline -0.005 -16"><span class='ocrx_word' id='word_1_665' title='bbox 2360 3766 2471 3819; x_wconf 86' lang='lat' dir='ltr'><strong>vita</strong></span> <span class='ocrx_word' id='word_1_666' title='bbox 2525 3763 2788 3818; x_wconf 70' lang='lat' dir='ltr'><strong>transitus</strong></span> <span class='ocrx_word' id='word_1_667' title='bbox 2839 3763 2957 3816; x_wconf 87' lang='lat' dir='ltr'><strong>sine</strong></span> <span class='ocrx_word' id='word_1_668' title='bbox 3005 3761 3156 3832; x_wconf 85' lang='lat' dir='ltr'><strong>gravi</strong></span> <span class='ocrx_word' id='word_1_669' title='bbox 3209 3758 3500 3813; x_wconf 85' lang='lat' dir='ltr'><strong>formidine</strong></span> <span class='ocrx_word' id='word_1_670' title='bbox 3550 3771 3657 3811; x_wconf 91' lang='lat' dir='ltr'><strong>non</strong></span> <span class='ocrx_word' id='word_1_671' title='bbox 3713 3756 3956 3809; x_wconf 64' lang='lat' dir='ltr'><strong>audituri</strong></span> 
     </span>
    </p>
   </div>
   <div class='ocr_carea' id='block_1_96' title="bbox 2359 3844 3961 3919">
    <p class='ocr_par' dir='ltr' id='par_1_96' title="bbox 2359 3844 3961 3919">
     <span class='ocr_line' id='line_1_96' title="bbox 2359 3844 3961 3919; baseline -0.006 -13"><span class='ocrx_word' id='word_1_672' title='bbox 2359 3851 2554 3914; x_wconf 79' lang='lat' dir='ltr'><strong>Porro,</strong></span> <span class='ocrx_word' id='word_1_673' title='bbox 2599 3850 2725 3919; x_wconf 80' lang='lat' dir='ltr'><strong>quia</strong></span> <span class='ocrx_word' id='word_1_674' title='bbox 2776 3848 2977 3903; x_wconf 90' lang='lat' dir='ltr'><strong>terreni</strong></span> <span class='ocrx_word' id='word_1_675' title='bbox 3016 3848 3290 3919; x_wconf 84' lang='lat' dir='ltr'><strong>principes</strong></span> <span class='ocrx_word' id='word_1_676' title='bbox 3325 3845 3475 3916; x_wconf 75' lang='lat' dir='ltr'><strong>regni</strong></span> <span class='ocrx_word' id='word_1_677' title='bbox 3509 3844 3591 3899; x_wconf 86' lang='lat' dir='ltr'><strong>sui</strong></span> <span class='ocrx_word' id='word_1_678' title='bbox 3616 3844 3871 3913; x_wconf 88' lang='lat' dir='ltr'><strong>quisque,</strong></span> <span class='ocrx_word' id='word_1_679' title='bbox 3901 3849 3961 3897; x_wconf 87' lang='lat' dir='ltr'><strong>ut</strong></span> 
     </span>
    </p>
   </div>
   <div class='ocr_carea' id='block_1_97' title="bbox 2360 3937 3961 4005">
    <p class='ocr_par' dir='ltr' id='par_1_97' title="bbox 2360 3937 3961 4005">
     <span class='ocr_line' id='line_1_97' title="bbox 2360 3937 3961 4005; baseline -0.007 -7"><span class='ocrx_word' id='word_1_680' title='bbox 2360 3944 2562 3998; x_wconf 90' lang='lat' dir='ltr'><strong>dictum</strong></span> <span class='ocrx_word' id='word_1_681' title='bbox 2587 3951 2694 4005; x_wconf 79' lang='lat' dir='ltr'><strong>est,</strong></span> <span class='ocrx_word' id='word_1_682' title='bbox 2725 3939 2988 3994; x_wconf 89' lang='lat' dir='ltr'><strong>limitibus</strong></span> <span class='ocrx_word' id='word_1_683' title='bbox 3018 3937 3390 4000; x_wconf 85' lang='lat' dir='ltr'><strong>includuntur,</strong></span> <span class='ocrx_word' id='word_1_684' title='bbox 3421 3949 3589 3990; x_wconf 86' lang='lat' dir='ltr'><strong>causa</strong></span> <span class='ocrx_word' id='word_1_685' title='bbox 3622 3949 3725 3988; x_wconf 91' lang='lat' dir='ltr'><strong>non</strong></span> <span class='ocrx_word' id='word_1_686' title='bbox 3754 3941 3835 3988; x_wconf 91' lang='lat' dir='ltr'><strong>est</strong></span> <span class='ocrx_word' id='word_1_687' title='bbox 3861 3946 3961 3987; x_wconf 89' lang='lat' dir='ltr'><strong>cur</strong></span> 
     </span>
    </p>
   </div>
   <div class='ocr_carea' id='block_1_98' title="bbox 2359 4020 3963 4103">
    <p class='ocr_par' dir='ltr' id='par_1_98' title="bbox 2359 4020 3963 4103">
     <span class='ocr_line' id='line_1_98' title="bbox 2359 4020 3963 4103; baseline -0.008 -16"><span class='ocrx_word' id='word_1_688' title='bbox 2359 4047 2457 4103; x_wconf 85' lang='lat' dir='ltr'><strong>per</strong></span> <span class='ocrx_word' id='word_1_689' title='bbox 2503 4033 2710 4086; x_wconf 88' lang='lat' dir='ltr'><strong>alienas</strong></span> <span class='ocrx_word' id='word_1_690' title='bbox 2752 4029 2939 4085; x_wconf 89' lang='lat' dir='ltr'><strong>mundi</strong></span> <span class='ocrx_word' id='word_1_691' title='bbox 2980 4026 3291 4099; x_wconf 85' lang='lat' dir='ltr'><strong>provincias</strong></span> <span class='ocrx_word' id='word_1_692' title='bbox 3328 4038 3516 4080; x_wconf 87' lang='lat' dir='ltr'><strong>eorum</strong></span> <span class='ocrx_word' id='word_1_693' title='bbox 3553 4023 3736 4078; x_wconf 90' lang='lat' dir='ltr'><strong>obitus</strong></span> <span class='ocrx_word' id='word_1_694' title='bbox 3763 4020 3963 4077; x_wconf 79' lang='lat' dir='ltr'><strong>dimin-</strong></span> 
     </span>
    </p>
   </div>
   <div class='ocr_carea' id='block_1_99' title="bbox 2360 4109 3960 4191">
    <p class='ocr_par' dir='ltr' id='par_1_99' title="bbox 2360 4109 3960 4191">
     <span class='ocr_line' id='line_1_99' title="bbox 2360 4109 3960 4191; baseline -0.009 -15"><span class='ocrx_word' id='word_1_695' title='bbox 2360 4123 2549 4186; x_wconf 87' lang='lat' dir='ltr'><strong>datur;</strong></span> <span class='ocrx_word' id='word_1_696' title='bbox 2588 4135 2725 4191; x_wconf 90' lang='lat' dir='ltr'><strong>papa</strong></span> <span class='ocrx_word' id='word_1_697' title='bbox 2759 4134 2913 4179; x_wconf 85' lang='lat' dir='ltr'><strong>vero.</strong></span> <span class='ocrx_word' id='word_1_698' title='bbox 2946 4118 3073 4188; x_wconf 89' lang='lat' dir='ltr'><strong>quia</strong></span> <span class='ocrx_word' id='word_1_699' title='bbox 3116 4115 3265 4172; x_wconf 88' lang='lat' dir='ltr'><strong>solus</strong></span> <span class='ocrx_word' id='word_1_700' title='bbox 3295 4123 3380 4170; x_wconf 89' lang='lat' dir='ltr'><strong>est</strong></span> <span class='ocrx_word' id='word_1_701' title='bbox 3414 4112 3655 4168; x_wconf 89' lang='lat' dir='ltr'><strong>omnium</strong></span> <span class='ocrx_word' id='word_1_702' title='bbox 3686 4109 3960 4178; x_wconf 85' lang='lat' dir='ltr'><strong>Ecclesia-</strong></span> 
     </span>
    </p>
   </div>
   <div class='ocr_carea' id='block_1_100' title="bbox 2362 4204 3960 4277">
    <p class='ocr_par' dir='ltr' id='par_1_100' title="bbox 2362 4204 3960 4277">
     <span class='ocr_line' id='line_1_100' title="bbox 2362 4204 3960 4277; baseline -0.006 -12"><span class='ocrx_word' id='word_1_703' title='bbox 2362 4227 2479 4265; x_wconf 90' lang='lat' dir='ltr'><strong>rum</strong></span> <span class='ocrx_word' id='word_1_704' title='bbox 2506 4207 2835 4264; x_wconf 87' lang='lat' dir='ltr'><strong>universalis</strong></span> <span class='ocrx_word' id='word_1_705' title='bbox 2858 4208 3174 4277; x_wconf 79' lang='lat' dir='ltr'><strong>episeopus.</strong></span> <span class='ocrx_word' id='word_1_706' title='bbox 3203 4221 3329 4260; x_wconf 88' lang='lat' dir='ltr'><strong>eum</strong></span> <span class='ocrx_word' id='word_1_707' title='bbox 3361 4204 3481 4258; x_wconf 89' lang='lat' dir='ltr'><strong>luce</strong></span> <span class='ocrx_word' id='word_1_708' title='bbox 3510 4204 3779 4273; x_wconf 85' lang='lat' dir='ltr'><strong>privatur,</strong></span> <span class='ocrx_word' id='word_1_709' title='bbox 3812 4214 3960 4255; x_wconf 84' lang='lat' dir='ltr'><strong>mors</strong></span> 
     </span>
    </p>
   </div>
   <div class='ocr_carea' id='block_1_101' title="bbox 2360 4285 3964 4370">
    <p class='ocr_par' dir='ltr' id='par_1_101' title="bbox 2360 4285 3964 4370">
     <span class='ocr_line' id='line_1_101' title="bbox 2360 4285 3964 4370; baseline -0.006 -15"><span class='ocrx_word' id='word_1_710' title='bbox 2360 4301 2478 4370; x_wconf 81' lang='lat' dir='ltr'><strong>ejus</strong></span> <span class='ocrx_word' id='word_1_711' title='bbox 2502 4316 2599 4370; x_wconf 89' lang='lat' dir='ltr'><strong>per</strong></span> <span class='ocrx_word' id='word_1_712' title='bbox 2625 4299 2801 4370; x_wconf 84' lang='lat' dir='ltr'><strong>ampla</strong></span> <span class='ocrx_word' id='word_1_713' title='bbox 2834 4308 3115 4361; x_wconf 20' lang='lat' dir='ltr'><strong>terrarum,</strong></span> <span class='ocrx_word' id='word_1_714' title='bbox 3139 4285 3308 4367; x_wconf 77' lang='lat' dir='ltr'><strong>regna</strong></span> <span class='ocrx_word' id='word_1_715' title='bbox 3337 4292 3679 4350; x_wconf 80' lang='lat' dir='ltr'><strong>diffunditur.</strong></span> <span class='ocrx_word' id='word_1_716' title='bbox 3721 4292 3785 4345; x_wconf 85' lang='lat' dir='ltr'><strong>Et</strong></span> <span class='ocrx_word' id='word_1_717' title='bbox 3819 4292 3964 4346; x_wconf 82' lang='lat' dir='ltr'><strong>sicut</strong></span> 
     </span>
    </p>
   </div>
   <div class='ocr_carea' id='block_1_102' title="bbox 2361 4383 3957 4460">
    <p class='ocr_par' dir='ltr' id='par_1_102' title="bbox 2361 4383 3957 4460">
     <span class='ocr_line' id='line_1_102' title="bbox 2361 4383 3957 4460; baseline -0.008 -12"><span class='ocrx_word' id='word_1_718' title='bbox 2361 4391 2465 4457; x_wconf 87' lang='lat' dir='ltr'><strong>sol,</strong></span> <span class='ocrx_word' id='word_1_719' title='bbox 2511 4391 2637 4460; x_wconf 88' lang='lat' dir='ltr'><strong>quia</strong></span> <span class='ocrx_word' id='word_1_720' title='bbox 2679 4390 2830 4446; x_wconf 90' lang='lat' dir='ltr'><strong>solus</strong></span> <span class='ocrx_word' id='word_1_721' title='bbox 2876 4388 3051 4453; x_wconf 88' lang='lat' dir='ltr'><strong>lueet,</strong></span> <span class='ocrx_word' id='word_1_722' title='bbox 3100 4388 3143 4443; x_wconf 91' lang='lat' dir='ltr'><strong>si</strong></span> <span class='ocrx_word' id='word_1_723' title='bbox 3190 4387 3435 4456; x_wconf 81' lang='lat' dir='ltr'><strong>eclipsim</strong></span> <span class='ocrx_word' id='word_1_724' title='bbox 3480 4384 3621 4439; x_wconf 85' lang='lat' dir='ltr'><strong>forte</strong></span> <span class='ocrx_word' id='word_1_725' title='bbox 3670 4383 3957 4447; x_wconf 81' lang='lat' dir='ltr'><strong>sustineat,</strong></span> 
     </span>
    </p>
   </div>
   <div class='ocr_carea' id='block_1_103' title="bbox 2360 4473 3963 4550">
    <p class='ocr_par' dir='ltr' id='par_1_103' title="bbox 2360 4473 3963 4550">
     <span class='ocr_line' id='line_1_103' title="bbox 2360 4473 3963 4550; baseline -0.006 -16"><span class='ocrx_word' id='word_1_726' title='bbox 2360 4490 2582 4550; x_wconf 73' lang='lat' dir='ltr'><strong>prmsto,</strong></span> <span class='ocrx_word' id='word_1_727' title='bbox 2635 4494 2860 4535; x_wconf 89' lang='lat' dir='ltr'><strong>necesse</strong></span> <span class='ocrx_word' id='word_1_728' title='bbox 2904 4487 2987 4533; x_wconf 89' lang='lat' dir='ltr'><strong>est</strong></span> <span class='ocrx_word' id='word_1_729' title='bbox 3027 4485 3084 4531; x_wconf 91' lang='lat' dir='ltr'><strong>ut</strong></span> <span class='ocrx_word' id='word_1_730' title='bbox 3113 4476 3368 4531; x_wconf 88' lang='lat' dir='ltr'><strong>tenebras</strong></span> <span class='ocrx_word' id='word_1_731' title='bbox 3404 4482 3550 4529; x_wconf 87' lang='lat' dir='ltr'><strong>totus</strong></span> <span class='ocrx_word' id='word_1_732' title='bbox 3584 4473 3785 4541; x_wconf 84' lang='lat' dir='ltr'><strong>ubique</strong></span> <span class='ocrx_word' id='word_1_733' title='bbox 3810 4486 3963 4525; x_wconf 70' lang='lat' dir='ltr'><strong>muno</strong></span> 
     </span>
    </p>
   </div>
   <div class='ocr_carea' id='block_1_104' title="bbox 2363 4561 3957 4639">
    <p class='ocr_par' dir='ltr' id='par_1_104' title="bbox 2363 4561 3957 4639">
     <span class='ocr_line' id='line_1_104' title="bbox 2363 4561 3957 4639; baseline -0.009 -14"><span class='ocrx_word' id='word_1_734' title='bbox 2363 4572 2464 4627; x_wconf 83' lang='lat' dir='ltr'><strong>dus</strong></span> <span class='ocrx_word' id='word_1_735' title='bbox 2512 4572 2785 4635; x_wconf 90' lang='lat' dir='ltr'><strong>incurrat;</strong></span> <span class='ocrx_word' id='word_1_736' title='bbox 2834 4570 2914 4625; x_wconf 87' lang='lat' dir='ltr'><strong>sic</strong></span> <span class='ocrx_word' id='word_1_737' title='bbox 2960 4583 3095 4639; x_wconf 86' lang='lat' dir='ltr'><strong>papa</strong></span> <span class='ocrx_word' id='word_1_738' title='bbox 3140 4582 3263 4623; x_wconf 90' lang='lat' dir='ltr'><strong>cum</strong></span> <span class='ocrx_word' id='word_1_739' title='bbox 3306 4580 3375 4620; x_wconf 80' lang='lat' dir='ltr'><strong>ex</strong></span> <span class='ocrx_word' id='word_1_740' title='bbox 3423 4566 3527 4619; x_wconf 87' lang='lat' dir='ltr'><strong>hac</strong></span> <span class='ocrx_word' id='word_1_741' title='bbox 3570 4563 3682 4617; x_wconf 75' lang='lat' dir='ltr'><strong>vita</strong></span> <span class='ocrx_word' id='word_1_742' title='bbox 3728 4561 3957 4627; x_wconf 85' lang='lat' dir='ltr'><strong>recedit,</strong></span> 
     </span>
    </p>
   </div>
   <div class='ocr_carea' id='block_1_105' title="bbox 2361 4654 3959 4730">
    <p class='ocr_par' dir='ltr' id='par_1_105' title="bbox 2361 4654 3959 4730">
     <span class='ocr_line' id='line_1_105' title="bbox 2361 4654 3959 4730; baseline -0.009 -14"><span class='ocrx_word' id='word_1_743' title='bbox 2361 4660 2526 4725; x_wconf 91' lang='lat' dir='ltr'><strong>illico,</strong></span> <span class='ocrx_word' id='word_1_744' title='bbox 2558 4662 2684 4730; x_wconf 89' lang='lat' dir='ltr'><strong>quia</strong></span> <span class='ocrx_word' id='word_1_745' title='bbox 2717 4675 2857 4716; x_wconf 89' lang='lat' dir='ltr'><strong>unus</strong></span> <span class='ocrx_word' id='word_1_746' title='bbox 2886 4660 2941 4714; x_wconf 91' lang='lat' dir='ltr'><strong>in</strong></span> <span class='ocrx_word' id='word_1_747' title='bbox 2974 4658 3177 4713; x_wconf 90' lang='lat' dir='ltr'><strong>mundo</strong></span> <span class='ocrx_word' id='word_1_748' title='bbox 3206 4665 3306 4720; x_wconf 89' lang='lat' dir='ltr'><strong>est,</strong></span> <span class='ocrx_word' id='word_1_749' title='bbox 3336 4654 3631 4726; x_wconf 86' lang='lat' dir='ltr'><strong>longinqua</strong></span> <span class='ocrx_word' id='word_1_750' title='bbox 3666 4664 3959 4719; x_wconf 86' lang='lat' dir='ltr'><strong>regnorum</strong></span> 
     </span>
    </p>
   </div>
   <div class='ocr_carea' id='block_1_106' title="bbox 2362 4745 3959 4820">
    <p class='ocr_par' dir='ltr' id='par_1_106' title="bbox 2362 4745 3959 4820">
     <span class='ocr_line' id='line_1_106' title="bbox 2362 4745 3959 4820; baseline -0.008 -16"><span class='ocrx_word' id='word_1_751' title='bbox 2362 4750 2536 4820; x_wconf 90' lang='lat' dir='ltr'><strong>spatia</strong></span> <span class='ocrx_word' id='word_1_752' title='bbox 2577 4750 2774 4803; x_wconf 88' lang='lat' dir='ltr'><strong>mortis</strong></span> <span class='ocrx_word' id='word_1_753' title='bbox 2822 4747 2941 4817; x_wconf 84' lang='lat' dir='ltr'><strong>ejus</strong></span> <span class='ocrx_word' id='word_1_754' title='bbox 2986 4748 3129 4802; x_wconf 84' lang='lat' dir='ltr'><strong>fama</strong></span> <span class='ocrx_word' id='word_1_755' title='bbox 3168 4745 3470 4816; x_wconf 89' lang='lat' dir='ltr'><strong>percurrit;</strong></span> <span class='ocrx_word' id='word_1_756' title='bbox 3518 4750 3573 4797; x_wconf 89' lang='lat' dir='ltr'><strong>et</strong></span> <span class='ocrx_word' id='word_1_757' title='bbox 3619 4753 3959 4809; x_wconf 88' lang='lat' dir='ltr'><strong>consequens</strong></span> 
     </span>
    </p>
   </div>
   <div class='ocr_carea' id='block_1_107' title="bbox 2361 4833 3960 4910">
    <p class='ocr_par' dir='ltr' id='par_1_107' title="bbox 2361 4833 3960 4910">
     <span class='ocr_line' id='line_1_107' title="bbox 2361 4833 3960 4910; baseline -0.008 -14"><span class='ocrx_word' id='word_1_758' title='bbox 2361 4850 2464 4907; x_wconf 88' lang='lat' dir='ltr'><strong>est,</strong></span> <span class='ocrx_word' id='word_1_759' title='bbox 2493 4848 2552 4894; x_wconf 94' lang='grc' dir='ltr'><strong>ιιι</strong></span> <span class='ocrx_word' id='word_1_760' title='bbox 2600 4855 2738 4910; x_wconf 89' lang='lat' dir='ltr'><strong>quos</strong></span> <span class='ocrx_word' id='word_1_761' title='bbox 2798 4848 2908 4893; x_wconf 88' lang='lat' dir='ltr'><strong>tam</strong></span> <span class='ocrx_word' id='word_1_762' title='bbox 2965 4838 3234 4901; x_wconf 86' lang='lat' dir='ltr'><strong>sublimis,</strong></span> <span class='ocrx_word' id='word_1_763' title='bbox 3284 4833 3687 4906; x_wconf 85' lang='lat' dir='ltr'><strong>singularisque</strong></span> <span class='ocrx_word' id='word_1_764' title='bbox 3711 4843 3960 4901; x_wconf 78' lang='lat' dir='ltr'><strong>persona:</strong></span> 
     </span>
    </p>
   </div>
   <div class='ocr_carea' id='block_1_108' title="bbox 2360 4919 3958 4998">
    <p class='ocr_par' dir='ltr' id='par_1_108' title="bbox 2360 4919 3958 4998">
     <span class='ocr_line' id='line_1_108' title="bbox 2360 4919 3958 4998; baseline -0.008 -12"><span class='ocrx_word' id='word_1_765' title='bbox 2360 4947 2520 4986; x_wconf 86' lang='lat' dir='ltr'><strong>casus</strong></span> <span class='ocrx_word' id='word_1_766' title='bbox 2567 4930 2848 4993; x_wconf 85' lang='lat' dir='ltr'><strong>obturbat,</strong></span> <span class='ocrx_word' id='word_1_767' title='bbox 2895 4928 3127 4998; x_wconf 63' lang='lat' dir='ltr'><strong>propriae</strong></span> <span class='ocrx_word' id='word_1_768' title='bbox 3159 4942 3378 4997; x_wconf 89' lang='lat' dir='ltr'><strong>quoque</strong></span> <span class='ocrx_word' id='word_1_769' title='bbox 3417 4923 3721 4979; x_wconf 84' lang='lat' dir='ltr'><strong>vocationis</strong></span> <span class='ocrx_word' id='word_1_770' title='bbox 3749 4919 3958 4976; x_wconf 88' lang='lat' dir='ltr'><strong>exitum</strong></span> 
     </span>
    </p>
   </div>
   <div class='ocr_carea' id='block_1_109' title="bbox 2363 5013 3956 5089">
    <p class='ocr_par' dir='ltr' id='par_1_109' title="bbox 2363 5013 3956 5089">
     <span class='ocr_line' id='line_1_109' title="bbox 2363 5013 3956 5089; baseline -0.008 -12"><span class='ocrx_word' id='word_1_771' title='bbox 2363 5022 2695 5079; x_wconf 72' lang='lat' dir='ltr'><strong>tremefactis</strong></span> <span class='ocrx_word' id='word_1_772' title='bbox 2748 5021 3049 5076; x_wconf 81' lang='lat' dir='ltr'><strong>visceribus</strong></span> <span class='ocrx_word' id='word_1_773' title='bbox 3080 5025 3468 5089; x_wconf 70' lang='lat' dir='ltr'><strong>expavescant.</strong></span> <span class='ocrx_word' id='word_1_774' title='bbox 3499 5014 3601 5071; x_wconf 89' lang='lat' dir='ltr'><strong>Ubi</strong></span> <span class='ocrx_word' id='word_1_775' title='bbox 3634 5013 3956 5077; x_wconf 76' lang='lat' dir='ltr'><strong>notandum,</strong></span> 
     </span>
    </p>
   </div>
   <div class='ocr_carea' id='block_1_110' title="bbox 2358 5103 3955 5183">
    <p class='ocr_par' dir='ltr' id='par_1_110' title="bbox 2358 5103 3955 5183">
     <span class='ocr_line' id='line_1_110' title="bbox 2358 5103 3955 5183; baseline -0.006 -18"><span class='ocrx_word' id='word_1_776' title='bbox 2358 5128 2521 5183; x_wconf 88' lang='lat' dir='ltr'><strong>quam</strong></span> <span class='ocrx_word' id='word_1_777' title='bbox 2544 5111 2673 5167; x_wconf 88' lang='lat' dir='ltr'><strong>velit</strong></span> <span class='ocrx_word' id='word_1_778' title='bbox 2691 5112 3035 5182; x_wconf 89' lang='lat' dir='ltr'><strong>omnipotens</strong></span> <span class='ocrx_word' id='word_1_779' title='bbox 3060 5109 3203 5165; x_wconf 88' lang='lat' dir='ltr'><strong>Deos</strong></span> <span class='ocrx_word' id='word_1_780' title='bbox 3228 5108 3461 5163; x_wconf 79' lang='lat' dir='ltr'><strong>Romani</strong></span> <span class='ocrx_word' id='word_1_781' title='bbox 3491 5104 3764 5177; x_wconf 87' lang='lat' dir='ltr'><strong>pontificis</strong></span> <span class='ocrx_word' id='word_1_782' title='bbox 3792 5103 3955 5156; x_wconf 86' lang='lat' dir='ltr'><strong>vitam</strong></span> 
     </span>
    </p>
   </div>
   <div class='ocr_carea' id='block_1_111' title="bbox 2358 5194 3953 5270">
    <p class='ocr_par' dir='ltr' id='par_1_111' title="bbox 2358 5194 3953 5270">
     <span class='ocr_line' id='line_1_111' title="bbox 2358 5194 3953 5270; baseline -0.008 -12"><span class='ocrx_word' id='word_1_783' title='bbox 2358 5204 2672 5259; x_wconf 89' lang='lat' dir='ltr'><strong>hominibus</strong></span> <span class='ocrx_word' id='word_1_784' title='bbox 2724 5203 2779 5257; x_wconf 93' lang='lat' dir='ltr'><strong>in</strong></span> <span class='ocrx_word' id='word_1_785' title='bbox 2834 5202 3197 5257; x_wconf 77' lang='lat' dir='ltr'><strong>redilicatione</strong></span> <span class='ocrx_word' id='word_1_786' title='bbox 3248 5202 3530 5270; x_wconf 88' lang='lat' dir='ltr'><strong>prodesse,</strong></span> <span class='ocrx_word' id='word_1_787' title='bbox 3582 5197 3737 5267; x_wconf 85' lang='lat' dir='ltr'><strong>cujus</strong></span> <span class='ocrx_word' id='word_1_788' title='bbox 3786 5194 3953 5248; x_wconf 88' lang='lat' dir='ltr'><strong>etiam</strong></span> 
     </span>
    </p>
   </div>
   <div class='ocr_carea' id='block_1_112' title="bbox 2361 5287 3954 5364">
    <p class='ocr_par' dir='ltr' id='par_1_112' title="bbox 2361 5287 3954 5364">
     <span class='ocr_line' id='line_1_112' title="bbox 2361 5287 3954 5364; baseline -0.01 -14"><span class='ocrx_word' id='word_1_789' title='bbox 2361 5304 2591 5350; x_wconf 80' lang='lat' dir='ltr'><strong>mortem</strong></span> <span class='ocrx_word' id='word_1_790' title='bbox 2619 5294 2857 5350; x_wconf 86' lang='lat' dir='ltr'><strong>decrevit</strong></span> <span class='ocrx_word' id='word_1_791' title='bbox 2891 5294 3051 5348; x_wconf 86' lang='lat' dir='ltr'><strong>saluti</strong></span> <span class='ocrx_word' id='word_1_792' title='bbox 3085 5294 3325 5364; x_wconf 83' lang='lat' dir='ltr'><strong>gentium</strong></span> <span class='ocrx_word' id='word_1_793' title='bbox 3359 5290 3693 5347; x_wconf 82' lang='lat' dir='ltr'><strong>ministrare.</strong></span> <span class='ocrx_word' id='word_1_794' title='bbox 3738 5287 3954 5352; x_wconf 87' lang='lat' dir='ltr'><strong>Quanto</strong></span> 
     </span>
    </p>
   </div>
   <div class='ocr_carea' id='block_1_113' title="bbox 2361 5375 3956 5449">
    <p class='ocr_par' dir='ltr' id='par_1_113' title="bbox 2361 5375 3956 5449">
     <span class='ocr_line' id='line_1_113' title="bbox 2361 5375 3956 5449; baseline -0.008 -7"><span class='ocrx_word' id='word_1_795' title='bbox 2361 5387 2541 5442; x_wconf 88' lang='lat' dir='ltr'><strong>studio</strong></span> <span class='ocrx_word' id='word_1_796' title='bbox 2583 5387 2744 5440; x_wconf 85' lang='lat' dir='ltr'><strong>debet</strong></span> <span class='ocrx_word' id='word_1_797' title='bbox 2783 5386 2950 5440; x_wconf 86' lang='lat' dir='ltr'><strong>lueris</strong></span> <span class='ocrx_word' id='word_1_798' title='bbox 2992 5385 3325 5449; x_wconf 87' lang='lat' dir='ltr'><strong>animarum,</strong></span> <span class='ocrx_word' id='word_1_799' title='bbox 3374 5383 3500 5437; x_wconf 85' lang='lat' dir='ltr'><strong>dum</strong></span> <span class='ocrx_word' id='word_1_800' title='bbox 3546 5380 3772 5441; x_wconf 84' lang='lat' dir='ltr'><strong>atlvivit,</strong></span> <span class='ocrx_word' id='word_1_801' title='bbox 3822 5375 3956 5430; x_wconf 83' lang='lat' dir='ltr'><strong>insi-</strong></span> 
     </span>
    </p>
   </div>
   <div class='ocr_carea' id='block_1_114' title="bbox 2362 5470 3952 5546">
    <p class='ocr_par' dir='ltr' id='par_1_114' title="bbox 2362 5470 3952 5546">
     <span class='ocr_line' id='line_1_114' title="bbox 2362 5470 3952 5546; baseline -0.009 -12"><span class='ocrx_word' id='word_1_802' title='bbox 2362 5488 2529 5542; x_wconf 86' lang='lat' dir='ltr'><strong>stere,</strong></span> <span class='ocrx_word' id='word_1_803' title='bbox 2577 5476 2730 5543; x_wconf 85' lang='lat' dir='ltr'><strong>cujus</strong></span> <span class='ocrx_word' id='word_1_804' title='bbox 2773 5479 2937 5532; x_wconf 85' lang='lat' dir='ltr'><strong>etiam</strong></span> <span class='ocrx_word' id='word_1_805' title='bbox 2988 5492 3137 5532; x_wconf 90' lang='lat' dir='ltr'><strong>mors</strong></span> <span class='ocrx_word' id='word_1_806' title='bbox 3182 5476 3504 5546; x_wconf 84' lang='lat' dir='ltr'><strong>providetur</strong></span> <span class='ocrx_word' id='word_1_807' title='bbox 3538 5473 3603 5527; x_wconf 88' lang='lat' dir='ltr'><strong>ad</strong></span> <span class='ocrx_word' id='word_1_808' title='bbox 3634 5470 3952 5525; x_wconf 86' lang='lat' dir='ltr'><strong>Creatorem</strong></span> 
     </span>
    </p>
   </div>
   <div class='ocr_carea' id='block_1_115' title="bbox 2360 5566 3951 5632">
    <p class='ocr_par' dir='ltr' id='par_1_115' title="bbox 2360 5566 3951 5632">
     <span class='ocr_line' id='line_1_115' title="bbox 2360 5566 3951 5632; baseline -0.008 -9"><span class='ocrx_word' id='word_1_809' title='bbox 2360 5584 2517 5624; x_wconf 88' lang='lat' dir='ltr'><strong>suum</strong></span> <span class='ocrx_word' id='word_1_810' title='bbox 2542 5570 2752 5624; x_wconf 85' lang='lat' dir='ltr'><strong>animas</strong></span> <span class='ocrx_word' id='word_1_811' title='bbox 2781 5569 3058 5624; x_wconf 89' lang='lat' dir='ltr'><strong>hominum</strong></span> <span class='ocrx_word' id='word_1_812' title='bbox 3098 5582 3377 5629; x_wconf 86' lang='lat' dir='ltr'><strong>revocare,</strong></span> <span class='ocrx_word' id='word_1_813' title='bbox 3412 5575 3469 5620; x_wconf 92' lang='lat' dir='ltr'><strong>ut</strong></span> <span class='ocrx_word' id='word_1_814' title='bbox 3492 5566 3620 5619; x_wconf 90' lang='lat' dir='ltr'><strong>dum</strong></span> <span class='ocrx_word' id='word_1_815' title='bbox 3652 5578 3709 5618; x_wconf 90' lang='lat' dir='ltr'><strong>se</strong></span> <span class='ocrx_word' id='word_1_816' title='bbox 3741 5570 3951 5632; x_wconf 77' lang='lat' dir='ltr'><strong>patrem</strong></span> 
     </span>
    </p>
   </div>
   <div class='ocr_carea' id='block_1_116' title="bbox 2356 5648 3954 5730">
    <p class='ocr_par' dir='ltr' id='par_1_116' title="bbox 2356 5648 3954 5730">
     <span class='ocr_line' id='line_1_116' title="bbox 2356 5648 3954 5730; baseline -0.007 -17"><span class='ocrx_word' id='word_1_817' title='bbox 2356 5660 2507 5714; x_wconf 88' lang='lat' dir='ltr'><strong>orbis</strong></span> <span class='ocrx_word' id='word_1_818' title='bbox 2534 5674 2657 5714; x_wconf 81' lang='lat' dir='ltr'><strong>esse</strong></span> <span class='ocrx_word' id='word_1_819' title='bbox 2685 5657 2853 5730; x_wconf 68' lang='grc'><strong>476</strong></span> <span class='ocrx_word' id='word_1_820' title='bbox 2886 5658 3217 5721; x_wconf 88' lang='lat' dir='ltr'><strong>considerat,</strong></span> <span class='ocrx_word' id='word_1_821' title='bbox 3249 5658 3317 5712; x_wconf 90' lang='lat' dir='ltr'><strong>ab</strong></span> <span class='ocrx_word' id='word_1_822' title='bbox 3357 5655 3675 5712; x_wconf 83' lang='lat' dir='ltr'><strong>inculcanda</strong></span> <span class='ocrx_word' id='word_1_823' title='bbox 3717 5660 3794 5708; x_wconf 88' lang='lat' dir='ltr'><strong>tot</strong></span> <span class='ocrx_word' id='word_1_824' title='bbox 3831 5648 3954 5703; x_wconf 79' lang='lat' dir='ltr'><strong>liliis</strong></span> 
     </span>
    </p>
   </div>
   <div class='ocr_carea' id='block_1_117' title="bbox 2361 5750 3360 5821">
    <p class='ocr_par' dir='ltr' id='par_1_117' title="bbox 2361 5750 3360 5821">
     <span class='ocr_line' id='line_1_117' title="bbox 2361 5750 3360 5821; baseline -0.003 -15"><span class='ocrx_word' id='word_1_825' title='bbox 2361 5750 2675 5807; x_wconf 72' lang='lat' dir='ltr'><strong>ltmrcditate</strong></span> <span class='ocrx_word' id='word_1_826' title='bbox 2699 5752 2901 5807; x_wconf 80' lang='lat' dir='ltr'><strong>desidia</strong></span> <span class='ocrx_word' id='word_1_827' title='bbox 2927 5767 3033 5806; x_wconf 87' lang='lat' dir='ltr'><strong>non</strong></span> <span class='ocrx_word' id='word_1_828' title='bbox 3066 5760 3360 5821; x_wconf 85' lang='lat' dir='ltr'><strong>torpescat.</strong></span> 
     </span>
    </p>
   </div>
  </div>
