5664 6652
34 6358 882 6652 Ξ

2218 469 2320 527 "5

2825 562 3052 630 CAPUT
3096 565 3158 619 ll.

2332 677 2695 733 Pra'dicnntur
2719 679 2910 734 divine
2938 682 3183 736 bonitatis
3221 693 3268 736 et
3313 685 3659 754 beneﬁcentia

2874 767 3114 804 munera.

2286 851 2383 906 llic
2433 852 2562 906 libet
2605 853 2775 909 aciem
2829 855 3024 910 mentis
3070 858 3344 928 paulisper
3391 861 3664 924 attollere,
3727 871 3780 915 et

2212 954 2413 1014 quanta
2447 945 2704 999 thrinitus
2735 945 2933 1000 homini
2965 949 3133 1015 gratia
3160 961 3502 1020 praerogetur,
3545 953 3783 1006 breviter

2217 1037 2512 1104 iﬁlagare;
2562 1036 2645 1088 cui
2696 1035 2948 1103 nimirum
2978 1052 3073 1104 per
3101 1039 3267 1092 divini
3299 1043 3536 1092 munt-ris
3567 1042 3782 1095 institu-

2217 1130 2414 1180 t‘onem
2464 1125 2725 1178 elementa
2777 1136 2970 1180 cuncta
3015 1128 3340 1190 deserviunt,
3384 1141 3444 1183 et
3478 1146 3580 1183 non
3623 1132 3782 1185 modo

2218 1215 2414 1267 caelum
2441 1222 2493 1267 et
2521 1223 2686 1278 terra,
2721 1229 2813 1268 aer
2837 1225 2896 1268 et-
2918 1230 3080 1285 aqua,
3123 1221 3215 1270 sed
3262 1227 3314 1270 et
3359 1233 3586 1287 qumque
3622 1219 3673 1274 in
3704 1219 3780 1273 eis

2213 1312 2360 1366 sunt,
2392 1303 2443 1357 in
2474 1303 2723 1358 humana:
2768 1306 3013 1358 utilitatis
3049 1305 3511 1361 administratione
3556 1323 3782 1361 concur-

2215 1405 2360 1447 runt.
2409 1395 2840 1462 Primo'quidem
2889 1395 2988 1447 sibi
3033 1394 3366 1448 famulantur:
3407 1407 3636 1466 quatuor
3673 1399 3784 1452 ele-

2216 1490 2418 1547 uieuta,
2449 1501 2564 1554 qua:
2592 1488 2846 1549 diximus,
2893 1487 3017 1553 quia
3063 1501 3126 1540 ex
3177 1487 3265 1541 eis
3298 1497 3547 1552 constat;
3588 1490 3782 1544 deinde

2214 1575 2337 1642 quia
2371 1576 2635 1644 quidquid
2656 1576 2874 1639 habent,
2908 1577 2984 1629 illi
3011 1578 3349 1631 extrinsecus
3380 1578 3778 1632 administrant.

2211 1662 2269 1716 lu
2309 1665 2530 1717 humore
2573 1665 2770 1734 quippe
2805 1675 2962 1718 terrm
3008 1666 3158 1720 radix
3198 1667 3484 1720 herbarum
3523 1678 3574 1721 et
3627 1669 3781 1720 arbo-

2213 1768 2334 1809 rum
2379 1757 2656 1820 coalescit,
2698 1772 2833 1825 quas
2876 1759 3218 1828 postmodum
3257 1761 3307 1812 in
3341 1775 3469 1811 usus
3501 1761 3778 1812 hominum

2214 1844 2282 1898 ad
2331 1845 2592 1898 naturalis
2637 1855 2902 1901 mensura:
2954 1848 3323 1901 celsitudinem
3378 1851 3624 1917 porrigit.
3668 1851 3779 1917 Ipsa

2638 469 2698 525 s.
2739 455 2950 528 rsrm
2980 469 3267 530 ωιίιΑΝί
3315 474 3462 530 ore.
3501 475 3737 535 sonus
3779 481 3909 538 seu
3946 483 4124 541 mus
4164 485 4250 542 Ill.
4284 519 4351 530 -
4390 489 4753 550 oruscuu
4797 496 5025 552 vanis.

327 5 368 26 τε-
507 3 620 30 .⁴Ι’
668 6 673 7 ⁷
743 19 790 32 -'—n
972 24 987 31 υ·-
1166 22 1217 23 ⁷⁷
1468 36 1475 37 ί
1533 37 1536 40 ·

557 51 602 64 ἦ.
821 37 917 61 -ή
1040 28 1189 65 1r
1564 39 1618 51 "
1662 50 1685 59 κ

285 71 644 108 Ἧ.,-.Ι“--.
696 70 721 79 -ι
1080 58 1119 103 Γν
1440 62 1447 69 ν
1714 76 1773 101 ,⁸1η
1828 80 1837 85 -
2034 84 2047 95 ,
2094 92 2107 95 A
2392 82 2409 91 ρ

367 1 4582 235 -=-=
644 124 739 135 “““““

694 180 747 191 ,Γ
816 186 823 187 ,
1042 186 1107 193 __,

5342 506 5439 563 ‘76

3807 581 3852 636 Α
3884 576 3963 639 iit,
3993 582 4172 648 magni
4200 583 4448 636 draconis
4483 600 4694 648 carnes,
4733 587 4872 643 fame
4902 591 5080 646 latices
5107 593 5436 660 obdulcante,

3882 671 4138 737 comedit,
4187 680 4242 725 ut
4280 673 4446 727 etiam
4493 677 4644 744 juxita
4702 678 4930 733 litteram
4983 681 5116 737 illud
5155 685 5439 742 Psalmistz

3887 752 4134 814 videatur
4176 762 4424 830 impleri:
4457 785 4474 814 ι
4503 765 4581 818 Tu
4629 768 4938 836 confregisti
4994 783 5154 838 caput
5197 775 5439 830 draconis

3884 851 4086 916 magni,
4134 860 4190 904 et
4215 853 4408 907 dedisti
4458 870 4580 909 eum
4613 857 4663 911 in
4692 873 4870 913 escam
4914 861 5107 930 populo
5137 863 5435 934 Ethiopum

3882 939 4053 999 (Psal.
4080 943 4324 1012 ιιιιιι).›

4491 1034 4715 1097 CAPUT
4755 1037 4836 1092 HL

4166 1118 4481 1186 Temperans
4497 1127 4766 1179 varietates
4791 1129 5170 1184 describuntur.

3952 1206 4057 1262 Sed
4079 1224 4196 1262 cum
4230 1209 4368 1264 Deus
4394 1214 4731 1283 omnipotens
4759 1219 4956 1271 homini
4989 1232 5176 1274 cuncta
5205 1221 5441 1276 subdide-

3883 1295 3974 1356 rit,
4010 1298 4111 1350 hoc
4152 1299 4312 1352 etiam
4351 1316 4456 1353 non
4507 1303 4686 1358 minus
4737 1305 4978 1360 mirabile
5026 1316 5126 1368 est.
5158 1310 5295 1377 quod
5331 1309 5437 1378 ipsa

3882 1400 4095 1453 quoque
4125 1389 4224 1440 sibi
4266 1397 4503 1458 tempora
4536 1401 4641 1444 tam
4681 1394 4898 1462 pulchra
4934 1396 5244 1465 qualitatum
5274 1398 5443 1452 vario-

3883 1483 3991 1528 tate
4038 1476 4354 1544 distinguit:
4388 1480 4664 1544 videlicet,
4692 1491 4749 1534 ut
4805 1483 4954 1550 prius
4995 1484 5251 1538 brumalis
5300 1485 5443 1554 algor

3882 1568 4083 1619 semina
4106 1571 4476 1623 commendata
4504 1571 4782 1626 novalibus
4816 1573 5088 1637 occultat;
5124 1573 5314 1627 deinde
5355 1585 5445 1626 ve-

3884 1658 3958 1710 ris
4002 1659 4281 1712 clementia
4313 1661 4632 1727 multiplices
4676 1665 4977 1730 germinum
5014 1663 5155 1718 fetus
5195 1662 5441 1718 mundum

3884 1751 4148 1817 parturire
4194 1751 4514 1819 compellat;
4563 1768 4683 1807 mox
4732 1756 4974 1808 aestivum
5019 1770 5204 1810 cauma
5243 1761 5446 1820 segetes

3885 1849 4120 1903 torreat;
4153 1849 4427 1909 postremo
4456 1842 4706 1909 pluvialis
4735 1854 5022 1897 autumnus
5051 1853 5104 1898 et
5146 1843 5445 1911 palmitibus

2213 1948 2426 2003 quoque
2452 1936 2678 2004 agrestis
2707 1936 2869 1989 herba
2901 1937 2951 1989 in
2975 1952 3138 1991 carne
3169 1938 3482 1990 animalium
3512 1941 3775 2000 vertitur;
3815 1927 3852 1982 Π
3883 1945 4034 1991 "Vas,
4067 1939 4122 1982 et
4144 1930 4428 1982 arboribus
4461 1945 4674 1998 Quoque
4701 1934 4965 2000 turgentia
4994 1947 5148 2002 poma
5177 1933 5442 2001 decerpat.

2212 2025 2523 2077 animalium
2572 2040 2698 2078 vero
2745 2027 3001 2079 carnibus
3045 2027 3321 2080 hominum
3373 2030 3579 2082 viscera
3628 2045 3780 2096 vege-

2217 2123 2416 2166 tamur.
2463 2114 2729 2168 Animalia
2775 2131 2988 2186 quoque
3023 2118 3134 2184 ipsa
3163 2117 3288 2170 dum
3317 2119 3524 2182 vivunt,
3556 2120 3782 2173 diversis

2216 2205 2462 2257 humanae
2496 2205 2772 2256 servitutis
2805 2204 3133 2274 deputantur
3158 2207 3433 2276 obsequiis
3463 2223 3477 2260 :
3506 2209 3780 2272 nimirum,

2213 2304 2271 2346 ut
2309 2294 2411 2347 alia
2438 2309 2554 2348 sese
2594 2295 2949 2349 insidentibus
2988 2297 3290 2350 vehiculum
3322 2300 3632 2365 praebeant;
3679 2299 3778 2350 alia

2215 2384 2680 2447 commenda-udis,
2705 2385 3150 2454 proferendisquc
3174 2387 3472 2440 seminibus
3499 2404 3623 2440 arva
3656 2403 3780 2456 pro-

2213 2476 2503 2539 sciudant;
2527 2475 2629 2527 alia
2669 2477 2831 2530 nobis
2865 2491 2968 2529 non
3013 2474 3171 2530 modo
3204 2476 3359 2530 lactis
3386 2478 3650 2547 profluat-it
3697 2494 3775 2532 co-

2216 2565 2385 2633 piam,
2431 2565 2524 2616 sed
2568 2573 2619 2617 et
2666 2565 2809 2616 velut
2853 2565 3175 2634 evangelica:
3220 2566 3460 2633 subjecta
3504 2567 3784 2631 doctrinm,

2214 2659 2348 2709 (luas
2399 2656 2606 2709 tunicas
2650 2657 2889 2711 dividant
2934 2656 3086 2724 (Luc.
3113 2659 3215 2724 tu),
3268 2659 3392 2710 dum
3442 2674 3499 2711 se
3539 2660 3782 2726 pellibus,

2216 2760 2315 2802 nos
2349 2743 2634 2798 velleribus
2666 2753 2869 2815 tegunt.
2899 2745 3004 2799 Sed
3043 2747 3167 2813 quia
3212 2762 3310 2800 nos
3344 2747 3393 2798 in
3427 2748 3651 2816 singulis
3695 2750 3792 2798 im-

2217 2832 2420 2884 morari
2465 2848 2568 2885 non
2621 2835 2751 2886 sinit
2793 2834 3083 2901 epiStolare
3111 2835 3511 2902 compendium,
3549 2850 3670 2903 qum
3701 2838 3783 2888 vix

2215 2931 2398 2990 posset
2437 2923 2599 2976 etiam
2638 2923 2918 2992 prolixitus
2947 2938 3266 2978 enumerare
3314 2925 3594 2988 librorum,
3642 2925 3786 2979 snlli-

2218 3015 2330 3066 riat
2369 3013 2524 3066 nobis
2558 3013 2736 3067 brevis
2761 3013 2848 3068 illa
2869 3013 3169 3069 Psalmistm
3196 3014 3492 3078 conclusio,
3526 3029 3633 3084 qua
3661 3016 3786 3069 dici-

2218 3115 2349 3155 tur:
2387 3121 2403 3152 ο
2431 3102 2620 3156 Omnia
2662 3103 2933 3172 subjecisti
2975 3105 3074 3157 sub
3117 3104 3343 3174 pedibus
3371 3103 3506 3170 eius,
3550 3120 3694 3166 oves,
3735 3115 3790 3158 et

2219 3194 2383 3246 boves
2430 3193 2728 3255 universas,
2791 3194 3007 3263 insuper
3047 3201 3100 3246 et
3135 3209 3327 3264 pecora
3376 3196 3587 3264 campi;
3638 3197 3787 3250 volu-

3883 2016 3987 2070 Sed
4023 2033 4122 2071 nec
4159 2019 4304 2086 ipsos
4327 2034 4542 2087 quoque
4575 2033 4866 2088 proventus
4897 2024 5144 2077 arborum
5175 2021 5255 2075 vel
5292 2035 5446 2092 agro-

3883 2123 3999 2160 rum
4062 2109 4403 2178 omnipoteus
4446 2109 4703 2163 Conditor
4742 2113 4792 2164 in
4850 2128 5008 2165 unam
5055 2112 5442 2180 quodammodo

3883 2200 4189 2267 congeriem
4242 2209 4566 2263 coacervat,
4615 2202 4707 2256 sed
4764 2202 4972 2258 diversa
5027 2203 5249 2256 diversis
5319 2211 5446 2256 tem-

3883 2289 4101 2357 poribus
4146 2287 4233 2342 vel
4277 2290 4516 2360 agenda,
4548 2290 4630 2343 vel
4669 2291 4874 2345 edenda
4907 2293 5196 2360 dispensat.
5237 2289 5368 2344 Nam
5401 2289 5447 2344 si

3881 2379 4069 2433 eodem
4104 2387 4344 2448 tempore
4375 2391 4566 2434 cuneta
4601 2383 4665 2434 ad
4697 2383 5013 2436 vescendum
5045 2397 5194 2449 poma
5219 2397 5444 2437 concur-

3885 2479 4086 2532 rerent,
4116 2476 4170 2524 et
4202 2468 4470 2524 fastidium
4502 2482 4752 2540 congesta
4779 2472 5115 2526 vescentibus
5150 2472 5443 2542 gignerent.

3884 2568 3942 2614 ct
3959 2559 4116 2615 simul
4136 2570 4449 2630 consumpta
4479 2561 4545 2614 de
4568 2564 4717 2630 copia
4745 2563 4972 2632 inopiam
4990 2571 5322 2634 generarent.
5344 2559 5446 2616 Sed

3885 2666 4031 2705 nnm!
4050 2651 4120 2705 ita
4145 2652 4374 2706 diversis
4403 2661 4528 2706 sunt
4547 2654 4749 2705 variata
4785 2653 5132 2722 temporibus,
5147 2653 5334 2708 utdum
5360 2651 5444 2706 illa

3887 2741 4260 2805 cameduutur,
4277 2742 4390 2795 hac
4414 2752 4798 2805 maturescant,
4813 2744 4998 2797 etdum
5018 2743 5114 2798 alia
5136 2750 5446 2811 consumpta

3886 2840 4292 2900 pertranseunt,
4318 2831 4419 2884 alia
4454 2847 4574 2885 mox
4607 2841 4872 2886 maturata
4916 2834 5224 2887 succedant.
5250 2832 5452 2902 Fruges

3889 2937 4102 2991 quoque
4131 2923 4175 2976 si
4199 2921 4511 2990 colligendae
4533 2923 4691 2976 simul
4718 2923 5046 2994 ingruerent,
5068 2923 5447 2977 laboribusnon

3892 3013 4130 3067 ferendis
4143 3012 4406 3081 agricolas
4429 3015 4962 3082 prrgravarent;sed
4986 3015 5109 3067 dum
5122 3014 5285 3066 variis
5317 3020 5448 3065 temo

3890 3117 4084 3172 porum
4109 3103 4488 3174 dispensentur
4510 3103 4774 3166 articulis,
4794 3114 4848 3157 et
4870 3111 5160 3172 proventus
5181 3101 5332 3171 copia
5346 3115 5452 3155 non

3892 3194 4172 3260 minuitur,
4185 3205 4237 3249 et
4253 3195 4402 3249 labor
4413 3194 4688 3249 hominum
4714 3195 4995 3265 levigatur.
5010 3193 5140 3247 Nam
5155 3192 5294 3260 quod
5308 3203 5453 3260 sege-

2219 3298 2342 3336 crcs
2371 3283 2513 3346 cmli,
2554 3293 2605 3336 et
2632 3286 2804 3351 pisces
2831 3285 3016 3350 man's,
3045 3285 3133 3354 qui
3165 3286 3540 3355 perambulant
3567 3288 3787 3341 semitas
3813 3274 3858 3335 C
3892 3282 4118 3337 tumalia
4132 3283 4234 3336 sint
4253 3283 4684 3344 serotina,etiatn
4698 3272 5448 3353 NoysesperhibetPharaoni.

2220 3375 2385 3427 maris
2416 3372 2586 3441 (Prol.
2616 3384 2752 3432 vttt).
2777 3393 2795 3425 ι

2290 3463 2354 3516 Et
2384 3464 2484 3517 hoc
2505 3471 2588 3515 est
2619 3464 2756 3516 inter
2786 3470 2978 3517 caetera
3025 3461 3179 3516 valde
3223 3464 3488 3526 mirabile,
3531 3465 3786 3532 quoniam

2218 3553 2288 3611 ab
2315 3555 2562 3609 humanae
2591 3551 2938 3618 subiectionis
2986 3553 3233 3622 imperio,
3276 3567 3374 3606 nec
3403 3555 3610 3607 volatus
3641 3569 3784 3617 aves,

2218 3656 2322 3697 nec
2372 3641 2624 3696 fortitudo
2667 3641 2877 3702 leones,
2933 3656 3034 3695 nec
3087 3641 3347 3695 velocitas
3404 3643 3650 3712 tigrides,
3689 3659 3788 3698 nec

2219 3733 2561 3802 proceritatis
2587 3732 2882 3785 enormitas
2904 3731 3061 3798 eripit
3083 3730 3424 3797 elephantes.
3445 3730 3606 3785 Leoni
3633 3733 3790 3800 plane

2223 3835 2400 3877 tantus
2443 3824 2579 3876 inest
2618 3832 2807 3883 terror,
2843 3831 2900 3874 ut
2945 3835 3066 3879 cum
3112 3821 3317 3890 rugitus
3364 3822 3583 3884 emittit,
3625 3824 3787 3876 multa

2218 3914 2462 3984 protinus
2489 3912 2737 3966 animalia
2757 3953 2772 3975 ,
2797 3927 2916 3981 quae
2937 3911 3076 3964 illius
3101 3912 3356 3980 impetum
3379 3921 3630 3981 poterant
3659 3915 3792 3968 cele-

2223 4005 2383 4056 ritate
2439 4017 2630 4056 cursus
2671 4003 2920 4065 evadere,
2965 4002 3358 4070 compellantur
3401 4003 3624 4055 omnino
3661 4003 3790 4057 dell-

2221 4107 2366 4153 rere,
2415 4100 2467 4144 et
2510 4105 2725 4160 gressus
2757 4106 2883 4144 suos
2912 4092 3213 4158 stupefacta
3267 4098 3319 4141 et
3375 4092 3604 4144 attonita
3638 4092 3789 4146 cohi-

2221 4181 2369 4235 l'ere.
2403 4181 2512 4235 Leo
2555 4191 2730 4234 tamen
2775 4183 2841 4235 ab
2891 4183 3106 4236 homine
3153 4183 3385 4250 capitur,
3433 4191 3488 4235 et
3537 4193 3788 4252 tanquam

2221 4273 2414 4326 i‘ehilis
2441 4283 2618 4326 cattus
2648 4274 2828 4328 caveis
2868 4274 3146 4327 inseritur.
3196 4273 3380 4344 Tigris
3401 4289 3635 4344 quoque,
3673 4291 3791 4344 qua:

2223 4362 2398 4431 lingua
2450 4362 2698 4416 Parthica
2742 4363 2945 4417 dicitur
2983 4363 3177 4434 sagitta
3202 4403 3220 4426 ,
3257 4378 3366 4418 uno
3403 4379 3564 4418 cursu
3618 4365 3788 4419 stadia

2223 4453 2527 4522 octingenta
2574 4454 2969 4518 transmittere,
3026 4453 3251 4524 integro
3295 4468 3435 4508 vero
3477 4454 3570 4510 die
3621 4464 3788 4509 totum

2223 4541 2480 4594 mundum
2528 4542 2594 4594 ah
2639 4551 2760 4596 ortu
2799 4557 2969 4611 usque
2998 4542 3064 4596 ad
3109 4559 3360 4598 occasum
3386 4545 3586 4599 dieitur
3617 4554 3788 4600 trans-

3888 3372 4178 3441 Poshluam
4198 3375 4338 3427 enim
4353 3371 5130 3442 grandopercussitA‘Igyptum
5160 3384 5174 3423 :
5203 3389 5220 3420 ς
5239 3368 5447 3431 Linum,

3890 3462 4085 3530 inquit,
4111 3470 4166 3515 et
4195 3463 4456 3516 hordeum
4491 3462 4673 3516 laesum
4701 3471 4807 3525 est,
4828 3477 4893 3516 eo
4919 3461 5060 3529 quod
5085 3459 5340 3516 hordeum
5363 3472 5450 3514 es-

3889 3561 3972 3604 set
4000 3550 4194 3615 virens
4241 3561 4296 3604 ct
4327 3550 4490 3604 linum
4521 3550 4632 3619 jam
4658 3550 4920 3604 folliculos
4941 3550 5288 3618 germinaret;
5318 3547 5458 3602 triti-

3889 3653 4011 3694 cum
4064 3648 4268 3703 autem,
4315 3649 4370 3694 et
4423 3639 4510 3694 far
4541 3656 4650 3696 non
4691 3650 4816 3694 sunt
4855 3641 5008 3702 laesa,
5044 3639 5166 3708 quia
5220 3637 5449 3694 serotina

3887 3736 4044 3782 erant
4073 3727 4270 3797 (Exod.
4301 3728 4374 3796 v).
4411 3746 4432 3781 ι
4470 3729 4544 3783 De
4573 3729 4863 3790 primitivis
4895 3730 5058 3782 etiam
5098 3728 5268 3797 pomis
5295 3725 5457 3797 paulo

3889 3828 4010 3888 post
4034 3820 4164 3872 dicit
4198 3835 4210 3870 :
4249 3837 4271 3869 ο
4317 3817 4581 3872 Devorata
4630 3828 4711 3872 est
4761 3818 4926 3886 igitur
4977 3817 5139 3871 herba
5197 3826 5373 3880 terra,
5399 3826 5450 3869 et

3891 3910 4147 3977 quidquid
4171 3922 4455 3977 pomorum
4479 3908 4532 3962 in
4559 3908 4841 3963 arboribus
4867 3906 4986 3972 fuit,
5009 3921 5126 3976 quae
5153 3906 5353 3976 grando
5370 3906 5448 3960 di-

3891 4001 4111 4055 miserat
4137 3999 4334 4069 (Ezod.
4363 3999 4440 4065 ι).
4487 4018 4506 4052 s

3961 4091 4094 4145 Cum
4135 4091 4298 4162 igitur
4329 4091 4426 4144 soli
4467 4090 4670 4145 homini
4712 4090 4882 4144 maria
4932 4089 5162 4144 simulet
5207 4086 5452 4153 ﬂumina;

3891 4179 4113 4247 paludes
4135 4188 4190 4232 et
4210 4189 4398 4250 stagna
4429 4196 4550 4233 cum
4579 4181 4876 4234 innumeris
4895 4180 5113 4250 piscium
5138 4177 5453 4246 compellan-

3896 4280 3980 4321 tur
4009 4270 4215 4322 servire
4244 4270 4563 4339 generibus;
4597 4285 4692 4324 aer
4725 4287 4843 4324 cum
4874 4271 5059 4324 avibus
5089 4269 5246 4323 simul
5274 4277 5328 4322 et
5359 4269 5456 4321 im-

3891 4358 4109 4420 bribus;
4143 4367 4284 4413 terra
4322 4375 4443 4413 cum
4484 4360 4794 4430 pecoribus,
4845 4360 5158 4428 cunctisque
5206 4356 5456 4428 germinb

3890 4451 3990 4504 bus
4019 4468 4030 4501 :
4063 4450 4177 4504 bzec
4229 4458 4404 4504 tamen
4437 4451 4650 4505 interim
4699 4451 4842 4505 velut
4873 4465 5032 4522 parva
5064 4449 5454 4521 postponimus,

3894 4540 4098 4609 majora
4128 4541 4538 4609 perpendamus.
4569 4539 4893 4595 Omittamus
4919 4541 5099 4610 igitur,
5130 4541 5269 4610 quod
5301 4537 5456 4605 hujus

2221 4630 2345 4685 llire
2380 4632 2515 4700 (ride
2555 4630 2767 4686 Scholia
2794 4634 2862 4686 ad
2884 4605 3079 4688 calcem
3117 4636 3418 4705 opusculi);
3441 4637 3554 4692 [nec
3582 4646 3788 4703 tamen,
3821 4605 3868 4666 θ
3898 4605 4081 4689 mundi
4120 4605 4359 4688 conditio
4400 4643 4545 4686 tanta
4576 4605 4964 4688 moderationis
4991 4643 5105 4687 arte
5138 4605 5457 4702 disponitur,

2221 4735 2341 4788 qua:
2371 4729 2476 4774 tam
2509 4721 2896 4776 incredibiliter
2923 4723 3109 4788 currit,
3155 4723 3446 4793 aliquando
3477 4728 3790 4781 venantium

2223 4810 2443 4879 laqueos
2493 4825 2595 4865 non
2652 4813 2850 4866 evadit.
2906 4812 3009 4866 Sed
3060 4829 3180 4867 cum
3238 4815 3479 4869 miranda
3533 4817 3788 4886 quaelibet

2224 4902 2476 4956 animalia
2524 4904 2780 4957 virtutum
2832 4905 3109 4958 hominum
3160 4905 3269 4958 sint
3318 4907 3582 4976 subjecta,
3621 4910 3784 4962 etiam

2224 4992 2480 5056 minima,
2526 4993 2605 5047 vel
2651 4994 2923 5048 immunda
2977 4995 3227 5050 humana:
3282 4996 3440 5049 saluti
3494 4999 3790 5065 probantur

2226 5080 2393 5134 utilia.
2421 5080 2556 5147 Quid
2580 5083 2719 5135 enim
2746 5084 2900 5137 vilius
2928 5084 3157 5138 cimice?
3183 5094 3360 5140 tamen
3388 5086 3432 5140 si
3459 5088 3784 5156 sanguisuga

2228 5174 2471 5228 faucibus
2513 5173 2752 5236 haeserit,
2796 5173 2942 5229 fumo
2979 5175 3120 5229 illius
3157 5185 3402 5244 excepto,
3453 5178 3634 5230 statim
3662 5192 3796 5232 evo--

2225 5264 2412 5327 mitur,
2441 5273 2495 5316 et
2520 5262 2799 5317 difﬁcultas
2821 5266 2989 5319 urinae
3018 5266 3174 5334 hujus
3202 5268 3534 5335 appositiene
3557 5267 3793 5320 laxatur.

2225 5351 2363 5415 Quid
2397 5350 2559 5405 etiam
2597 5350 2752 5418 juxta
2797 5351 2989 5420 legem,
3034 5355 3358 5409 immundius
3395 5355 3640 5409 vulture?
3691 5357 3802 5411 Tot

2231 5448 2410 5494 tamen
2465 5441 2516 5494 in
2575 5457 2641 5494 eo
2690 5451 2818 5494 sunt
2885 5443 3299 5508 medicamenta,
3355 5455 3487 5515 quot
3550 5448 3790 5500 membra

2230 5525 2426 5595 (Pure,
2454 5529 2545 5583 lib.
2579 5547 2730 5593 xxix,
2757 5546 2878 5601 cap.
2906 5531 2958 5595 ι,
2995 5533 3072 5612 6).
3131 5532 3258 5588 Vide
3301 5547 3446 5590 certe
3492 5537 3792 5607 grandmva:

2221 5619 2336 5686 jam
2379 5621 2554 5674 aetatis
2599 5622 2930 5691 episcopum,
2977 5624 3068 5692 qui
3109 5625 3269 5677 etiam
3310 5627 3370 5678 ad
3407 5627 3564 5680 fidem
3591 5627 3790 5681 Christi

2229 5709 2560 5762 mnvertisse
2591 5724 2693 5762 non
2723 5725 2894 5778 pauca
2941 5712 3216 5781 gentilium
3265 5713 3424 5766 millia
3472 5715 3748 5770 dicebatur
3779 5735 3788 5767 :

2231 5794 2326 5852 llic
2349 5798 2645 5868 perhibeat,
2668 5802 2791 5870 quia
2822 5803 2944 5858 dum
2969 5817 3063 5872 per
3085 5802 3410 5873 Ethiopiam
3432 5804 3591 5876 ‘77
3619 5818 3794 5862 trans-

3895 4737 3956 4779 ut
3983 4741 4078 4779 aer
4099 4735 4151 4779 et
4179 4725 4340 4794 ignis,
4371 4725 4476 4778 duo
4506 4724 4751 4778 vidcllcet
4791 4723 5068 4778 masculini
5109 4722 5314 4792 generis
5347 4719 5464 4775 elc-

3895 4823 4073 4868 menta
4106 4814 4455 4882 pmideant;
4495 4814 4597 4865 alia
4620 4829 4746 4867 vero
4769 4814 4891 4877 duo,
4919 4828 5035 4882 qua:
5066 4809 5302 4864 feminini
5333 4817 5460 4863 sunt

3894 4903 4134 4972 generis,
4167 4917 4304 4972 aqua
4362 4902 4520 4956 simul
4575 4911 4630 4956 et
4683 4911 4824 4956 terra
4889 4901 5191 4962 subsidant;
5249 4905 5302 4950 et
5355 4895 5460 4950 hoc

3894 4994 4046 5063 quasi
4084 4994 4212 5048 bino
4250 4993 4500 5062 conjugio
4541 5002 4859 5060 procreatur
4892 4990 5148 5060 quidquid
5187 4988 5321 5058 apud
5358 5000 5462 5042 nos

3889 5098 3954 5137 ex
3977 5082 4213 5152 qualibet
4236 5083 4482 5154 originali
4512 5083 4734 5135 materia
4763 5081 4978 5150 prodire
5001 5075 5459 5147 conspiciturtTa-

3891 5189 4108 5229 ceatnus
4129 5175 4312 5236 etiam,
4347 5174 4489 5242 quod
4523 5181 4629 5226 tota
4653 5173 4772 5226 celi
4809 5172 5051 5226 machina
5081 5171 5263 5224 usibus
5289 5167 5468 5221 homi‘

3893 5279 4017 5316 num
4049 5262 4117 5316 ita
4149 5262 4468 5316 mirabiliter
4495 5265 4716 5323 serviat,
4747 5271 4805 5316 ut
4832 5272 5018 5316 contra
5043 5268 5242 5330 septem
5269 5257 5458 5326 plane-

3896 5361 4070 5408 tarum
4101 5353 4286 5421 globos
4322 5361 4580 5422 perpetuo
4616 5361 4789 5404 rotatu
4825 5351 5150 5405 circumacta
5177 5345 5458 5415 conﬂigat;

3894 5450 4163 5510 quatenus
4191 5441 4316 5494 dum
4347 5439 4450 5494 illa:
4480 5449 4668 5510 petunt
4696 5449 4892 5499 ortum.
4927 5440 5026 5492 ista
5055 5445 5237 5504 vergat
5257 5433 5460 5503 jugiter

3895 5536 3961 5586 ad
3989 5548 4264 5588 occasum.
4299 5532 4420 5587 Illas
4450 5542 4626 5586 tamen
4655 5547 4838 5587 secum
4865 5532 4914 5585 vi
4944 5545 5050 5584 sua:
5078 5526 5458 5598 magnitudinis

3895 5624 4153 5688 attrahat,
4184 5639 4386 5692 easque
4437 5639 4564 5677 suos
4591 5621 4821 5678 circulos
4850 5636 4946 5690 per
4975 5619 5247 5674 zodiacum
5284 5615 5460 5686 spatio

3896 5727 4175 5786 temporis,
4202 5716 4345 5785 quod
4369 5715 4562 5784 cuique
4590 5714 4902 5785 pra-ﬂgitur,
4923 5711 5135 5782 explere
5152 5709 5456 5778 compellat.

3897 5806 4099 5877 ln'quo
4128 5805 4376 5863 videlicet
4421 5805 4709 5864 universali
4735 5803 4899 5877 478
4929 5801 5109 5858 mundi
5163 5800 5460 5858 certamine
