5664 6646
718 407 823 465 ΠἹ

1403 398 1652 469 OPUSC.
1698 395 1888 454 XXIII.
1928 425 2000 437 -—
2039 393 2129 450 DE
2166 386 2568 449 BREVITATE
2606 382 2793 451 XIT£
2834 380 2943 440 PP.
2986 379 3131 447 BIL,
3174 374 3334 437 ETC.

3916 368 4029 429 173

722 536 830 579 ntn
857 532 1088 592 parvum
1117 512 1417 588 sp’ritualis
1442 514 1628 584 figurae
1660 509 1979 581 mysterium
2008 505 2313 577 deprehen—
2348 507 2395 565 Α
2425 498 2669 592 angelica
2699 494 3065 592 propulsaret.
3089 486 3586 592 _Uml_e‘unicuique
3611 491 3861 592 Iba-“fulti
3884 498 3914 538 a
3937 483 4031 592 die

726 595 894 675 ditur,
923 610 970 664 si
998 623 1119 677 qua:
1142 607 1216 661 sit
1246 605 1299 659 in
1328 603 1573 665 homine,
1596 604 1794 654 minori
1823 597 2075 653 videlicet
2096 594 2317 659 :nundo.

727 700 1064 758 concertatio
1102 695 1488 767 perpendetur.
1526 691 1666 759 Quid
1718 691 1862 745 etiim
1913 689 2124 758 spba'ra
2172 684 2320 748 coeli,

728 808 849 863 qua:
870 790 1121 862 planetas
1174 784 1423 849 includit,
1463 784 1566 838 nisi
1612 796 1811 852 corpus
1848 781 2100 849 designat
2130 779 2325 831 Imma-

726 898 880 948 num,
907 882 1051 951 quod
1084 875 1400 933 rationalem
1433 875 1667 927 animam
1700 871 1972 942 contegit?
2002 869 2134 936 Quae
2173 868 2324 922 vide-

726 978 857 1032 licet
904 975 1085 1029 anima
1130 969 1282 1039 quasi
1334 968 1644 1056 septeqprio
1696 966 2037 1035 planetarum
2096 957 2322 1015 numero

729 1064 1060 1127 continetur,
1086 1061 1212 1115 dum
1248 1057 1473 1113 totidem
1527 1049 1701 1110 sancti
1735 1053 1975 1124 Spiritus
2017 1049 2175 1106 donis
2225 1049 2330 1104 im-

730 1153 938 1209 buitur.

802 1240 865 1319 Et
916 1261 1047 1333 quid
1102 1257 1366 1330 estquod
1397 1256 1606 1329 sphaera
1664 1253 1865 1308 labitur
1921 1251 1988 1306 ad
2042 1264 2327 1311 occasum,

728 1360 948 1406 econtra
998 1348 1230 1419 planetae
1276 1346 1626 1401 concorditer
1676 1344 1961 1397 enituntur
2009 1342 2075 1395 ad
2118 1350 2318 1399 ortum,

730 1440 838 1493 nisi
886 1439 989 1492 hoc
1017 1436 1160 1506 quod
1193 1435 1481 1506 Apostolus
1509 1421 1644 1488 dicit
1676 1452 1689 1486 :
1737 1450 1764 1483 ο
1794 1432 1930 1499 Quia
1960 1445 2091 1485 caro
2123 1445 2327 1484 concu-

712 1529 890 1597 Διιίιςὶι
936 1528 1200 1583 adversus
1245 1526 1523 1596 spiritum,
1568 1525 1793 1594 spiritus
1825 1531 2006 1577 autem
2060 1522 2331 1576 adversus

727 1619 983 1674 carnem?
1013 1616 1217 1687 (Galat.
1255 1617 1333 1687 v.)
1374 1635 1394 1667 ι
1430 1614 1679 1683 Nunquid
1705 1629 1811 1668 non
1856 1612 2011 1681 quasi
2051 1611 2321 1681 sphmram

668 1751 674 1757 .
726 1718 914 1762 contra
947 1708 1194 1777 planetas
1223 1721 1464 1777 pugnare
1490 1704 1867 1774 conqueritur,
1894 1718 2017 1775 cum
2047 1703 2113 1756 de
2138 1701 2323 1756 carnis

727 1808 783 1853 ct
832 1801 1026 1853 anima:
1073 1815 1187 1853 sua:
1245 1799 1613 1853 controversia
1689 1797 2036 1859 lamentatur,
2085 1796 2272 1851 dicens
2305 1812 2330 1849 ε

2422 589 2772 659 baptismatis
2822 600 2999 654 usque
3034 586 3100 639 ad
3144 581 3313 655 479
3359 580 3570 635 obitum
3623 578 3909 648 delegatus
3941 582 4032 631 est

2424 680 2670 751 angelus,
2703 678 2797 749 qui
2848 686 2903 732 et
2946 675 3181 730 viriliter
3232 674 3602 747 decertantem
3658 684 3687 722 a
3730 665 4033 723 tentationo

2424 771 2720 832 custodiat,
2772 779 2826 824 et
2866 767 3127 822 auxilium
3178 765 3427 837 praebere
3482 762 3537 816 in
3569 761 3727 816 bonis
3773 754 4039 829 operibus

2424 878 2532 918 non
2582 861 2841 916 desistat-
2882 857 3149 911 Daremus
3200 851 3471 927 exempla,
3527 850 3631 906 nisi
3678 863 4031 905 cerneremus

2426 952 2867 1023 frequentatione
2903 948 3212 1003 notissima.
3252 943 3351 1000 Hic
3381 944 3699 1007 notandum,
3732 957 3854 996 eum
3889 942 4033 997 Deus

2423 1041 2630 1098 homini
2669 1049 2875 1095 tantam
2928 1043 3195 1108 prmroget
3246 1034 3503 1106 gratiam,
3565 1041 3828 1103 quautsm
3882 1031 4029 1085 Deus

2425 1134 2493 1188 ab
2514 1130 2734 1186 homine
2759 1128 3004 1199 patiatur
3034 1125 3322 1197 iniuriam;
3363 1116 3595 1195 deputat
3633 1120 3777 1176 D'cus
3804 1121 4035 1175 virtutes

2425 1221 2699 1293 angelieas
2721 1220 2974 1274 humanm
3003 1216 3292 1279 custodite;
3321 1227 3377 1270 et
3401 1211 3593 1269 infelix
3625 1213 3809 1273 homo,
3836 1210 4031 1266 relicta

2426 1312 2695 1367 munditia
2714 1320 2769 1367 et
2790 1311 3027 1380 puritate
3051 1309 3337 1371 virtutum,
3360 1303 3707 1375 squaloribus
3732 1317 3791 1359 se
3820 1300 4041 1373 polluit,

2425 1419 2490 1458 ac
2513 1403 2767 1458 sordibus
2795 1402 3073 1457 vitiorum.
3100 1400 3239 1455 Nam
3260 1400 3314 1455 in
3342 1395 3670 1461 exhalantis,
3704 1410 3769 1450 ac
3796 1408 4035 1449 carnosa

2423 1496 2655 1557 luxuria:
2678 1493 2862 1550 fetore
2886 1492 3255 1563 provolvitur;
3282 1505 3406 1545 cum
3434 1485 3837 1544 vermescentis
3857 1484 4040 1539 avari;

2426 1588 2516 1642 tiae
2567 1584 3235 1654 sordibusinquinat‘ur;
3288 1596 3413 1636 cum
3462 1579 3699 1648 denique
3744 1578 3813 1630 ad
3862 1577 4039 1630 instar

2426 1678 2803 1750 Egyptiorum
2850 1660 3139 1729 ﬂuminum
3189 1668 3558 1727 Iiomicidialis
3598 1669 3782 1723 anima
3834 1666 3888 1721 in
3921 1664 4041 1721 odii

2426 1769 2747 1841 sanguinem
2783 1768 3017 1823 vertitur
3048 1764 3247 1836 (Exod.
3280 1764 3381 1834 vu)
3397 1780 3418 1829 ;.
3437 1769 3723 1833 postremo
3739 1776 3861 1815 cum
3885 1758 4040 1813 velut

731 1849 2321 1960 ξ’γξδξξξινιεέῶνξρεξὼῇξῃέεέδτέξῶέίεέθνύεηέηιεη,
2357 1878 2402 1937 η
2428 1863 2481 1917 in
2509 1863 2752 1917 cloacam
2777 1868 3080 1915 stercorum
3109 1870 3394 1919 corruens,
3428 1851 3748 1921 multiplicis
3780 1849 4037 1920 nequitite

728 1983 829 2050 legi
862 1981 1059 2035 mentis
1089 1982 1258 2034 meae?
1281 1979 1460 2051 (Rom.
1483 1981 1605 2051 vn.)
1647 2000 1667 2033 ι
1718 1980 1783 2034 Et
1817 1988 2073 2049 tanquam
2114 1980 2330 2048 sphaera

728 2081 847 2143 post
870 2072 1193 2142 seplanetas
1220 2074 1418 2135 trahat,
1451 2074 1702 2143 protinus
1736 2072 1987 2127 addidit:
2028 2090 2048 2122 ι
2086 2071 2154 2125 Et
2190 2086 2323 2140 cap-

730 2164 897 2217 tivum
950 2177 1044 2218 me
1080 2164 1367 2217 ducentem
1424 2163 1478 2217 in
1535 2164 1653 2232 lege
1700 2164 1943 2233 peccati,
1977 2176 2101 2232 qua:
2138 2171 2223 2216 est
2269 2162 2331 2215 in

726 2252 989 2307 membris
1032 2251 1201 2306 meis?
1237 2270 1259 2303 ι
1292 2250 1527 2306 Plancus
1568 2252 1737 2322 igitur
1786 2259 1994 2320 septem
2043 2251 2327 2303 enituntur

728 2341 797 2395 ad
818 2356 871 2395 οι
885 2349 1022 2402 tum.
1046 2356 1168 2396 cum
1192 2341 1373 2396 anima
1406 2341 1689 2397 rationalis
1718 2342 1975 2397 instinctu
2004 2336 2175 2395 sanbti
2200 2334 2324 2409 Spi-

725 2430 869 2485 ritus
913 2430 1138 2485 incitata
1171 2431 1354 2486 redire
1382 2442 1613 2493 conatur
1638 2431 1704 2485 ad
1728 2433 1918 2494 Deum,
1944 2442 2106 2501 quem
2136 2445 2319 2486 rerum

724 2519 968 2574 omnium
999 2530 1213 2576 constat
1239 2534 1361 2577 esse
1393 2520 1742 2591 principium.
1777 2520 2001 2590 Spbmra
2040 2532 2169 2575 vero
2194 2536 2325 2605 pro-

725 2610 929 2666 labitur
949 2611 1016 2667 ad
1039 2626 1318 2672 occasum.
1332 2628 1454 2666 cum
1476 2627 1628 2676 caro,
1648 2612 1909 2682 neglectis
1922 2612 2317 2682 superioribus,

726 2710 991 2771 gravatur
1013 2701 1064 2755 in
1096 2700 1203 2758 ima
1230 2701 1506 2755 vitiorum.
1532 2700 1685 2756 Unde
1712 2704 1975 2771 scriptum
1999 2711 2083 2756 est
2107 2716 2122 2755 :
2151 2720 2169 2751 ι
2187 2701 2322 2757 Cor-

722 2806 828 2860 pus
865 2792 1007 2861 quod
1056 2793 1428 2861 corrumpitur
1458 2804 1717 2864 aggravet
1740 2794 2001 2859 animam,
2031 2802 2087 2848 et
2132 2795 2325 2865 depri-

722 2884 828 2936 ruit
879 2891 1093 2938 terrena
1140 2881 1464 2938 inbabitatio
1515 2899 1733 2939 sensum
1786 2884 1953 2938 multa
1984 2885 2327 2957 cogitantem

725 2972 881 3043 (sap.
913 2974 1015 3044 rx).
1046 2992 1074 3027 ν

797 3083 904 3140 Sed
932 3086 1048 3142 base
1086 3102 1183 3143 nos
1204 3088 1405 3143 diutius
1436 3090 1715 3160 prosequi,
1736 3090 2051 3161 epistolaris
2076 3091 2320 3148 brevitas

719 3187 831 3229 non
877 3176 1160 3242 permittit.
1208 3177 1346 3247 Quid
1397 3180 1595 3243 dinam.
1647 3182 1789 3249 quod
1838 3182 2029 3236 eadem
2076 3181 2317 3237 ccelestis

719 3263 952 3333 sphaera:
996 3266 1248 3321 machina
1299 3268 1378 3321 sic
1419 3283 1478 3324 se
1522 3270 1574 3323 in
1620 3272 1969 3341 semetipsam
1999 3287 2236 3341 semper.
2263 3284 2322 3329 et

720 3369 834 3409 non
866 3356 919 3407 in
954 3355 1227 3409 exteriora
1254 3357 1522 3420 devolvat,
1551 3368 1611 3411 ut
1640 3359 1693 3412 in
1738 3360 1901 3414 unius
1946 3360 2315 3430 hemisphaerii

718 3443 806 3505 sui
852 3442 1185 3499 rsvolutione
1218 3445 1395 3509 diem,
1450 3447 1503 3500 in
1548 3448 1884 3504 revolutione
1923 3463 2051 3503 vero
2096 3432 2320 3504 alterius

718 3531 939 3602 expleat
980 3535 1228 3590 noctem?
1271 3534 1337 3589 Et
1381 3535 1484 3591 hoc
1522 3539 1687 3591 modo
1720 3537 1846 3591 dum
1885 3553 1993 3592 una
2049 3538 2321 3593 revolutio

720 3623 898 3677 totius
924 3621 1152 3693 spbteraa
1196 3624 1436 3679 caelestis
1469 3625 1789 3689 absolvitur,
1810 3626 2050 3695 vinginti.
2084 3637 2321 3695 quatuor

720 3712 985 3767 horarum
1023 3727 1283 3769 numerus
1326 3714 1614 3785 impletur,
1645 3717 1844 3785 quibus
1889 3716 2141 3779 videlicet
2179 3732 2321 3769 unus

717 3803 841 3858 dies
887 3819 1008 3859 cum
1063 3819 1163 3859 sua
1214 3814 1377 3863 nocte
1432 3806 1733 3876 perﬁcitur.
1776 3807 1890 3862 Hoc
1933 3809 2117 3878 itaque
2159 3808 2321 3863 modo

719 3897 852 3951 dum
874 3896 1072 3951 etelum
1119 3895 1324 3952 militat
1343 3897 1570 3962 homini,
1599 3908 1656 3955 et
1684 3898 1799 3954 dies
1839 3900 1971 3955 solis
2007 3900 2176 3962 radiis
2202 3900 2321 3953 illu-

718 3994 949 4050 strator,
980 3976 1041 4039 et
1065 4001 1167 4040 nox
1202 3985 1362 4048 lunae.
1391 3987 1784 4056 stellarumque
1807 3990 2115 4043 nutantium
2146 3988 2322 4042 varie-

721 4083 839 4130 tate
859 4074 1188 4146 depingitur.
1225 4074 1330 4129 Sed
1354 4075 1472 4131 brec
1495 4078 1621 4146 quia
1653 4077 2013 4146 corporaliter
2046 4078 2319 4149 aspiciun-

720 4159 835 4229 tur,
863 4166 1185 4231 omittimus,
1211 4166 1278 4221 ad
1309 4165 1515 4236 majora
1544 4154 1687 4223 nunc
1707 4179 1762 4224 et
1786 4168 2084 4224 invisibilia
2138 4169 2324 4224 venia-

728 4261 881 4312 mus.
909 4312 922 4322 ,

1340 4353 1569 4411 CAPUT
1608 4352 1701 4410 IV.

722 4470 883 4538 Quod
911 4469 1083 4541 angeli
1120 4486 1214 4541 per
1250 4480 1413 4526 totum
1467 4474 1718 4527 mundum
1747 4474 2050 4530 discurrant
2076 4476 2131 4530 in
2162 4476 2322 4533 attai-

1291 4549 1421 4604 lium
1453 4552 1747 4607 hominum.

794 4665 967 4723 Porro
990 4675 1170 4723 autem
1183 4668 1274 4739 qui
1291 4668 1599 4725 divinarum
1615 4670 2023 4742 Scripturarum
2036 4683 2195 4730 vacat
2207 4674 2325 4730 elo-

717 4757 887 4825 quiis,
902 4771 1008 4811 non
1031 4758 1406 4829 ignorat,quia
1429 4773 1528 4828 per
1550 4760 1695 4816 hunc
1725 4763 1986 4817 mundum
2012 4764 2318 4820 ccelestium

716 4850 984 4903 virtutum
1039 4850 1280 4919 quotidie
1335 4851 1626 4908 multitudo
1678 4855 1957 4920 discurrit,
1991 4872 2113 4927 qua:
2161 4858 2327 4914 nobis

718 4938 913 4993 auxilii
956 4954 1150 4996 manus
1188 4938 1241 4993 in
1272 4944 1571 4998 certamine
1598 4946 1845 5019 porrigit.
1880 4945 1958 5024 De
1994 4948 2193 5017 quibus
2222 4964 2319 5017 per

720 5028 1002 5084 Danielem
1034 5029 1271 5086 dicitur:
1300 5050 1319 5083 ι
1353 5031 1514 5089 Millia
1549 5036 1775 5091 millium
1827 5037 2208 5093 ministrabant
2238 5040 2315 5105 ei,

717 5132 784 5175 et
801 5119 999 5175 decies
1018 5131 1247 5176 centena
1283 5123 1452 5180 millia
1491 5127 1826 5183 assistebant
1850 5130 1899 5184 ei
1931 5130 2095 5199 (Dan.
2134 5131 2248 5201 vn).
2290 5150 2316 5182 ν

717 5209 803 5311 Ad
841 5210 955 5311 ltoc
993 5211 1138 5311 enim
1318 5215 1668 5311 ministrant,
1688 5226 1754 5272 nt
1777 5234 1877 5275 nos
1904 5221 1973 5276 ab
2005 5219 2313 5311 iniquorum

719 5298 1012 5386 spirituum
1042 5301 1539 5373 impugnationibus
1568 5317 1883 5379 protegant.
1909 5298 2139 5367 Unde'et
2179 5313 2320 5367 Pau-

719 5391 804 5447 lus
832 5401 909 5447 ait
939 5411 953 5446 :
988 5411 1010 5444 ι
1044 5393 1185 5449 Sunt
1218 5394 1667 5453 administratorii
1699 5401 1925 5470 spiritus
1977 5403 2031 5457 in
2072 5403 2316 5459 ministe-

720 5486 862 5538 rium
892 5485 1045 5540 missi
1075 5495 1296 5557 propter
1321 5502 1436 5551 eos,
1462 5490 1553 5560 qui
1585 5492 1957 5549 lucreditatem
1981 5496 2203 5564 capiunt
2228 5510 2317 5550 9η-
2348 5517 2352 5521 ι

719 5575 849 5631 lotis
877 5574 1068 5645 (Hebr.
1099 5578 1162 5641 ι).
1213 5596 1231 5629 ι
1267 5572 1452 5648 Neque
1496 5581 1641 5635 enim
1680 5584 1932 5643 versutia:
1962 5594 2072 5638 tam
2110 5586 2312 5650 calidi,

720 5669 1148 5726 “inexercitati
1201 5667 1374 5725 hostis
1423 5683 1604 5740 posset
1652 5674 1917 5746 fragilitas
1954 5678 2190 5734 humana
2234 5693 2320 5733 re-

716 5762 954 5828 sistere,
982 5761 1086 5815 nisi
1139 5775 1233 5817 eos
1276 5777 1306 5817 a
1355 5765 1748 5823 tentatioaibns
1794 5768 2090 5825 electorum
2146 5770 2319 5826 virtus

2425 1957 2651 2013 faecibus
2680 1955 2921 2011 involuta
2963 1953 3203 2008 fmdatur
3228 1968 3251 2006 ι
3276 1952 3422 2005 hunc
3446 1946 3671 2019 angelus
3696 1946 3948 2009 fetorem,
3978 1951 4039 1999 et

2428 2050 2772 2104 inhonestam
2819 2044 3149 2117 purulentitn
3203 2055 3465 2121 nauseam
3513 2040 3727 2093 invitus
3772 2037 3932 2094 satis.
3980 2041 4041 2089 ct

2426 2137 2665 2208 graviter
2697 2136 2917 2199 tolerat,
2946 2134 3048 2188 etsi
3101 2130 3344 2188 ctelestis
3381 2128 3593 2199 imperii
3646 2128 3764 2197 lege
3802 2126 4030 2181 constri-

2427 2238 2575 2294 ctus,
2593 2227 2965 2283 obedientiam
2998 2242 3106 2280 non
3132 2226 3377 2280 omittat.
3406 2224 3461 2277 In
3492 2221 3812 2292 angelorum
3836 2220 4065 2305 quippe

2428 2325 2722 2388 conspectu
2751 2316 2835 2371 nil
2856 2315 3137 2371 sordidum
3156 2355 3171 2379 ,
3201 2312 3274 2368 nil
3307 2313 3442 2367 fetet
3469 2313 3792 2373 obscenum,
3821 2310 3925 2364 nisi
3952 2310 4034 2363 vi-

2426 2411 2561 2467 tium
2594 2420 2649 2474 et
2673 2408 2987 2480 peceatum.
3027 2388 3205 2462 Etsic
3234 2405 3404 2461 nostri
3435 2413 3615 2459 reatus
3636 2404 3957 2465 exhorrent,
3982 2409 4039 2456 ct

2425 2500 2809 2556 abominantur
2864 2499 3139 2565 illuviem;
3182 2498 3326 2553 sicut
3374 2496 3539 2551 homo
3590 2494 3938 2564 compellitur
3968 2494 4036 2548 ad

2424 2592 2735 2648 exbalantis
2779 2589 2993 2645 latrinae
3034 2603 3256 2643 screare
3300 2586 3556 2641 fetorem.
3599 2582 3757 2640 Unde
3793 2582 4049 2654 ignotia'io

2424 2689 2551 2736 ante
2580 2680 2815 2735 tribunal
2852 2678 3043 2733 attenti
3075 2676 3283 2732 Iudicis
3312 2676 3380 2730 de
3419 2672 3700 2729 commissi
3741 2672 3829 2728 sui
3856 2661 4043 2743 pravi-

2425 2780 2540 2827 tate
2562 2770 2952 2841 conqueritur;
2969 2776 3028 2823 et
3044 2767 3169 2838 quia
3196 2780 3417 2838 gravem
3439 2761 4041 2832 ferariuiuriam,iltius

2421 2862 2655 2918 obscena
2694 2860 3081 2929 dinumerans,
3111 2856 3422 2928 proﬁtetur.
3463 2854 3598 2911 Nam
3637 2856 3682 2911 si
3716 2870 3810 2910 rex
3842 2865 4039 2925 potens

2422 2952 2645 3009 cuilibet
2697 2952 2767 3008 de
2822 2951 2940 3007 suis
2980 2948 3334 3023 principibus
3391 2947 3691 3018 impuberis
3739 2947 3850 3001 lilio
3896 2946 4033 3000 velit

2422 3043 2673 3116 delegare
2719 3043 3030 3100 custodiam
3058 3060 3073 3097 :
3104 3051 3159 3099 et
3189 3042 3277 3097 ille
3310 3041 3657 3113 postmodum
3693 3040 3747 3095 in
3789 3038 4045 3095 furorem.

2422 3150 2614 3192 versus
2646 3137 2889 3200 insaniat,
2918 3135 3108 3191 salivis
3130 3148 3191 3192 se
3214 3134 3525 3196 fluentibus.
3552 3131 3877 3200 nariumque
3910 3146 4030 3185 nm-

2345 3219 2391 3280 C
2422 3227 2647 3283 coribns
2673 3227 2901 3292 oblinat,
2932 3235 2987 3281 et
3016 3225 3100 3283 vel
3131 3226 3186 3282 in
3222 3225 3403 3297 ignem
3435 3238 3494 3279 se
3520 3210 3836 3293 phrenetica
3869 3230 4043 3276 teme-

2421 3320 2583 3374 ritate
2616 3318 2893 3387 projiciat,
2926 3318 3017 3371 vel
3045 3327 3197 3372 certe
3226 3317 3280 3371 in
3312 3315 3616 3386 squalentis
3644 3314 3791 3369 caeni
3824 3313 4046 3368 voluta-

2359 3430 2365 3436 ·
2418 3409 2579 3463 brum
2607 3409 2842 3463 sordidte
2869 3408 2986 3463 suis
3010 3422 3069 3462 se
3102 3422 3253 3462 more
3293 3407 3612 3476 provol'vat.
3644 3404 4033 3474 nouneproti-

2420 3514 2526 3552 nus
2552 3497 2642 3553 ille
2665 3498 2940 3579 deposcet,
2966 3506 3023 3553 et
3058 3496 3803 3567 recousignare.depositum,
3837 3504 3894 3549 et
3938 3510 4038 3563 pa-

2420 3590 2563 3659 palis
2597 3587 2837 3657 abiicere
2880 3588 3240 3643 famulatum?
3284 3587 3719 3658 Quanto'magis
3746 3601 3879 3656 ergo
3908 3600 4048 3642 creo-

2376 3674 2661 3733 (dmodum
2703 3686 2808 3741 est,
2836 3669 2982 3747 quod
3026 3676 3270 3748 angelica
3323 3676 3412 3731 illa
3462 3676 3773 3732 sublimitas
3819 3684 3875 3731 et
3920 3674 4034 3731 lar-

2425 3767 2658 3836 gitorem
2727 3766 2995 3823 bonorum
3044 3766 3308 3834 ,omnium
3376 3764 3545 3821 Deum
3606 3766 3674 3821 de
3737 3765 4041 3836 conspicua

2420 3864 2738 3935 sanctorum
2787 3857 3208 3911 conversatione
3255 3855 3549 3925 gloriﬁcat,
3584 3866 3639 3911 et
3669 3856 3721 3911 in
3754 3856 3873 3924 ejus
3900 3872 4034 3931 con-5
4084 3908 4089 3913 .

2421 3956 2610 4016 specta
2674 3960 3056 4019 perversorum
3128 3947 3408 4002 hominum
3476 3947 3687 4002 scelera
3764 3947 4039 4003 subtiliter

2421 4046 2791 4101 ennmeramlo
2837 4044 3203 4102 condemnat?
3232 4043 3349 4109 Huc
3394 4046 3629 4111 a'cc‘edit,
3663 4046 3791 4116 quia
3842 4044 3896 4101 in
3947 4046 4043 4103 die

2415 4132 2607 4204 iudicii
2633 4150 2821 4191 eorum
2842 4143 2969 4191 sunt
2994 4136 3250 4207 neqnitiaa
3281 4145 3471 4199 testes,
3499 4136 3591 4207 qui
3619 4134 3664 4191 si
3698 4146 3849 4191 recte
3867 4135 4037 4191 vixis-

2421 4233 2564 4289 sent,
2610 4239 2801 4280 eorum
2840 4224 3034 4305 ﬂerent
3080 4224 3429 4282 defensores.
3476 4225 3590 4291 Hoc
3639 4225 3824 4295 itaque
3871 4225 4046 4280 modo

2425 4316 2567 4373 male
2598 4318 2890 4389 agentibus
2913 4317 3149 4378 vertitur
3178 4320 3232 4373 in
3264 4317 3587 4390 perniciem,
3610 4319 3755 4388 quod
3780 4327 3929 4374 recte
3948 4319 4037 4395 vi-

2350 4433 2355 4439 -
2421 4410 2679 4466 veteribus
2699 4409 2978 4481 provisum
3001 4418 3085 4466 est
3108 4410 3175 4464 ad
3200 4410 3468 4476 salutem;
3490 4410 3616 4479 quia
3633 4411 3806 4465 sancti
3832 4410 4047 4481 angeli;

2374 4500 2518 4571 "qui
2556 4499 2801 4571 deputati
2841 4510 2971 4556 sunt
3005 4499 3170 4570 justis
3212 4502 3265 4556 in
3308 4498 3675 4570 adiutorium,
3707 4499 4049 4570 perditionis

2426 4590 2480 4644 in
2509 4590 2773 4660 reprobus
2802 4601 3135 4664 exaggerant
3162 4592 3587 4648 incrementum.
3634 4590 3846 4646 Felices
3881 4606 4042 4663 ergo,

2421 4681 2514 4761 qui
2537 4680 2685 4751 iuste
2716 4682 2937 4750 vivunt;
2964 4684 3092 4754 quia
3120 4684 3250 4740 dum
3281 4684 3535 4757 malignis
3560 4684 3846 4754 spiritibus
3877 4685 4038 4740 iuit:-

2420 4772 2742 4829 derabiliter
2773 4774 3144 4842 obluctantur,
3172 4775 3432 4848 angelica:
3462 4774 3801 4830 fortitudinis
3828 4774 4038 4828 auxilio

2422 4863 2765 4918 muniuntur.
2796 4864 2949 4921 Adde
2979 4866 3185 4932 etiam,
3214 4865 3359 4937 quod
3388 4874 3445 4922 et
3467 4865 3570 4937 ipsi
3604 4866 3833 4934 spiritus
3865 4864 4036 4934 iniqui

2420 4953 2703 5023 profectus
2750 4955 2929 5011 nostri
2964 4965 3093 5011 sunt
3133 4957 3399 5027 obseQuio
3431 4956 3696 5027 deputati.
3738 4954 3874 5009 Nam
3905 4956 4034 5009 dum

2426 5052 2718 5111 tentamur,
2748 5056 2803 5101 et
2836 5062 2942 5103 non
2976 5047 3416 5112 succumbimus;
3442 5048 3571 5103 dum
3603 5047 3943 5117 impetimnr,
3981 5053 4037 5099 ct

2422 5134 2813 5212 prtevalemus;
2848 5132 2976 5192 dum
3006 5146 3285 5208 oppugnat
3328 5147 3480 5193 certe
3515 5137 3789 5192 violentus
3837 5135 4038 5197 hostis,

2421 5232 2611 5279 etnon
2639 5223 3160 5298 expugnat,=l‘utur:e
3207 5224 3365 5283 nobis
3407 5228 3789 5285 retributionis
3821 5226 4033 5297 pondus

2423 5315 2891 5378 accumulataet
2938 5320 3073 5373 dum
3128 5318 3375 5377 laborem
3427 5320 3746 5377 certaminis
3803 5320 4043 5389 iri-agat,"

2421 5410 2670 5467 victoriae
2697 5413 2853 5469 nobis
2880 5414 3167 5471 materiam
3196 5415 3601 5471 subministrat.

2794 5573 2805 5577 -
3052 5523 3287 5581 CAPUT
3326 5523 3393 5579 ν.

2531 5590 2687 5658 Quod
2725 5595 2905 5649 omnia
2942 5596 3145 5649 homini
3179 5596 3432 5660 serviant,
3459 5595 3619 5649 etiam
3658 5592 3919 5664 infernus.

2488 5680 2631 5738 Ecce
2659 5683 2787 5737 dum
2827 5684 3023 5753 raptim
3067 5686 3657 5764 celeriterqueleuncta
3703 5681 4033 5755 perstringi-

2419 5788 2569 5839 nuts,
2597 5774 2795 5833 usibus
2819 5776 3099 5832 hominum
3148 5776 3464 5859 ministrare
3491 5774 3661 5851 580
3686 5775 4033 5831 concorditer
