5664 6624
758 410 861 474 481

1317 406 1555 466 orasc.
1594 404 1801 462 xxw-
1904 346 2196 463 eomas
2234 390 2575 450 ctstncos
2615 390 2867 453 nacus.
2911 388 3490 451 PROPRIETARIOS.

3930 388 4038 447 ‘83

757 526 1171 606 perniciosioris
1196 534 1279 582 est
1306 523 1748 591 criminis,quam
1770 517 2017 574 defensio
2039 511 2343 585 pravitatis.
2376 514 2419 572 Α
2450 505 2625 606 nicus-
2657 503 2856 606 habere
2902 520 2994 606 pro

1807 517 2017 573 efensio
2039 511 2343 585 pravitatis.
2376 514 2419 572 Α
2450 505 2605 565 nicus
2657 503 2856 564 habere
2902 504 3180 578 proprium
3233 504 3450 571 debeat,
3498 503 3901 561 evidentissima
3954 506 4038 561 sui

768 602 920 676 Unde
957 617 1125 673 David
1154 616 1231 670 ait
1262 634 1275 668 :
1314 632 1333 666 ι
1369 612 1482 667 Non
1515 611 1752 667 declines
1773 624 1866 663 cor
1895 622 2072 661 meum
2097 606 2149 658 in
2182 602 2343 665 verba

768 713 931 775 mala,
960 711 1027 764 ad
1057 706 1395 764 excusandas
1423 704 1801 764 excusationes
1829 700 1880 753 in
1913 698 2147 769 peccatis
2171 695 2343 765 (Paul.

766 802 912 871 αι).
950 821 968 854 ι
1000 799 1238 856 Oll‘ensio
1273 795 1470 865 quippe
1498 794 1591 847 Dei
1623 801 1859 846 uteretur
1881 789 2041 853 iram,
2067 786 2347 845 excusatio
2380 800 2385 803 ‘

770 899 1026 963 provocat
1055 888 1123 942 ad
1154 886 1468 940 vindictam.
1516 883 1630 938 Hoc
1678 881 1834 951 plane
1864 879 2072 940 vitium,
2106 877 2250 962 sicut~
2279 888 2347 929 ex

774 983 950 1035 radice
984 978 1204 1033 humani
1249 976 1461 1047 generis
1488 973 1718 1043 prodiit,
1752 968 1991 1040 quotidie
2018 966 2259 1038 pullulat,
2292 971 2349 1019 et

774 1082 1027 1139 tanquam
1076 1082 1171 1137 per
1201 1074 1542 1135 erumpentes
1589 1061 1801 1115 arboris
1832 1074 2012 1113 ramos
2043 1056 2349 1128 germinare

773 1176 876 1213 non
908 1174 939 1212 c
971 1165 1100 1212 ssat.
1136 1155 1426 1211 Cousultus
1460 1153 1602 1207 enim
1653 1152 1846 1212 Adam,
1885 1163 1983 1202 cur
2013 1163 2080 1201 ex
2116 1145 2346 1203 interdie

774 1257 860 1301 κιο
885 1261 1044 1315 pomo
1072 1244 1405 1300 comederit:
1441 1260 1459 1292 ι
1493 1239 1705 1301 Mulier.
1733 1238 1926 1309 inquit.
1956 1250 2119 1306 quam
2152 1232 2349 1289 dedisti

772 1318 903 1389 mihi
931 1333 1153 1399 sociam,
1201 1331 1348 1385 dedit
1385 1329 1515 1385 mibi
1546 1329 1613 1382 de
1662 1327 1828 1395 ligno,
1869 1334 1926 1379 et
1952 1324 2161 1381 comedi
2193 1321 2349 1395 (Gen.

770 1430 877 1493 ιιι).
915 1442 933 1475 ι
966 1422 1154 1476 Mulier
1184 1421 1368 1485 etiam,
1401 1435 1498 1487 cur
1528 1420 1630 1473 hoc
1652 1416 1841 1471 fecerit
1870 1418 2147 1487 inquisita,
2178 1432 2196 1466 ι
2229 1413 2353 1469 Ser-

771 1529 924 1583 teus,
974 1514 1068 1576 ait,
1116 1511 1331 1582 decepit
1381 1527 1487 1576 me,
1532 1518 1582 1563 et
1622 1509 1831 1565 comedi
1884 1507 2095 1580 (Ibid).
2134 1526 2153 1559 ι
2185 1506 2265 1560 Ac
2304 1503 2350 1559 si

770 1617 999 1676 uterque
1027 1607 1081 1661 in
1123 1606 1467 1663 Conditorem
1503 1604 1718 1674 oblique
1760 1603 1967 1658 crimen
1998 1606 2347 1671 intorqueat;

768 1710 1082 1765 etunque,a
1134 1710 1242 1759 quo
1282 1694 1695 1769 redarguuntur,
1754 1692 2006 1758 incessat,
2062 1691 2347 1745 dicentes:

771 1782 888 1836 Non
922 1783 1097 1846 nobis,
1125 1783 1221 1838 sed
1265 1783 1359 1837 tibi
1409 1783 1594 1852 procul
1643 1783 1806 1838 dubio
1840 1781 2000 1837 debet
2042 1781 2132 1839 hic
2164 1792 2351 1837 reatus

2450 598 2717 652 examinis
2739 599 3063 652 auctoritate
3097 598 3371 652 decernat.
3401 598 3490 653 Ait
3517 598 3660 652 e:.i.n
3691 599 3741 652 in
3766 612 4037 661 sermone,

2448 688 2542 757 qui
2574 689 2817 743 titulatur
2858 691 2931 743 De
2957 690 3199 743 moribus
3235 690 3558 745 clericorum
3588 707 3601 743 :
3637 709 3655 741 r
3694 689 3797 753 Me,
3842 691 4039 760 inquit,

2450 780 2554 835 hoc
2580 782 2794 839 noverit
2836 781 3077 843 charitas
3107 789 3286 835 vestra
3320 780 3524 835 dixisse
3575 781 3837 843 fratribus
3882 783 4040 847 meis,

2448 871 2539 950 qui
2569 886 2779 926 mecum
2805 879 3051 935 manent,
3080 882 3138 924 ut
3161 871 3474 941 quicunque
3500 870 3663 925 habet
3690 870 3917 941 aliquid,
3948 880 4045 927 aut

2448 965 2666 1027 vendat,
2702 971 2758 1016 et
2783 970 2969 1032 eroget
3009 962 3356 1031 pauperibus,
3401 970 3497 1015 aut
3539 962 3725 1028 donet,
3762 970 3857 1015 aut
3895 976 4045 1016 cont.

2450 1068 2613 1107 mune
2642 1052 2769 1106 illud
2800 1051 2980 1107 faciat.
3011 1050 3312 1115 Ecclesium
3353 1051 3574 1119 habeat,
3609 1066 3707 1119 per
3735 1066 3898 1119 quam
3944 1065 4046 1107 nos

2450 1143 2591 1199 Deus
2611 1144 2803 1213 pascit.
2824 1144 2885 1198 Et
2908 1143 3029 1204 dedi
3054 1126 3365 1199 dilationem
3392 1159 3563 1214 usque
3596 1146 3663 1198 ad
3686 1143 4043 1213 Epiphaniam

2450 1246 2673 1307 propter
2699 1250 2815 1301 eos,
2830 1236 2921 1306 qui
2940 1235 3022 1291 vel
3046 1250 3167 1295 cntn
3190 1234 3451 1291 fratribus
3464 1236 3579 1290 suis
3605 1251 3707 1289 nou
3724 1234 4046 1305 diviserunt,

2452 1326 2536 1381 vel
2572 1327 2874 1383 diviserunt
2892 1328 3109 1397 quidem
3134 1342 3255 1398 quae
3282 1328 3478 1381 habent
3505 1328 3646 1396 apud
3674 1328 3870 1382 fratres
3891 1342 4044 1394 suos,

2450 1417 2543 1472 sed
2560 1417 2796 1473 nondum
2809 1419 2874 1473 de
2886 1419 3045 1472 rebus
3062 1419 3174 1477 suis
3188 1417 3364 1487 aliqua
3383 1418 3435 1471 id
3449 1426 3676 1487 egerunt
3692 1434 3706 1481 ;
3722 1417 3847 1487 quia
3859 1433 4048 1487 exspe-

2452 1506 2704 1561 ctabatur
2750 1514 2883 1560 atas
2929 1505 3188 1577 legitima,
3237 1506 3464 1569 Faciant
3499 1510 3624 1560 inde
3662 1509 3805 1576 quod
3833 1508 4044 1579 volunt,

2451 1594 2580 1647 dum
2623 1602 2803 1649 tamen
2844 1594 2955 1655 sint
2986 1609 3250 1667 pauperes
3293 1610 3529 1660 mecum,
3579 1595 3739 1653 simul
3765 1607 4047 1663 exspecte-

2453 1696 2574 1751 mus
2603 1680 3036 1735 misericordiam
3074 1682 3193 1736 Dei.
3242 1680 3299 1734 Si
3329 1691 3508 1735 autem
3543 1682 3750 1747 nolunt,
3781 1684 3873 1753 qui
3906 1685 4048 1741 forte

2452 1768 2675 1834 nolunt’,
2708 1779 2855 1824 certe
2892 1784 2992 1839 ego
3034 1784 3153 1824 sum
3184 1770 3277 1845 qui
3307 1781 3629 1835 statueram,
3674 1772 3817 1826 sicut
3847 1776 4045 1852 nostis,

773 1873 1123 1941 ascribi,qui
1150 1880 1205 1927 et
1251 1871 1530 1941 conjugem
1552 1874 1669 1927 viro
1687 1870 1933 1939 iunxisti,
1962 1882 2016 1926 et
2043 1879 2348 1940 serpentem
2380 1860 2658 1926 Βηυηυιη
2715 1860 2968 1915 ordinato
3021 1861 3305 1927 clericum,
3358 1863 3461 1915 ηίεί
3513 1862 3603 1931 τιυὶ
3656 1878 3865 1918 meum
3918 1864 4051 1932 velit

773 1961 829 2016 in
858 1962 1110 2031 paradiso
1132 1962 1273 2016 inter
1293 1962 1540 2017 homines
1560 1964 1742 2016 vivere
1771 1961 2079 2016 decrevisti.
2110 1959 2353 2027 Quorum

772 2054 1058 2122 utriusque
1084 2061 1339 2123 tanquam
1371 2051 1750 2122 primischolus
1771 2051 1859 2105 ille
1886 2051 2184 2120 discipulus
2210 2057 2352 2114 erat,

774 2142 865 2209 qui
889 2145 955 2196 de
978 2140 1109 2196 Abel
1135 2141 1358 2195 Domino
1381 2140 1671 2209 requirenti
1699 2140 1973 2209 respondit
2006 2158 2017 2193 :
2050 2158 2069 2193 ι
2102 2138 2354 2207 Nunquid

771 2242 957 2287 custos
986 2230 1169 2287 fratris
1198 2232 1303 2286 mei
1333 2247 1451 2287 sum
1490 2232 1623 2303 ego?
1656 2251 1674 2284 ι
1730 2230 1883 2301 (Cen.
1930 2232 2029 2301 iv.)
2068 2231 2181 2286 Hoc
2220 2245 2354 2285 sane

767 2324 1111 2396 praecavebat
1141 2324 1308 2379 David
1352 2323 1563 2389 vitium,
1594 2338 1715 2378 cum
1750 2324 1999 2377 dicebat:
2052 2341 2070 2375 ι
2121 2321 2238 2376 Non
2269 2335 2354 2375 me

775 2415 1050 2484 demergat
1080 2424 1370 2484 tempestas
1403 2429 1577 2483 aquae,
1610 2429 1782 2484 neque
1807 2416 2091 2469 :tbsorbeat
2116 2430 2200 2468 me
2230 2428 2355 2483 pro-

776 2504 1023 2569 fundum,
1069 2520 1245 2575 neque
1289 2516 1479 2575 urgeat
1519 2522 1680 2576 super
1710 2523 1795 2562 me
1842 2518 2033 2576 puteus
2076 2521 2138 2562 os
2194 2522 2352 2561 suum

777 2593 948 2665 (Prol.
977 2599 1187 2663 uvttt).
1229 2614 1246 2646 ι
1296 2596 1429 2650 Nam
1468 2612 1593 2650 cum
1640 2604 1827 2664 peccat
1880 2596 2060 2657 homo,
2110 2595 2265 2665 quasi
2299 2596 2352 2649 in

776 2692 995 2753 puteum
1027 2683 1262 2750 labitur;
1291 2701 1417 2740 cum
1455 2700 1583 2741 vero
1610 2696 1828 2755 peccata
1869 2684 2128 2751 defendit,
2162 2702 2225 2741 os
2256 2702 2356 2756 pu-

778 2772 850 2826 tei
878 2787 1039 2841 super
1064 2788 1186 2827 eum
1220 2789 1286 2829 ne
1329 2783 1511 2843 pateat
1535 2790 1807 2845 egressus,
1854 2784 2096 2845 urgetur.
2136 2774 2356 2829 Corruit

776 2876 907 2930 ergo
934 2862 984 2915 in
1017 2870 1232 2932 puteum
1280 2863 1440 2918 homo
1472 2879 1596 2918 cum
1642 2872 1852 2932 peccat,
1892 2864 2095 2917 claudit
2122 2879 2249 2919 vero
2281 2865 2358 2917 si—

778 2949 945 3008 bimet
973 2967 1035 3006 os
1081 2954 1222 3021 putei
1252 2952 1379 3013 dum
1429 2962 1671 3015 excusat.
1718 2954 1794 3007 Ex
1844 2953 1944 3007 hac
1985 2969 2145 3022 porro
2172 2953 2359 3007 defen—

773 3040 950 3105 sione,
1001 3042 1083 3096 vel
1129 3044 1475 3098 excusatione
1528 3045 1775 3099 criminis
1829 3044 2052 3098 iueresis
2099 3046 2356 3098 nascitur.

778 3130 1013 3186 litercsis
1053 3132 1197 3185 enim
1249 3134 1637 3203 interpretatur
1678 3135 1881 3189 electio.
1936 3134 2001 3187 Et
2049 3136 2173 3188 dum
2218 3137 2359 3204 quod

2455 1965 2707 2014 manere;
2740 1950 2871 2005 utsi
2915 1951 3073 2005 vellet
3118 1952 3423 2006 desciscere
3464 1968 3495 2006 a
3549 1956 3849 2022 proposito,
3900 1965 4051 2013 recte

2454 2038 2531 2097 illi
2562 2038 2801 2093 tollerem
2824 2038 3163 2106 clericatum,
3195 2042 3319 2111 quia
3345 2042 3622 2099 desereret
3644 2052 3847 2099 sancta:
3875 2046 4051 2101 socie~

2456 2128 2583 2183 tatis
2627 2130 2987 2197 promissum.
3042 2140 3361 2200 certumque
3414 2134 3770 2187 consortium.
3826 2134 3963 2189 Ecce
3995 2136 4055 2189 in

2453 2225 2743 2287 conspectu
2767 2217 2884 2283 Dei,
2916 2226 2972 2273 et
2997 2228 3201 2284 vestro,
3228 2230 3378 2282 muto
3402 2222 3721 2287 consilium;
3747 2226 3839 2293 qui
3866 2225 4056 2288 volunt

2453 2306 2655 2363 habere
2679 2309 2881 2378 aliquid
2908 2312 3207 2381 proprium,
3236 2314 3433 2381 quibus
3463 2331 3577 2368 nou-
3599 2315 3796 2370 suﬂicit
3821 2319 3966 2374 Deus
3994 2331 4056 2385 et

2454 2399 2691 2454 Ecclesia
2724 2400 2871 2469 ejus,
2912 2413 3169 2457 maneant
3210 2403 3301 2459 ubi
3333 2406 3519 2460 volunt
3548 2418 3602 2463 et
3647 2412 3734 2463 ubi
3784 2422 4053 2480 possunt;

2453 2505 2559 2548 non
2612 2492 2692 2545 eis
2719 2491 2905 2548 aufero
2946 2491 3286 2563 clericatum,
3329 2499 3422 2551 sel
3468 2499 3593 2558 nolo
3638 2501 3838 2556 habere
3884 2503 4057 2574 hypoc

2453 2580 2638 2647 critus.
2669 2578 2865 2634 Malum
2900 2582 3100 2652 quippe
3140 2593 3221 2636 est
3248 2584 3406 2640 talem
3436 2585 3573 2660 fore,
3619 2590 3821 2645 malum
3852 2601 3933 2645 est
3964 2607 4056 2645 ca-

2455 2667 2584 2722 dere
2610 2682 2644 2722 a
2668 2671 2966 2740 proposito,
2997 2673 3090 2726 sed
3114 2674 3269 2741 pejus
3294 2683 3379 2730 est
3407 2678 3665 2732 simulare
3691 2682 4025 2749 propositum

2458 2759 2597 2814 Ecce
2624 2761 2746 2815 dico
2773 2763 2935 2827 cadit,
2974 2764 3067 2833 qui
3104 2765 3420 2821 societatem
3452 2772 3756 2827 communis
3783 2771 3911 2825 vita:
3942 2773 4051 2830 iam

2459 2858 2792 2919 susceptam,
2844 2866 2964 2921 qua:
3009 2853 3261 2908 laudatur
3302 2856 3355 2909 in
3408 2860 3776 2926 apostolorum
3826 2862 4060 2923 Actibus

2460 2938 2600 3003 (Act.
2650 2942 2726 3022 tv)
2767 2942 3004 3004 deserit;
3056 2942 3201 2997 bono
3257 2960 3357 2999 suo
3415 2950 3583 3013 cadit,
3633 2965 3662 3003 a
3719 2952 4059 3021 professione

2461 3038 2647 3082 sancta
2662 3028 2831 3084 cadit.
2855 3030 3405 3100 Observetludicem,
3432 3040 3524 3092 sed
3552 3039 3743 3104 Deum,
3770 3058 3875 3097 non
3900 3059 4006 3099 me.
4030 3063 4050 3101 ο

2464 3118 2532 3174 Et
2560 3119 2720 3187 paulo
2749 3127 2871 3188 post
2906 3138 2921 3173 ι
2968 3139 2987 3172 ι
3031 3124 3132 3189 Qui
3174 3140 3383 3179 mecum
3434 3144 3651 3182 manere
3695 3131 3830 3201 vult,
3875 3133 3922 3187 si
3955 3149 4055 3202 pay

772 3221 949 3291 eligit,
996 3224 1118 3292 quis
1144 3223 1432 3280 defendere
1478 3226 1684 3289 nititur,
1736 3226 1926 3281 relicto
1958 3228 2201 3281 veritatis
2251 3238 2361 3282 tra-
2389 3214 2434 3272 (ἶ
2466 3220 2617 3264 “ws
2641 3220 2725 3264 εει
2745 3212 2900 3279 Ws“
2929 3228 2960 3264 ³
2986 3212 3009 3266 Ῑ

1827 3230 1926 3281 icto
1958 3228 2201 3281 vernans
2251 3238 2361 3282 ιη,
2389 3214 2434 3272 C
2466 3220 2617 3264 ratus
2641 3220 2725 3264 est
2745 3212 2900 3279 pasci
2929 3228 2960 3264 a
2986 3212 3097 3267 Deo
3144 3228 3240 3292 per
3269 3216 3568 3273 Ecclesium
3596 3220 3785 3290 ipsiuS,
3816 3239 3921 3278 non
3958 3225 4064 3283 ha.

778 3309 931 3372 mite,
956 3310 1081 3380 quia
1106 3327 1202 3381 per
1227 3313 1447 3381 abrupta
1472 3313 1710 3381 perversi
1752 3314 2016 3382 dogmatis
2041 3316 2270 3385 rapitur,
2308 3318 2360 3370 in

778 3399 1029 3455 hmresim
1074 3418 1293 3457 necesse
1338 3412 1421 3459 est
1452 3404 1785 3473 prolabatur.
1840 3405 1955 3470 Hoc
1998 3418 2179 3462 autem
2222 3408 2364 3462 inter

777 3498 1117 3559 peccatorem
1146 3502 1200 3547 et
1227 3494 1536 3548 luereticunt
1575 3495 1782 3549 distat:
1824 3498 1951 3565 quia
1998 3506 2253 3566 peccator
2281 3506 2363 3553 est

778 3578 871 3646 qui
908 3579 1187 3649 delinquit,
1242 3582 1528 3637 haereticus
1572 3592 1752 3641 autem
1807 3585 1899 3654 qui
1953 3596 2237 3654 peccatum
2268 3601 2365 3655 per

778 3680 1003 3737 pravum
1038 3666 1230 3739 dogma
1259 3668 1515 3725 defendit.
1548 3669 1656 3726 Dios
1684 3678 1890 3736 autem,
1921 3673 2046 3740 quia
2074 3675 2363 3743 magistros

777 3755 1041 3814 habemus
1067 3768 1284 3814 sanctos
1312 3760 1601 3830 apostolos,
1626 3770 1681 3816 et
1711 3761 2035 3830 apostolicos
2067 3764 2230 3826 viros,
2256 3780 2371 3823 non

779 3846 1036 3900 debemus
1081 3849 1223 3917 quod
1266 3850 1426 3904 nobis
1470 3851 1685 3905 videtur
1718 3850 1946 3922 eligere;
1991 3867 2165 3920 neque
2218 3852 2363 3922 quod

778 3938 945 3991 semel
977 3939 1204 3993 electum
1254 3949 1335 3996 est
1388 3940 1658 3996 obstinate
1688 3950 1743 3996 et
1772 3943 2131 4010 pervicaciter
2177 3943 2362 3998 deleti-

779 4040 931 4089 sare;
962 4026 1057 4081 sed
1100 4028 1186 4083 his
1234 4028 1517 4092 duntaxat,
1565 4044 1686 4097 qua:
1730 4046 1761 4082 a
1819 4030 2061 4099 probatis
2107 4030 2364 4087 Ecclesia:

780 4117 1092 4175 doctoribus
1130 4120 1349 4175 deﬁnita
1388 4128 1536 4186 sunt,
1571 4120 1729 4175 fidem
1765 4120 2236 4176 irretractabiliter
2264 4122 2333 4178 ad

780 4208 987 4263 bibere.

1290 4299 1518 4357 CAPUT
1556 4298 1850 4359 PRIMUM.

782 4401 1059 4475 Oppuguat
1096 4404 1259 4459 verbis
1302 4408 1471 4488 sancti
1522 4408 1802 4477 Augustini
1849 4409 2193 4479 pertinacium
2261 4406 2365 4466 clo-

1418 4492 1668 4531 rtcorum.

2462 3300 2591 3353 here
2616 3300 2818 3369 aliquid
2849 3305 3160 3371 proprium;
3194 3307 3288 3360 sed
3314 3316 3410 3364 aut
3436 3324 3664 3382 erogare
3706 3314 4053 3382 pauperibus,

2463 3399 2554 3447 aut
2584 3392 2649 3455 fut
2679 3407 2967 3449 commune
3011 3397 3253 3463 mittere,
3291 3414 3504 3455 maneat
3530 3419 3739 3459 meeum
3773 3423 3786 3459 :
3828 3409 3919 3477 qui
3949 3410 4057 3465 bon

2463 3496 2570 3535 non
2600 3482 2734 3547 vult,
2768 3484 2964 3538 habeat
2996 3486 3299 3553 libertatem
3328 3508 3340 3543 :
3381 3492 3474 3546 sed
3519 3495 3699 3550 videat
3742 3510 3923 3552 utrum
3953 3500 4055 3555 ha-

2463 3571 2592 3628 bere
2628 3573 2802 3642 possit
2830 3573 3109 3631 felicitatis
3150 3581 3532 3637 aeternitatem.
3568 3603 3587 3636 ›

2532 3658 2591 3715 In
2637 3662 2877 3717 secundo
2921 3680 3137 3747 quoque
3186 3666 3426 3729 ejusdem
3476 3675 3658 3743 operis
3701 3692 3758 3735 se
3791 3693 3952 3736 mone
3976 3681 4063 3739 sic

2464 3749 2540 3813 ait
2569 3768 2581 3802 :
2627 3768 2645 3801 ι
2686 3752 2944 3825 Quisquis
2982 3769 3108 3811 cum
3140 3758 3413 3828 hypocrisi
3442 3764 3658 3828 vixerit,
3689 3771 3937 3839 quisquis
3976 3775 4062 3832 in.

2463 3848 2660 3894 ventus
2686 3838 2850 3895 fuerit
2872 3842 3076 3898 habens
3111 3849 3412 3917 proprium,
3442 3867 3548 3906 non
3581 3855 3656 3915 illi
3691 3838 3967 3927 permitto,
3998 3872 4065 3919 ut

2466 3928 2591 3985 inde
2632 3929 2796 3985 faciat
2827 3941 3231 4001 testamentum,
3280 3942 3375 3995 sed
3398 3942 3592 3999 delebo
3631 3947 3697 4001 de
3738 3951 3921 4006 tabula
3949 3954 4063 4010 cle-

2466 4018 2725 4072 ricorum.
2753 4019 3064 4090 interpellet
3088 4036 3276 4081 contra
3324 4045 3410 4084 me
3440 4031 3587 4087 mille
3623 4050 3757 4092 co:.c
3779 4039 3873 4107 lia,
3910 4045 4065 4109 navi-

2465 4118 2554 4178 get
2584 4119 2774 4173 contra
2806 4129 2894 4169 me
2935 4130 3044 4183 quo
3073 4117 3325 4185 voluerit,
3356 4122 3427 4175 sit
3459 4135 3609 4180 cute
3658 4130 3747 4182 ubi
3803 4136 4062 4201 potuerit.

2466 4199 2760 4295 adiuvabit
2804 4219 2890 4257 me
2929 4204 3220 4273 Dominus;
3249 4220 3305 4263 ut
3342 4211 3431 4266 ubi
3463 4227 3564 4284 ego
3601 4199 3891 4290 cpiscopus
3915 4238 4061 4295 sum,

2465 4288 2556 4347 illc
2583 4290 2814 4347 clericus
2840 4308 2960 4349 esse
2988 4310 3095 4352 non
3120 4298 3315 4366 possit.
3357 4319 3375 4351 ι

2534 4380 2750 4437 Niznius
2777 4382 3008 4441 fortasse
3046 4386 3240 4443 fuerim
3286 4391 3340 4445 in
3382 4394 3701 4461 protelando
3729 4399 3871 4455 beati
3902 4402 4063 4473 hujus

2466 4475 2705 4532 doctoris
2746 4479 3015 4548 exemplo.
3049 4479 3158 4536 Sed
3205 4484 3411 4540 utinatn
3465 4490 3548 4543 vel
3598 4492 3699 4561 ipsi
3756 4499 4063 4563 praebeatur

852 4561 898 4621 ll
916 4562 1203 4619 ecidcirco
1227 4564 1604 4635 pnemisimus,
1650 4568 1777 4636 quia
1811 4566 2051 4625 dolemus
2078 4569 2366 4626 nonnullos
2393 4556 2443 4614 D
2470 4563 2624 4629 fides,
2664 4565 2791 4619 dum
2834 4570 3040 4625 nostris
3087 4573 3269 4628 verbis
3321 4579 3546 4633 omnino
3592 4556 3951 4642 subtrahitur.
4002 4592 4060 4648 in

784 4660 999 4708 sanctos
1048 4653 1267 4719 fratres,
1310 4656 1554 4711 canonici
1584 4656 1835 4716 videlicet
1886 4658 2110 4722 ordinis,
2162 4659 2217 4713 in
2253 4667 2361 4713 tam

780 4743 860 4799 eff
881 4745 1013 4799 acuis
1036 4748 1346 4817 prorupisse
1368 4748 1633 4804 libertatis
1662 4749 1960 4811 audaciam,
1986 4761 2170 4807 utnon
2202 4752 2362 4807 modo

782 4836 883 4889 sibi
909 4835 998 4903 jus
1025 4836 1282 4891 habendae
1320 4840 1562 4906 pecunia:
1586 4840 1876 4904 vindicent,
1905 4843 1996 4895 sed
2029 4853 2082 4897 et
2108 4845 2248 4898 banc
2290 4846 2363 4899 si-

783 4925 951 4979 bimet
974 4939 1041 4979 ex
1071 4924 1304 4994 regulari
1336 4928 1657 4984 auctoritate
1686 4937 1994 4999 competere
2013 4933 2362 5002 pertinaciter

778 5012 945 5086 435
978 5024 1308 5070 asseverent.
1362 5016 1444 5071 Ad
1491 5032 1626 5087 quos
1671 5020 2023 5088 probabiliter
2074 5027 2358 5081 revincen-

781 5105 914 5166 dos,
971 5120 1251 5175 possemus
1297 5108 1512 5175 quidem
1566 5109 1797 5179 plurima
1855 5111 2257 5181 Scripturarum
2308 5125 2364 5171 et

783 5192 997 5249 Veteris
1046 5206 1102 5250 et
1136 5194 1270 5252 Novi
1307 5196 1641 5254 Testamenti
1670 5202 1916 5271 exempla
1958 5220 2284 5276 congerere;
2317 5210 2363 5265 si

781 5285 989 5353 priores
1030 5287 1198 5341 nostri
1254 5287 1444 5344 Patres
1489 5303 1551 5344 ac
1597 5290 1848 5347 doctores
1900 5294 2156 5353 Ecclesia:
2200 5314 2365 5367 super

782 5377 882 5430 hoc
911 5379 1157 5453 themate
1177 5378 1414 5434 funditus
1458 5381 1751 5442 siluisscnt.
1783 5384 1889 5439 Sed
1915 5386 2241 5457 superﬂuum
2281 5400 2365 5447 est

782 5481 879 5518 nos
920 5467 1114 5521 vilibus
1141 5469 1367 5522 sarculis
1396 5469 1506 5524 illic
1550 5471 1733 5539 glebas
1772 5474 2077 5544 cllringere,
2124 5479 2212 5533 ubi
2251 5488 2359 5536 tam

781 5556 987 5609 strenui
1035 5556 1272 5611 cultores
1302 5566 1459 5612 terra:
1483 5562 1779 5617 viventium
1829 5566 2140 5623 acutissimo
2168 5570 2362 5641 linguae

783 5661 891 5700 sure
921 5662 1139 5702 vomere
1169 5661 1505 5716 reperiuntur
1547 5668 1675 5707 arva
1723 5656 1979 5712 sulcassc.
2012 5660 2169 5716 Prior
2197 5664 2361 5735 igitur

784 5738 1119 5807 Augustinus
1144 5741 1364 5797 accedat
1391 5742 1444 5797 in
1474 5744 1862 5813 testimOaium,
1892 5760 1945 5803 et
1972 5761 2152 5819 utrum
2180 5753 2358 5813 Cano-

2468 4653 2664 4722 quibus
2692 4655 2937 4723 profecto
2973 4660 3149 4715 sancti
3173 4662 3275 4718 viri
3304 4666 3482 4721 verbis
3514 4670 3793 4727 evidenter
3819 4681 4063 4733 ostendi-

2470 4752 2600 4838 tur:
2653 4745 2791 4810 Quia
2840 4748 3092 4813 clericus,
3151 4752 3246 4820 qui
3290 4759 3580 4823 pecuniam
3630 4766 3890 4831 possidet,
3947 4770 4062 4838 ipsa

2465 4834 2666 4890 Christi
2692 4840 2985 4907 possessio.
3018 4840 3102 4894 vel
3133 4842 3427 4913 btereditas
3455 4865 3599 4914 esse,
3627 4852 3713 4907 vel
3743 4854 3909 4911 Deum
3953 4834 4062 4915 lia:-

2470 4926 2698 4983 reditate
2728 4930 3005 4992 possidere
3040 4946 3148 4987 non
3193 4943 3393 5002 potest.
3436 4938 3590 5004 Quod
3635 4950 3815 4998 tamen
3849 4961 3954 5002 non
3994 4949 4064 5007 de

2468 5020 2682 5076 clericis
2703 5023 2957 5078 omnibus
2979 5026 3248 5094 dicimus;
3262 5033 3355 5088 sed
3382 5034 3450 5089 de
3490 5036 3572 5091 his
3599 5039 3931 5111 specialiter,
3965 5045 4060 5113 qttl

2470 5111 2731 5166 canonico
2763 5111 2932 5185 486
2955 5127 3248 5175 censentur
3274 5122 3515 5189 nomine,
3556 5135 3611 5180 et
3632 5128 3817 5183 vivunt
3848 5131 3900 5183 in
3926 5111 4055 5186 coin-

2470 5206 2807 5277 gregatione.
2838 5210 2973 5280 ipsis
3013 5213 3181 5274 enim.
3212 5216 3339 5284 quia
3384 5218 3524 5274 Deus
3562 5220 3811 5291 offertur,
3843 5236 4060 5283 terrena

2468 5299 2738 5365 possessio
2768 5300 3105 5365 prohibet-ir.
3132 5302 3282 5361 Sicut
3314 5307 3430 5378 ipse
3468 5309 3729 5367 Dominus
3774 5314 3839 5368 ad
3880 5315 4061 5372 Aaron

2472 5386 2528 5443 in
2553 5386 2791 5443 Numero
2831 5390 3091 5461 loquitur,
3140 5395 3327 5451 dicens
3360 5416 3375 5451 :
3416 5418 3434 5451 ι
3484 5399 3540 5455 In
3576 5410 3719 5457 terra
3750 5419 3938 5461 eorum
3981 5409 4063 5461 ni—

2470 5474 2543 5529 hil
2575 5476 2919 5545 possidebitis
2944 5495 3047 5537 nec
3081 5482 3350 5542 habebitis
3376 5497 3584 5559 partem
3614 5490 3761 5546 inter
3803 5508 3917 5549 eos.
3950 5492 4061 5563 Ego

2466 5580 2634 5704 pits,
2683 5576 2738 5622 et
2782 5570 3071 5629 hmreditas
3126 5582 3217 5631 tua
3266 5577 3321 5631 in
3373 5580 3555 5637 medio
3614 5582 3850 5642 filiorum
3892 5586 4061 5645 Israel

2470 5654 2660 5704 (funt-
2703 5662 2882 5704 xvmi-
2920 5679 2939 5704 ι

2470 5654 2661 5736 (Nunt.
2702 5662 2882 5729 tvm).
2918 5679 2939 5713 ι

4836 6203 5174 6410 Α
