5664 6666
14 6399 748 6666 ὲ

2867 730 3090 785 CAPUT
3129 731 3186 783 Il.

2549 822 2694 874 Idem
2722 821 2844 886 {ncit
2880 822 3041 874 verbis
3073 819 3136 872 D.
3175 819 3479 888 Hieronymi

2304 913 2407 967 Sed
2434 913 2478 965 si
2506 913 2588 965 cui
2619 924 2686 964 au
2716 911 3000 963 tollendam
3030 911 3313 978 pecuniam
3342 912 3406 964 de
3430 909 3644 963 clericis
3684 910 3796 964 sola

2227 1005 2360 1058 tanti
2389 1003 2622 1057 doctoris
2662 1002 2973 1064 auctoritas,
3015 1002 3243 1056 necdum
3273 1001 3504 1055 fortasse
3544 999 3793 1067 sufﬁciat,

2221 1093 2352 1163 quid
2392 1093 2555 1147 etiam
2585 1093 2774 1146 beatus
2805 1092 3107 1144 inveniatur
3148 1108 3308 1161 super
3351 1093 3453 1144 hoc
3492 1091 3797 1147 decrevisse

2224 1179 2601 1250 Hieronymus,
2634 1197 2740 1234 non
2782 1180 3114 1249 negligenter
3139 1180 3404 1234 attendat.
3432 1179 3511 1233 Ad
3547 1179 3796 1236 Heliodo-

2174 1337 2176 1339 ν
2225 1285 2344 1337 rum
2372 1283 2601 1338 namque
2638 1270 2945 1338 episcopum
2975 1270 3114 1322 inter
3139 1279 3332 1322 ctetera
3361 1269 3440 1323 sic
3470 1270 3545 1322 ait
3571 1287 3583 1322 :
3619 1289 3637 1321 ι
3665 1271 3795 1325 Anio

2224 1362 2519 1426 tnadverte,
2568 1359 2757 1422 frater,
2805 1377 2907 1414 non
2957 1363 3081 1414 licet
3128 1361 3219 1413 tibi
3251 1360 3543 1429 quidquam
3585 1363 3651 1416 de
3689 1363 3794 1417 tuis

2220 1450 2424 1505 habere
2451 1451 2630 1505 rebus.
2685 1467 2702 1500 ε
2741 1449 2959 1514 Omnis,
3007 1448 3178 1518 inquit
3221 1447 3510 1513 Dominus,
3551 1453 3641 1519 qui
3687 1467 3792 1505 non

2219 1541 2612 1596 renuntiaverit
2657 1541 2906 1594 omnibus
2957 1555 3076 1608 qua:
3124 1540 3384 1609 possidet,
3440 1555 3545 1593 non
3616 1551 3795 1610 potest

2215 1645 2373 1684 meus
2403 1645 2522 1685 esse
2553 1629 2845 1698 discipulus
2889 1628 3042 1699 (Luc.
3073 1630 3207 1698 λιν).
3245 1645 3263 1680 ι
3313 1629 3422 1683 Cur
3460 1630 3649 1685 timido
3679 1634 3792 1684 ani-

2215 1735 2306 1775 mo
2327 1719 2666 1775 Christianus
2706 1721 2809 1775 es?
2835 1721 3044 1791 respice
3071 1735 3192 1775 cum
3221 1720 3380 1776 Petro
3409 1721 3650 1776 relictum
3681 1733 3788 1778 rete

2213 1808 2430 1878 (Jlattli.
2480 1811 2577 1879 tv),
2625 1811 2832 1879 respice
2875 1820 3181 1881 surgentem
3217 1811 3291 1866 'de
3330 1813 3529 1867 telonio
3561 1813 3791 1882 publica-

2210 1915 2339 1953 num
2383 1901 2566 1955 statim
2596 1903 2895 1970 apostolum
2927 1902 3138 1972 (Mattlt.
3165 1901 3264 1971 rx).
3300 1921 3318 1953 ι
3363 1903 3530 1959 Filius
3557 1905 3786 1958 hominis

2210 2008 2318 2045 non
2343 1992 3241 2063 habetubicaputreclinet(tilattli.
3268 2010 3360 2046 vni
3381 2011 3395 2058 ;
3417 1994 3542 2048 Luc.
3562 1996 3732 2063 Lvnt);
3760 2015 3778 2046 ι

110 15 346 52 "hui-nan...

2655 624 2713 678 s.
2757 612 2953 677 PETRI
2989 621 3266 676 DAMIANI
3307 620 3456 676 ore.
3498 620 3732 676 Tonth
3769 617 3901 673 SEU
3939 617 4118 672 rans
4153 621 4236 673 ιιι.
4279 650 4344 659 -
4383 619 4746 678 OPUSCULA
4791 621 5018 680 vitata.

5372 631 5462 687 ιδι

3835 743 3882 797 Α
3913 740 3969 782 et
4017 731 4288 790 vestitum,
4343 731 4427 785 his
4455 744 4742 788 contentus
4783 749 4899 801 cro,
4931 747 4986 791 et
5030 737 5224 792 nudam
5264 754 5460 798 cruccut

3901 819 4075 872 uudus
4099 836 4258 888 scqua
4270 837 4311 872 r.
4348 841 4364 870 ι

3971 907 4166 961 Beatus
4208 909 4372 961 etiam
4405 909 4640 980 Prosper
4671 927 4792 966 cum
4825 916 5204 984 proprietatem
5239 921 5459 987 pecunia

3898 996 4110 1050 clericis
4135 997 4466 1064 prohiberet,
4499 1003 4819 1055 sententiam
4867 1005 5217 1073 deprompsit,
5247 1007 5456 1061 dicens:

3905 1105 3922 1136 ι
3960 1085 4092 1150 Quia
4139 1102 4243 1140 non
4291 1098 4466 1154 potest
4512 1091 4581 1144 ibi
4618 1107 4736 1146 esse
4777 1095 4952 1148 unitas
5001 1096 5352 1160 voluntatum.
5381 1100 5458 1154 ubi

3897 1172 4058 1227 fuerit
4086 1173 4376 1231 diversitas
4405 1177 4746 1234 facultatum.
4787 1201 4804 1231 ι
4851 1183 4989 1237 Ecce
5013 1186 5080 1238 ad
5104 1185 5455 1242 condemnan-

3896 1264 4040 1326 dam,
4063 1274 4117 1318 et
4149 1264 4391 1321 funditus
4411 1269 4724 1323 abolendam
4752 1274 5135 1328 canonicorum
5162 1277 5454 1344 pecuniam,

3897 1364 4004 1408 tres
4031 1370 4133 1409 non
4161 1358 4588 1428 qualescunque,
4638 1363 4730 1415 sed
4763 1363 5202 1433 inexpugnabiles
5241 1366 5292 1420 in
5319 1367 5459 1422 testi-

3892 1447 4130 1499 monium
4161 1447 4414 1502 doctores
4460 1450 4781 1508 adduximus
4837 1470 4850 1505 :
4906 1462 4965 1508 ut
5005 1455 5060 1508 in
5099 1469 5194 1509 ore
5220 1455 5452 1519 duarum,

3890 1535 3973 1590 vel
3997 1535 4156 1588 trium
4186 1538 4399 1591 testium
4429 1547 4532 1593 stet
4554 1556 4714 1603 onme
4740 1542 4960 1596 verbum
4989 1542 5204 1612 (Matth.
5242 1545 5413 1614 avni).

4501 1628 4728 1684 CAPUT
4781 1630 4869 1685 Ill.

4135 1713 4520 1769 Canonicorunt
4548 1719 4780 1784 defensio
4808 1737 4967 1790 quam
5008 1721 5215 1790 frivola.

3961 1803 4064 1857 Sed
4096 1820 4215 1858 cum
4253 1806 4366 1860 haec
4397 1805 4499 1860 illis
4535 1805 4840 1874 obiicimus,
4887 1810 4985 1879 ipsi
5036 1828 5073 1864 ri
5095 1812 5230 1881 gula:
5265 1825 5373 1866 sua
5400 1811 5454 1865 ll-

3889 1893 4043 1945 brum
4068 1895 4220 1948 nobis
4246 1897 4493 1962 protinus
4520 1894 4773 1961 offerunt;
4805 1899 4876 1954 ad
4913 1903 5110 1968 regnis
5138 1915 5164 1956 s
5203 1915 5249 1955 te
5277 1913 5450 1955 auc'o-

3889 1983 4106 2034 ritatetn
4149 1983 4372 2036 redeunt
4403 2000 4414 2034 :
4450 1998 4622 2053 eaque
4665 1985 4764 2040 sibi
4803 1989 5147 2054 proprietati
5195 1989 5448 2056 peculium

2208 2090 2264 2133 et
2297 2089 2352 2132 tu
2385 2081 2590 2148 amplos
2618 2082 2875 2149 porticus,
2917 2091 2973 2134 et
3017 2082 3252 2150 ingentia
3305 2092 3566 2136 tectorum
3605 2085 3777 2153 spatia
3811 2082 3855 2138 Β
3879 2072 4216 2124 concedente
4241 2110 4255 2135 ο
4308 2072 4417 2139 Pini

3207 2082 3252 2134 ia
3305 2092 3566 2136 ιεοιυι-ωη
3605 2085 3777 2153 spatia
3811 2072 4255 2138 Bconcedente,
4308 2072 4417 2139 pati
4479 2086 4538 2126 se
4601 2077 4968 2144 pra‘jttdiciuut
5035 2089 5444 2148 conqueruutur.

2207 2167 2455 2221 metiris?
2501 2159 2875 2222 Harrcditatetn
2925 2180 3210 2238 exspectas
3265 2171 3479 2225 saeculi?
3528 2171 3780 2226 Cohaares

2205 2257 2407 2311 Christi
2435 2272 2555 2312 esse
2580 2273 2684 2312 non
2719 2267 2890 2327 potes.
2932 2259 2998 2313 Et
3034 2261 3137 2312 ndn
3163 2260 3320 2330 longe
3347 2271 3466 2330 post
3495 2260 3779 2315 Dominum

2206 2348 2453 2400 ιιιμειιιιει
2496 2349 2806 2402 dicentem:
2848 2367 2865 2398 σ
2902 2348 2957 2403 Si
3006 2350 3088 2404 vis
3122 2351 3391 2419 perfectus
3439 2367 3578 2415 esse,
3623 2354 3776 2415 vade,

2204 2447 2259 2490 et
2290 2437 2454 2490 vende
2479 2438 2658 2491 omnia
2705 2448 2808 2499 tua,
2836 2448 2890 2494 et
2928 2441 2992 2492 da
3033 2443 3380 2510 pauperibus,
3428 2453 3482 2496 et
3515 2445 3660 2507 veni,
3689 2460 3775 2498 se-

2203 2542 2369 2595 qttcl‘e
2398 2542 2480 2580 me
2529 2526 2747 2596 (Matth.
2799 2535 2933 2599 aut).
2971 2549 2988 2582 ι
3026 2529 3103 2583 Τιι
3151 2540 3328 2584 autem
3380 2533 3673 2601 perfectum
3725 2543 3776 2588 te

2204 2631 2324 2672 esse
2353 2618 2624 2686 pollicitus
2649 2633 2727 2672 es.
2758 2618 2888 2673 Nam
2927 2635 3046 2673 cum
3075 2620 3327 2676 derelicta
3373 2624 3554 2676 mundi
3586 2623 3774 2678 militia

2208 2717 2261 2760 te
2291 2708 2540 2760 castrasti
2564 2718 2778 2777 prepter
2805 2725 2965 2778 regna
2988 2710 3265 2769 caelorum.
3284 2713 3410 2779 quid
3431 2712 3594 2776 aliud,
3613 2728 3774 2778 quam

2201 2797 2494 2866 perfectam
2535 2809 2772 2854 sectatus
2802 2815 2860 2854 es
2900 2801 3102 2854 vitam?
3144 2801 3421 2856 Perfectus
3449 2813 3625 2856 autem
3654 2818 3771 2857 ser-

2200 2899 2298 2937 vus
2320 2885 2540 2947 Christi,
2597 2886 2726 2938 nihil
2779 2899 2971 2954 praeter
3006 2888 3278 2941 Christum
3327 2889 3531 2943 habet:
3582 2899 3674 2942 aut
3725 2890 3770 2943 si

2195 2982 2393 3042 prater
2428 2972 2699 3027 Christum
2753 2976 2911 3029 habet
2955 2977 3120 3045 quid,
3171 2975 3441 3044 perfectus
3492 2993 3595 3030 non
3645 2986 3763 3032 est:

2193 3069 2251 3115 et
2280 3060 2323 3114 si
2350 3059 2618 3129 perfectus
2662 3077 2765 3115 non
2799 3073 2900 3126 est,
2949 3079 3070 3117 cum
3111 3080 3168 3119 se
3199 3064 3466 3134 perfectus
3513 3065 3628 3122 fore
3661 3069 3766 3122 Deo

2195 3148 2464 3219 pollicitus
2508 3150 2578 3205 sit
2629 3160 2773 3216 ante,
2830 3153 3086 3207 mentitus
3131 3163 3232 3206 est.
3269 3174 3284 3204 ι
3341 3156 3529 3209 Omnis
3563 3166 3764 3219 autem,

2194 3241 2283 3310 qui
2317 3241 2591 3306 mentitur,
2622 3243 2819 3296 occidit
2856 3244 3087 3296 animam
3131 3244 3281 3313 (ευρ.
3319 3245 3380 3313 ι).
3422 3265 3440 3296 ι

2271 3353 2288 3379 ς
2323 3330 2490 3399 Igitur
2518 3341 2575 3384 ut
2605 3333 2942 3394 concludam,
2971 3334 3013 3385 si
3065 3334 3336 3402 perfectus
3365 3350 3449 3398 es,
3488 3351 3585 3388 cur
3627 3336 3762 3388 bona

3880 2161 4050 2227 Quam
4081 2161 4333 2214 nimirum
4367 2163 4606 2231 regulam
4643 2180 4740 2219 nos
4786 2182 4886 2220 nec
4927 2167 5166 2224 funditus
5193 2172 5361 2236 impio
5396 2184 5449 2222 a-

3880 2265 4020 2312 nius,
4073 2264 4173 2302 nec
4207 2251 4552 2303 autoritatem
4600 2251 4674 2304 illi
4709 2255 4932 2306 omnino
4978 2254 5280 2310 tr.buintus.
5323 2254 5449 2311 Pro-

3878 2341 4067 2394 bamus
4091 2341 4233 2394 enim
4267 2342 4318 2394 in
4347 2352 4608 2409 quantum
4640 2345 4843 2399 sanctis
4864 2346 5114 2401 Ecclesia:
5140 2348 5445 2404 doctoribus

3876 2443 4136 2487 consonat
4169 2451 4182 2486 :
4230 2433 4513 2502 abjicimus
4543 2445 4745 2500 autem,
4794 2447 4955 2505 atque
4995 2440 5359 2507 cenapuimus,
5391 2441 5442 2495 iu

3873 2531 4131 2590 quantum
4161 2523 4490 2578 authenticis
4515 2537 4704 2578 eorum
4742 2524 5169 2581 institutionibus
5194 2542 5299 2582 non
5321 2543 5444 2583 cou-

3874 2610 4083 2664 cordat.

3946 2697 4051 2754 Sed
4095 2700 4208 2770 jam
4249 2701 4361 2770 ipsa
4414 2702 4626 2756 illorum
4682 2703 4864 2773 regula
4913 2706 5211 2761 deducatur
5236 2709 5303 2763 ad
5335 2723 5440 2762 tne-

3873 2789 4044 2853 dium,
4071 2801 4125 2844 et
4170 2801 4350 2845 utrum
4396 2793 4763 2848 indiﬂerenter
4803 2804 4933 2859 tota,
4981 2810 5047 2849 an
5077 2808 5251 2858 caute.
5285 2806 5442 2868 atque

3871 2892 4116 2949 suspecte
4144 2898 4209 2935 ex
4255 2893 4407 2950 parte
4456 2884 4720 2938 duntaxat
4761 2886 4958 2954 suscipi
5001 2886 5214 2952 debeat,
5257 2889 5310 2942 in
5339 2901 5440 2944 una

3869 2971 4058 3024 saltem
4085 2986 4117 3038 p
4155 2972 4333 3040 ginula
4374 2974 4763 3028 discernamus.
4797 2975 4908 3030 lloc
4941 2977 5098 3045 plane
5127 2977 5178 3031 in
5212 2979 5437 3048 quadam

3868 3058 3983 3126 ejus
4013 3063 4262 3127 periocha
4307 3064 4573 3130 reperitur
4607 3081 4618 3114 :
4678 3081 4696 3112 ε
4734 3064 5078 3130 Sanctorum,
5121 3067 5311 3136 inquit,
5341 3067 5440 3122 Pa-

3870 3155 4010 3200 trum
4039 3150 4304 3201 seutentia
4334 3152 4489 3204 docet
4529 3153 4757 3206 clericos
4799 3169 4901 3207 non
4932 3155 5237 3209 divitiarum
5267 3167 5438 3212 secta-

3871 3243 4012 3287 tores
4040 3252 4179 3298 esse,
4224 3252 4321 3290 nec
4356 3253 4441 3292 rcs
4471 3238 4835 3294 Ecclesiarum
4883 3243 5169 3298 inotliciose
5197 3247 5439 3314 accipere

3869 3323 4085 3377 debere.
4117 3324 4217 3390 Qui
4250 3329 4392 3380 enim
4443 3328 4696 3382 Ecclesia:
4743 3331 5000 3394 serviunt,
5047 3344 5101 3386 et
5130 3350 5212 3395 ea,
5243 3335 5436 3402 quibus

2192 3429 2416 3485 paterna
2447 3420 2754 3474 desideras?
2785 3423 2841 3475 Si
2892 3421 3161 3488 perfectus
3202 3440 3305 3476 non
3351 3439 3433 3487 es,
3480 3423 3643 3476 Deum
3681 3423 3760 3477 fe-
3789 3415 3831 3472 C
3861 3429 3995 3480 ουυε
4022 3424 4130 3477 εει,
4175 3432 4280 3469 "On
4340 3418 4570 3482 hami";
4619 3428 4713 3472 ειυῑ
4747 3420 4974 3474 "belli"
5020 3422 5307 3490 aGell-‘l‘ml-
5343 3433 5437 3478 θυι

2191 3504 2392 3560 fellisti.
2437 3507 2643 3562 Divinis
2673 3508 3014 3578 Evangeiium
3044 3511 3264 3566 vocibus
3307 3516 3552 3566 intonat:
3591 3531 3609 3563 t
3646 3512 3760 3567 Non

2188 3598 2413 3664 potestis
2448 3599 2653 3652 duobus
2705 3600 2937 3656 dominis
2980 3604 3182 3656 servire
3233 3603 3448 3670 (Matth.
3481 3606 3593 3673 vt);
3637 3625 3653 3656 ι
3707 3615 3762 3659 et

2188 3690 2348 3742 audet
2374 3691 2654 3759 quisquam
2693 3691 2963 3746 Christum
2997 3694 3306 3748 mendacem
3349 3695 3547 3760 facere,
3597 3697 3762 3750 blam-

2184 3793 2359 3833 tnonte
2395 3790 2449 3833 et
2486 3781 2707 3834 Domino
2741 3784 3054 3836 serviendo?
3097 3784 3432 3838 Vociferatur
3459 3787 3547 3839 ille
3577 3803 3754 3854 smpe:

2191 3883 2210 3918 ι
2249 3868 2301 3920 Si
2327 3868 2448 3935 quis
2476 3869 2586 3920 vult
2614 3879 2862 3946 post_me
2901 3873 3099 3933 venire,
3141 3874 3369 3943 almegct
3411 3877 3754 3943 semetipsum

2183 3957 2306 4018 sibi,
2345 3965 2400 4010 et
2427 3958 2577 4011 tollat
2604 3974 2816 4012 crucem
2844 3977 3014 4024 suam,
3049 3974 3103 4016 et
3130 3973 3386 4031 sequatur
3421 3981 3505 4019 me
3538 3965 3751 4035 (Matth.

2183 4051 2331 4115 an);
2366 4067 2384 4099 ι
2425 4059 2480 4101 et
2518 4065 2617 4117 ego
2651 4063 2874 4106 onustus
2901 4071 3034 4108 auro
3081 4057 3316 4111 arbitror
3350 4073 3435 4111 me
3478 4058 3753 4113 Christum

2183 4137 2374 4202 sequi?
2405 4155 2421 4186 ι
2454 4139 2534 4190 Ad
2583 4138 2935 4210 Nepotianum
2981 4158 3193 4216 quoque
3236 4148 3603 4216 presbyterum
3636 4157 3755 4215 post

2184 4227 2346 4279 multa
2380 4229 2687 4282 subinfert:
2723 4249 2741 4281 ι
2783 4231 2945 4300 Igitur
2984 4221 3234 4297 clericus,
3277 4239 3367 4304 qui
3413 4237 3609 4291 Christi
3647 4254 3753 4292 ser-

2180 4318 2252 4370 vit
2283 4318 2554 4383 Ecclesiaa,
2586 4320 2968 4390 interpretetur
2998 4325 3171 4392 primo
3200 4326 3516 4379 voeabulum
3560 4344 3745 4392 suum;

2180 4417 2234 4461 et
2263 4408 2493 4462 nominis
2535 4410 2846 4464 deiinitione
2895 4415 3137 4481 pr;clata,
3194 4415 3397 4468 nitatur
3443 4432 3561 4471 esse
3609 4422 3748 4486 quod

2180 4499 2396 4552 dicitur.
2426 4500 2481 4553 Si
2524 4501 2667 4554 enim
2699 4503 2876 4574 κλῆρος
2907 4503 3110 4569 Graece,
3156 4505 3343 4560 Latine
3373 4522 3490 4561 sors
3519 4509 3750 4578 appella-

2179 4599 2285 4654 tur,
2318 4604 2595 4660 prepterea
2622 4606 2886 4648 vocantur
2931 4596 3133 4660 clerici,
3177 4597 3300 4666 quia
3348 4598 3413 4652 de
3451 4610 3593 4653 sorte
3622 4610 3747 4654 sunt

2176 4681 2430 4736 lioinini:
2472 4683 2551 4736 vel
2584 4684 2706 4752 quia
2745 4684 2858 4752 ipse
2892 4687 3145 4741 Dominus
3189 4703 3326 4748 sors.
3369 4687 3420 4742 id
3473 4698 3575 4750 est,
3622 4705 3746 4758 pars

3863 3506 4101 3574 exigunt,
4131 3507 4289 3561 nimis
4323 3509 4616 3562 carnaliter
4651 3511 4886 3578 sapiunt.
4919 3510 5196 3580 indignum
5237 3515 5435 3583 quippe

3862 3603 3966 3660 est,
4005 3599 4048 3650 si
4082 3599 4275 3661 fidelis,
4322 3610 4376 3652 et
4403 3614 4629 3669 operesa
4661 3601 4873 3654 devotio
4925 3603 5269 3667 clericorum,
5313 3619 5434 3672 pro-

3861 3697 3980 3756 pter
4006 3687 4330 3755 stipendium
4378 3689 4632 3742 steculare
4684 3691 4912 3758 pnnmia‘
4947 3692 5269 3759 sempiterna
5288 3707 5431 3747 con-

3863 3785 4095 3839 tcmnat;
4148 3786 4204 3828 ut
4231 3777 4374 3843 quod
4409 3777 4662 3844 accipiat,
4688 3779 4808 3830 inde
4849 3779 5110 3832 rationein
5139 3781 5342 3843 reddat,
5376 3793 5435 3836 et

3858 3870 4093 3935 peccatis
4137 3867 4327 3920 alienis
4355 3884 4452 3920 sua
4500 3867 4815 3936 tnultiplicet
4861 3880 5103 3938 peccata.
5157 3871 5304 3926 Unde
5332 3886 5423 3926 nev

3856 3973 4006 4012 cesse
4035 3965 4140 4021 est,
4190 3961 4296 4012 imo
4328 3959 4456 4012 utile
4485 3959 4716 4024 clericis,
4762 3963 4815 4013 in
4865 3961 5243 4016 ecclesiasticis
5285 3965 5430 4017 acci-

3857 4049 4066 4115 piendis
4095 4048 4418 4114 sumptibus,
4463 4062 4617 4100 suum
4648 4049 4817 4102 vitare
4848 4051 5161 4117 perieulum.
5198 4051 5428 4106 Proinde

3857 4145 3962 4187 tam
3987 4135 4052 4188 de
4079 4135 4192 4188 suis
4241 4151 4401 4204 quam
4430 4136 4496 4188 de
4526 4136 4780 4190 Ecclesia:
4809 4136 5144 4192 facultatibus
5169 4156 5269 4193 non
5307 4142 5426 4210 plus

3854 4223 4121 4291 accipiant
4148 4233 4238 4274 aut
4261 4225 4478 4292 exigant
4499 4240 4660 4292 quam
4691 4237 4923 4294 Oportet,
4947 4226 5000 4280 id
5030 4239 5131 4290 est,
5157 4229 5423 4298 accipiant

3851 4315 4050 4376 cibun.,
4084 4325 4138 4366 et
4161 4325 4367 4382 potum,
4397 4326 4448 4368 et
4496 4319 4894 4381 vestimentum,
4952 4330 5006 4372 et
5059 4321 5139 4374 his
5185 4324 5422 4379 contenti

3851 4405 3960 4458 sint
3992 4423 4001 4456 :
4034 4420 4120 4469 ne,
4145 4406 4265 4474 plus
4294 4407 4640 4482 accipientes,
4665 4423 4927 4479 pauperes
4952 4425 5176 4480 gravare
5197 4413 5419 4468 videan-

3852 4502 3936 4546 tur
3965 4510 4066 4547 non
4098 4497 4214 4548 sine
4240 4497 4426 4563 grandi
4453 4507 4713 4564 peccato:
4746 4509 4798 4550 et
4834 4513 4937 4552 non
4987 4501 5251 4568 accipiant
5277 4504 5420 4558 unJe

3848 4600 4046 4654 pauper
4083 4586 4320 4638 victurus
4366 4595 4504 4639 erat.
4545 4605 4562 4636 ι
4596 4587 4735 4641 Ecce
4761 4591 4814 4641 in
4845 4587 4926 4642 his
4967 4591 5142 4642 verbis
5181 4591 5294 4644 haec
5333 4607 5419 4646 re-

3845 4675 3990 4745 gula,
4020 4675 4106 4728 ubi
4134 4675 4342 4728 scilicet
4369 4674 4594 4729 clericos
4619 4677 4738 4728 cibo
4767 4686 4820 4730 et
4849 4687 4996 4745 potu,
5027 4693 5088 4730 ac
5118 4689 5266 4733 veste
5291 4695 5416 4734 con-

2175 4772 2492 4824 clericorum
2520 4750 2619 4827 est.
2649 4771 2716 4827 Et
2743 4750 2868 4842 quia
2894 4774 2975 4827 vel
3005 4776 3116 4842 ipse
3143 4791 3269 4844 pars
3296 4776 3503 4831 Domini
3527 4750 3633 4839 est,
3660 4777 3740 4831 vel
3774 4750 3821 4807 υ
3851 4773 4024 4818 ιυηδυε
4056 4780 4174 4818 ⁸⁵⁵0
4201 4765 4394 4817 debere

3175 4791 3269 4829 ars
3296 4776 3503 4831 Domini
3527 4750 3633 4839 est;
3660 4777 3740 4831 vc]
3774 4750 3821 4807 υ
3851 4773 4024 4818 tentus
4056 4780 4174 4818 esse
4201 4765 4394 4817 debere
4427 4767 4753 4835 promulgat,
4795 4776 4850 4819 et
4890 4767 5182 4829 nobi.cutn.
5211 4781 5412 4823 etcum

2184 4860 2466 4913 hominum
2497 4870 2706 4928 partem
2739 4863 2931 4927 habet,
2963 4865 3121 4917 talem
3170 4879 3227 4917 se
3259 4864 3515 4918 exhibere
3566 4867 3742 4930 debet,

2176 4958 2233 5002 ut
2261 4958 2316 5003 et
2346 4950 2459 5018 ipse
2504 4950 2780 5018 possideat
2814 4951 3118 5014 Dominum,
3164 4962 3219 5005 et
3257 4951 3368 5021 ipse
3412 4955 3745 5022 possideatur

2174 5053 2202 5089 a
2238 5038 2482 5091 Domino.
2509 5037 2610 5104 Qui
2639 5038 2925 5103 ~Dominum
2963 5041 3222 5110 possidet,
3253 5053 3445 5096 etcum
3476 5043 3742 5111 Propheta

2177 5129 2336 5180 dicit:
2369 5146 2388 5177 ‹
2419 5127 2550 5183 Pars
2590 5143 2709 5183 mea
2742 5128 2997 5183 Dominus
3019 5131 3188 5201 (Psai.
3212 5134 3400 5204 Lxxn).
3434 5153 3453 5185 ι
3491 5135 3621 5187 nihil
3651 5151 3742 5189 ex-

2173 5226 2252 5268 tra
2277 5217 2557 5270 Dominum
2585 5218 2784 5274 habere
2817 5230 3012 5288 potest.
3041 5224 3189 5286 Quod
3220 5224 3266 5277 si
3297 5225 3568 5294 quidpiam
3599 5225 3743 5279 aliud

2173 5306 2422 5359 imbuerit
2448 5316 2642 5374 prteter
2668 5309 2966 5372 Dominum,
2999 5327 3123 5380 pars
3152 5313 3265 5379 ejus
3296 5329 3400 5367 non
3422 5315 3526 5368 erit
3556 5314 3741 5367 Domi-

2172 5408 2294 5448 nus.
2331 5392 2488 5448 Verbi
2521 5395 2692 5464 gratia
2723 5412 2738 5448 :
2770 5396 2827 5449 Si
2873 5414 3080 5460 aurum.
3119 5403 3162 5453 si
3195 5411 3494 5470 argentum,
3528 5403 3572 5456 si
3613 5409 3741 5471 pos-

2171 5485 2458 5549 sessiones,
2485 5485 2532 5539 si
2571 5485 2775 5539 variam
2826 5487 3245 5556 supellectilem,
3277 5509 3397 5546 cum
3436 5494 3557 5546 istis
3581 5493 3744 5562 parti-

2173 5572 2271 5627 bus
2311 5576 2563 5630 Dominus
2588 5592 2714 5645 pars
2739 5579 2856 5647 ejus
2895 5579 3007 5634 ﬁeri
3037 5596 3140 5636 non
3173 5583 3438 5651 dignatur.
3467 5585 3523 5640 Si
3553 5595 3733 5639 autem

2172 5662 2334 5733 487
2366 5677 2464 5731 ego
2488 5678 2612 5736 pars
2638 5666 2847 5721 Domini
2881 5683 3020 5730 sum,
3055 5679 3109 5722 et
3149 5669 3416 5726 fitniculus
3452 5675 3734 5728 haeredita-

2175 5753 2242 5804 tis
2271 5752 2410 5819 ejus,
2444 5765 2543 5805 nec
2584 5753 2786 5822 accipio
2836 5764 3014 5824 partes
3061 5756 3112 5810 in
3155 5767 3378 5813 caeteras
3417 5760 3607 5824 tribus,
3638 5763 3734 5815 sed

2173 5842 2321 5908 ψηιεί
2351 5839 2529 5902 levita.
2562 5850 2619 5898 et
2658 5841 2906 5900 sacerdos
2942 5848 3063 5901 vivo
3107 5849 3172 5903 de
3207 5849 3452 5914 decimis,
3478 5860 3530 5906 et
3576 5852 3734 5906 altari

2174 5929 2433 5984 serviens.
2457 5928 2642 5987 altaris
2675 5930 2943 5992 oblatione
2969 5943 3264 6006 sustentor,
3303 5936 3506 5995 habens
3536 5940 3736 5997 victum

3847 4857 4011 4908 totius
4038 4855 4289 4908 Ecclesia:
4329 4858 4650 4910 auctoritate
4691 4859 5000 4911 concordat.
5045 4856 5192 4922 Quod
5233 4869 5412 4914 autem

3844 4946 3988 4998 illico
4013 4945 4281 5011 sequitur,
4328 4960 4551 5012 prorsus
4580 4947 4891 5010 absurdum,
4921 4948 5154 5016 ineptum
5179 4951 5410 5014 videtur,

3844 5052 3907 5089 ac
3947 5035 4193 5090 frivolum
4232 5054 4244 5090 :
4285 5055 4303 5088 t
4358 5038 4395 5090 Ii
4445 5053 4594 5102 vero,
4627 5039 4816 5106 inquit,
4850 5041 4940 5108 qui
4986 5057 5082 5095 nec
5107 5043 5219 5094 suis
5252 5043 5413 5097 rebus

3845 5125 4150 5188 abundant,
4212 5141 4312 5181 nec
4361 5126 4613 5181 Ecclesia!
4666 5128 4865 5183 habent
4916 5130 5300 5198 possessiones,
5355 5142 5414 5186 et

3845 5232 4089 5286 magnam
4141 5218 4427 5271 utilitatem
4480 5220 4733 5272 Ecclesia:
4781 5218 5085 5282 cooferunt,
5142 5223 5410 5289 accipiant

3839 5307 3892 5359 in
3920 5309 4174 5361 canonica
4207 5309 4626 5377 congregatione
4667 5309 4887 5372 victum,
4918 5319 4974 5362 et
5009 5310 5407 5369 vestimentum.

3838 5407 3890 5448 et
3920 5396 4384 5467 eleemosynarum
4415 5406 4618 5467 partes.
4657 5417 4675 5451 ι
4710 5397 4844 5464 Quia
4875 5397 4943 5451 de
4974 5399 5170 5452 talibus
5193 5399 5242 5451 in
5268 5399 5412 5451 libro

3837 5486 4087 5556 Prosperi
4121 5491 4354 5543 dicitur:
4386 5507 4403 5537 ι
4447 5488 4662 5552 Clerici,
4694 5506 4828 5558 quos
4858 5491 5120 5552 voluntas,
5152 5498 5243 5542 aut
5264 5496 5412 5543 nati-

3837 5579 3973 5630 vitas
3996 5593 4260 5647 pauperes
4283 5575 4428 5641 fet-it,
4457 5579 4506 5631 in
4525 5581 4936 5647 congregatione
4965 5580 5201 5631 viventes
5225 5593 5412 5633 neces-

3839 5670 3976 5721 saria
4001 5669 4169 5742 488
4199 5669 4321 5722 vita:
4348 5670 4632 5737 accipiant.
4671 5688 4688 5720 ι
4716 5669 4869 5722 Prius
4906 5669 5082 5736 itaque
5103 5671 5190 5722 dat
5215 5670 5410 5723 victum

3839 5770 3892 5811 et
3921 5761 4322 5823 vestimentum,
4360 5759 4552 5812 deinde
4588 5759 4845 5814 divisores
4873 5760 5148 5814 constituit
5177 5758 5409 5812 cleemo-

3841 5862 4113 5916 syuarum.
4146 5849 4274 5900 illud
4320 5849 4524 5901 scilicet
4568 5848 4634 5900 ad
4683 5850 5041 5903 necessarium
5084 5850 5206 5902 vita-
5240 5848 5413 5902 subsi-

3843 5939 4018 6007 dium,
4055 5939 4153 5993 boc
4185 5939 4251 5994 ad
4280 5938 4664 5993 infurciendazn
4703 5941 5006 6010 congeriem
5053 5937 5409 5994 Sicculorum.
