5664 6626
738 415 836 483 "tss

1254 421 1500 478 'OPUSC.
1539 417 1724 474 XXIV.
1751 446 1820 458 -—
1859 411 2139 470 CONTRA
2177 407 2520 467 (ΣΗ-381005
2552 407 2810 463 RECUL.
2843 372 3418 462 PROPRIETABIOS.

3881 397 3990 455 ιεσ

723 539 859 594 illud
890 545 944 591 ut
986 533 1338 604 corporaliter
1383 532 1586 594 vivant,
1629 529 1732 582 hoc
1774 535 1834 580 ut
1878 535 2094 579 aeterna:
2141 520 2300 574 morti
2335 527 2376 582 Α
2409 519 2621 572 vivendi
2649 518 2896 572 ordinem
2942 519 3042 572 sub
3072 514 3332 604 apostolis
3376 513 3590 604 novitcr
3612 509 3680 565 ad
3709 509 3872 604 (idem
3908 523 3999 604 vo-

735 629 973 702 pabttlum
1014 627 1268 681 nutriant.

799 717 1194 774 Cousideranda
1223 721 1351 767 sunt
1371 713 1534 766 etiam
1567 712 1680 780 ipsa
1706 707 2028 778 reptantium
2059 711 2303 773 portenta

727 807 1028 868 verborum,
1059 814 1112 858 et
1153 802 1516 873 ignominiosa:
1555 811 1717 868 atque
1744 796 1992 853 confusae
2017 793 2304 848 locutionis

731 896 1087 965 opprobrium.
1116 891 1246 945 Nam
1279 906 1399 944 cum
1431 889 1800 959 pramisisset,
1832 895 1891 941 ut
1919 885 2105 940 clerici
2137 879 2304 938 susci-

727 994 908 1054 pereat
931 999 1055 1038 cum
1080 982 1223 1036 victu
1255 991 1309 1034 et
1339 981 1531 1034 vestitu
1578 980 1743 1034 etiam
1787 986 1968 1047 partes
2001 976 2301 1044 eleemosy-

727 1089 940 1138 narum;
967 1073 1124 1142 quasi
1161 1073 1335 1142 reddit
1361 1086 1584 1126 causam
1619 1085 1788 1138 quare
1816 1070 1916 1124 hoc
1943 1087 1954 1121 :
1982 1069 2107 1137 quia
2133 1067 2299 1122 deta-

725 1164 1092 1235 libus,liuquit,
1116 1162 1324 1218 in'libro
1335 1161 1594 1232 Prosperi
1618 1161 1820 1216 dicitur
1848 1178 1860 1215 :
1883 1180 1901 1210 ι
1921 1159 2138 1224 Clerici,
2160 1174 2300 1229 quos

725 1255 959 1311 voluntas
995 1263 1092 1309 aut
1124 1253 1376 1308 nativitas
1407 1266 1674 1322 pauperes
1721 1251 1872 1315 fecit,
1900 1251 1967 1304 'in
1997 1252 2298 1320 congrega-

722 1346 860 1401 tione
881 1345 1138 1406 viventes,
1168 1341 1475 1397 necessaria
1510 1328 1638 1395 vita
1665 1340 1955 1409 accipiant.
1988 1359 2008 1392 ο

787 1437 902 1503 Dic,
942 1437 1203 1492 Tullianae
1241 1434 1580 1490 reformator
1611 1433 1970 1504 eloquentia,
2022 1431 2130 1494 dic.
2160 1445 2299 1486 nove

719 1528 1122 1590 Demosthenes,
1151 1526 1275 1596 quia
1298 1514 1428 1580 dicit
1468 1523 1720 1596 Prosper,
1748 1531 1807 1577 ut
1833 1523 2017 1577 clerici
2049 1535 2299 1577 necessa-

717 1617 793 1670 ria
825 1618 942 1673 vita:
969 1617 1289 1687 percipiant,
1341 1614 1542 1668 idcirco
1583 1610 1832 1683 praecipit
1875 1619 1933 1666 ut
1965 1620 2164 1681 praeter
2220 1610 2296 1664 vi-

714 1714 830 1759 ctus
870 1714 924 1761 et
975 1707 1334 1768 vestimenta,
1387 1719 1482 1772 per
1529 1701 1766 1772 singulas
1821 1703 1985 1757 etiam
2034 1717 2297 1771 personas

709 1793 1078 1866 cleemosynas
1105 1790 1476 1848 dividattt‘HJt
1511 1793 1664 1862 juxta
1687 1801 1844 1847 tuam
1886 1792 2296 1861 interpretatio-

2407 609 2568 662 niens
2603 607 2819 662 tenebat
2848 607 3084 661 Ecclesia
3118 625 3129 658 :
3165 623 3192 656 -t
3216 602 3592 664 Multitudinis,
3638 609 3694 655 ut
3728 599 3901 655 Lucas
3925 599 4004 655 ait

2407 696 2546 765 (Act.
2601 696 2711 759 tv),
2760 695 3097 749 credentium
3145 702 3263 746 erat
3317 706 3414 745 cor
3469 705 3659 752 unum,
3711 697 3766 741 et
3814 687 3998 743 anima

2405 800 2531 848 una,
2566 775 2665 839 nec
2690 785 2978 853 quisquam
3017 797 3239 845 eorum,
3272 796 3392 850 qure
3424 779 3732 848 possidebat
3767 777 3998 847 aliquid,

2404 887 2560 926 suum
2599 887 2720 927 esse
2759 874 3010 929 dicebat:
3060 872 3154 926 sed
3194 877 3359 924 erant
3407 868 3513 922 illis
3544 867 3722 921 omnia
3751 881 3995 920 comunt-

2404 962 2549 1014 nia.»
2583 962 2724 1016 Ecce
2762 963 2850 1017 ubi
2898 976 3003 1016 non
3053 970 3171 1016 erat
3215 959 3508 1014 diversitas
3541 973 3755 1022 rerum,
3783 959 4002 1041 vigebat

2405 1053 2588 1107 unitas
2639 1053 3002 1108 vo‘lunta‘tum.
3058 1052 3324 1106 Nimirum
3378 1052 3467 1104 ubi
3519 1065 3624 1104 non
3667 1059 3751 1104 est
3804 1049 4001 1103 divisio

2403 1156 2621 1206 census,
2654 1143 2706 1196 itt
2740 1144 2996 1198 unionem
3026 1143 3317 1198 charitatis
3344 1141 3698 1210 plurimarum
3733 1140 3998 1194 mentium

2401 1232 2672 1289 conﬂatur
2729 1233 2975 1289 affectus.
3022 1234 3135 1288 Illic
3165 1233 3309 1288 enim
3346 1247 3497 1286 mens
3527 1247 3557 1284 a
3591 1239 3771 1284 mente
3799 1228 3999 1284 dividi-

2403 1332 2509 1386 tur,
2543 1323 2635 1377 ubi
2681 1323 3002 1378 facultatum
3032 1322 3348 1380 comnmuio
3372 1336 3478 1375 non
3508 1328 3722 1376 tenetur
3751 1338 3768 1372 :
3821 1330 3876 1373 et
3906 1319 3998 1373 tthi

2400 1413 2804 1481 possessionum
2829 1414 3042 1471 diversa
3070 1414 3396 1483 proprietas,
3421 1411 3511 1466 ubi
3539 1426 3691 1466 tuens
3714 1410 4000 1480 possiden-

2403 1503 2537 1555 tium
2591 1517 2697 1561 non
2725 1512 2810 1557 est
2839 1516 2968 1557 una.
3019 1504 3089 1558 At
3139 1504 3228 1558 ubi
3278 1503 3686 1557 circumstantia
3743 1501 4000 1570 qualibet

2400 1593 2762 1646 communiter
2795 1595 3162 1663 possidentur,
3192 1594 3530 1649 diversorum
3563 1604 3774 1647 mentes
3804 1591 3856 1645 in
3887 1607 3994 1648 una

2399 1680 2677 1737 voluntate
2723 1694 3095 1740 concurrunt:
3142 1686 3269 1754 quia
3313 1684 3456 1740 unde
3498 1683 3737 1738 invicem
3782 1683 3997 1753 litigare

2399 1769 2598 1824 debent
2627 1787 2732 1827 non
2762 1772 3062 1827 inveniunt.
3105 1773 3374 1843 Quisquis
3420 1788 3552 1842 ergo
3594 1772 3827 1826 clericus
3867 1787 3996 1842 pro-

712 1898 850 1950 nem,
882 1859 1190 1939 necessaria
1216 1884 1337 1938 vita:
1363 1859 1660 1951 suscipere,
1691 1883 1794 1936 hoc
1821 1883 1910 1945 sit,
1943 1859 2088 1936 victu
2110 1891 2294 1936 veste-
2324 1885 2368 1946 Β
2398 1859 2907 1951 Ρτίέηίίέτοθδιυτ
2951 1862 3152 1918 "amre
3195 1863 3486 1934 l‘ewliumv
3526 1878 3636 1916 ⁸³⁸⁸³
3667 1861 3814 1916 "'8‘
3860 1877 3996 1932 “90"

711 1964 814 2041 que
849 1975 1138 2043 perceptis,
1182 1973 1552 2044 eleemosyuas
1581 1970 1902 2039 dispertire?
1943 1970 2114 2036 Quam
2153 1970 2292 2025 bene

708 2058 908 2115 faciunt
952 2061 1158 2127 clerici,
1194 2061 1283 2130 qui
1328 2070 1381 2115 te
1430 2061 1714 2130 praeconiis
1755 2057 2008 2125 oderunt,
2047 2061 2138 2130 qui
2181 2070 2289 2114 tam

706 2152 886 2215 gravia
914 2159 1080 2220 atque
1103 2150 1461 2220 importabilia
1501 2159 1604 2204 tua:
1629 2150 1760 2219 legis
1806 2149 1982 2203 edicta
2025 2149 2161 2204 latis
2183 2150 2292 2204 vis-

691 2238 912 2293 ceribus
956 2239 1387 2316 amplectuntur'l
1443 2238 1509 2292 Et
1545 2253 1744 2292 revera
1777 2239 1912 2292 satis
1941 2238 2125 2309 gravia
2166 2246 2293 2292 sunt

705 2334 758 2378 et
799 2325 1182 2396 importabilia,
1226 2342 1345 2396 qua:
1399 2326 1734 2397 promulgas,
1774 2341 1910 2380 cunt
1961 2342 1992 2379 a
2049 2327 2295 2381 maximo

693 2428 868 2483 usque
901 2418 971 2472 ad
1018 2417 1342 2481 minimum;
1379 2417 1429 2470 id
1476 2425 1590 2479 est,
1622 2416 1784 2471 etiam
1827 2415 1878 2470 si
1923 2416 2151 2470 duorum
2204 2416 2290 2470 vel

692 2502 862 2559 trium
889 2505 962 2558 sit
988 2520 1255 2560 annorum
1287 2505 1340 2559 in
1377 2504 1524 2560 clero
1553 2504 1855 2574 ,pueru’lus;
1908 2505 2144 2573 quinque
2185 2504 2288 2559 sibi

705 2590 868 2650 libras
910 2596 1022 2651 vini
1065 2602 1122 2652 ει
1168 2605 1402 2665 quatuor
1433 2596 1618 2664 panis,
1648 2604 1708 2648 ut
1749 2611 1856 2649 non
1909 2595 1976 2649 ad
2003 2594 2286 2660 vomitum,

699 2681 791 2738 sed
833 2685 898 2739 ad
942 2686 1406 2742 exenterationem
1449 2685 1720 2757 repleatur
1763 2687 2093 2742 accumulas.
2123 2687 2190 2741 Et
2227 2697 2288 2742 ut

704 2771 854 2841 plena
882 2775 1227 2832 discretionis
1250 2785 1354 2830 tute
1376 2776 1546 2830 virtus
1572 2785 1850 2846 appareat,
1877 2777 1982 2830 hoc
2011 2777 2280 2849 pmcipis,

697 2871 758 2916 ut
778 2865 942 2924 etiam
969 2866 1015 2921 si
1052 2865 1220 2920 semel
1250 2865 1303 2920 in
1338 2866 1423 2920 die
1453 2866 1714 2931 reficitur,
1745 2867 1860 2921 haec
1885 2868 2044 2936 panis
2081 2877 2136 2922 et
2175 2867 2284 2922 vini

696 2967 944 3010 mensura
973 2957 1284 3011 nullatenus
1313 2956 1613 3021 minuatur;
1648 2965 1706 3011 ut
1731 2957 1776 3012 si
1791 2956 1946 3024 juxta
1971 2956 2284 3014 sobrietatis

697 3053 796 3098 tua:
841 3056 1044 3102 metam
1099 3047 1407 3102 refectionis
1461 3047 1614 3100 frena
1674 3046 1959 3111 laxentur,
2008 3062 2117 3101 non
2165 3045 2280 3116 jam

695 3145 924 3202 ructare,
967 3139 1064 3193 sed
1103 3153 1329 3209 crepare
1368 3148 1580 3202 vcntcr,
1629 3145 1682 3192 et
1726 3137 1814 3191 ilia
1864 3137 2277 3208 compellantur.

2396 1950 2660 2005 stolarum
2708 1961 2895 2006 tenere
2938 1952 3205 2023 vestigia:
3263 1953 3389 2022 quia
3434 1969 3542 2006 non
3582 1953 3689 2007 erit
3736 1952 3810 2006 illi
3863 1958 3991 2009 cum

2395 2043 2655 2100 fratribus
2682 2061 2778 2101 cor
2813 2063 2978 2102 unum
3028 2056 3085 2103 et
3111 2031 3294 2102 anima
3327 2065 3454 2103 ttna.
3481 2047 3622 2104 Cum
3649 2048 3786 2104 Juda
3815 2050 3990 2120 siqui-

2393 2136 2514 2191 dem
2557 2136 2970 2208 loculos,'atque
2999 2141 3285 2209 pecuniam
3330 2140 3530 2196 habere
3558 2149 3763 2210 potest,
3796 2141 3992 2196 uitaui.

2393 2227 2634 2282 mitatetn
2667 2244 2798 2284 vero
2830 2245 3130 2301 puramque
3174 2231 3523 2286 concordiam
3563 2246 3686 2286 cum
3710 2233 3990 2300 Apostolis

2393 2317 2596 2373 habere
2628 2308 2733 2374 non
2769 2330 2948 2390 potest
2996 2322 3178 2391 (Joan.
3212 2324 3334 2392 xu).
3366 2321 3442 2376 De
3473 2338 3705 2390 quorum
3732 2323 3989 2380 videlicet

2401 2405 2585 2482 regula
2614 2411 2667 2464 in
2693 2425 2882 2465 eorum
2926 2411 3150 2467 Actibus
3175 2412 3380 2483 legitur
3407 2431 3419 2466 :
3457 2412 3630 2480 .Quia,
3671 2431 3690 2464 ί
3716 2423 3985 2484 quotquot

2390 2517 2732 2570 possessores
2763 2519 3041 2576 agrorum.
3074 2516 3168 2558 aut
3198 2507 3484 2559 domorum
3527 2513 3708 2569 erant,
3736 2505 3981 2570 venden-

2391 2599 2473 2645 tes
2499 2591 2797 2648 atferebant
2827 2593 2999 2664 pretia
3029 2588 3217 2648 eorum
3238 2636 3254 2661 ,
3303 2609 3425 2664 quae
3472 2595 3779 2650 vendebant
3805 2603 3857 2649 et
3887 2609 3988 2666 po-

2390 2680 2586 2736 nebant
2611 2691 2737 2737 ante
2766 2684 2929 2752 pedes
2953 2685 3323 2754 apostolon
3347 2685 3485 2754 (Act.
3517 2684 3592 2754 tv)
3619 2698 3634 2737 :
3668 2701 3688 2736 ι
3734 2682 3824 2738 ubi
3853 2701 3976 2741 mox

2388 2771 2644 2827 additur:
2683 2793 2700 2826 t
2727 2773 3078 2830 Dividebatur
3107 2786 3291 2831 autem
3318 2775 3569 2848 singulis,
3595 2783 3756 2846 prcut
3780 2775 3980 2847 cuique

2386 2877 2522 2932 opus
2556 2873 2675 2918 erat
2701 2863 2910 2934 (Ibid)
2946 2883 2966 2915 ι
3766 2872 3772 2877 ‘

2457 2949 2566 3014 Sed
2597 2967 2698 3022 age
2724 2953 2859 3022 jam,
2889 2953 3121 3019 clerice,
3165 2955 3257 3025 qui
3300 2955 3655 3011 recondenda!
3690 2955 3786 3010 tibi
3815 2971 3983 3026 pecu-

2386 3041 2490 3096 nia:
2521 3043 2797 3097 licentiam
2824 3045 3086 3110 vindicas,
3115 3046 3205 3114 qui
3223 3044 3314 3113 jus
3343 3045 3602 3101 habenda:
3626 3048 3977 3116 proprietatis

2385 3146 2639 3200 usurpas,
2669 3133 2958 3202 responde,
2996 3151 3213 3205 quaso.
3245 3138 3414 3212 cujus.
3432 3146 3560 3190 sunt
3593 3137 3881 3193 facultates
3904 3152 3973 3193 ex

691 3220 851 3280 Plane
876 3237 1074 3296 praeter
1121 3227 1406 3282 nonnullas
1451 3237 1759 3281 sanctorum
1800 3224 2021 3281 Patrum
2056 3236 2277 3281 senten-
2304 3226 2353 3287 C
2385 3221 2582 3288 quibus
2632 3223 2728 3276 tibi
2775 3223 2900 3278 licet
2946 3225 3148 3278 habere
3183 3225 3500 3294 peculium?
3547 3225 3676 3281 Tua:
3721 3225 3978 3282 videlicet

691 3314 806 3378 tias,
830 3332 951 3386 quae
979 3319 1033 3373 in
1063 3319 1251 3374 eodem
1291 3318 1469 3374 libello
1518 3319 1882 3387 reperiuntur,
1923 3320 2167 3388 apposite
2203 3319 2272 3374 de

690 3415 882 3461 cetero
912 3407 1056 3462 sicut
1091 3407 1142 3462 itt
1174 3407 1370 3463 litteris
1397 3406 1568 3478 stylus
1603 3409 1790 3462 horret
1817 3408 2073 3473 incultus,
2112 3409 2191 3463 sic
2215 3408 2272 3464 in

689 3492 953 3564 plerisque
994 3499 1278 3553 sententiis
1319 3499 1506 3554 devius
1543 3498 1897 3569 corrigendus
1938 3508 2022 3554 est
2065 3499 2273 3554 intelle-

685 3590 817 3638 ctus.
849 3584 1087 3642 Nescivit
1127 3588 1269 3642 enim
1297 3589 1537 3643 invenire
1566 3589 1708 3657 quod
1731 3588 2015 3654 scriberet,
2044 3589 2273 3644 nescivit

686 3672 915 3728 scribere
967 3676 1014 3730 si
1069 3691 1206 3744 quas
1252 3677 1415 3732 etiam
1470 3679 1698 3748 ineptias
1765 3677 2076 3734 invenisset.
2131 3679 2270 3734 Istos

684 3769 862 3814 autaut
895 3761 1060 3817 flores
1095 3763 1438 3835 eloquentiae,
1476 3769 1568 3837 qui
1611 3767 1848 3837 spinosis
1882 3768 2124 3824 moribus
2169 3769 2268 3823 ad-

683 3861 966 3910 versantur
1000 3854 1383 3911 ecclesiasticte
1409 3857 1728 3927 disciplinas.

1294 3947 1522 4004 CAPUT
1561 3949 1648 4004 IV.

1163 4036 1435 4092 Convincit
1467 4041 1780 4096 rationibus.
2232 4092 2239 4098 .

743 4123 1036 4196 Enimvero
1061 4143 1183 4183 cum
1223 4130 1394 4184 sancti
1429 4130 1617 4187 Patres
1661 4133 1713 4186 in
1752 4134 2024 4191 clericalis
2069 4141 2262 4208 peculii

677 4216 1120 4272 condemnatione
1161 4234 1264 4273 non
1295 4219 1595 4286 dissonent,
1639 4225 1731 4277 sed
1762 4225 1814 4278 in
1857 4227 2103 4282 districte
2133 4246 2261 4298 pro-

676 4299 901 4359 hibenda
935 4320 1001 4360 ac
1044 4305 1282 4361 funditus
1323 4307 1612 4364 auferenda
1647 4312 1860 4368 clericis
1892 4319 2115 4385 pecunia
2152 4335 2261 4373 uno

675 4391 883 4460 spiritu.
914 4411 1024 4449 uno
1051 4396 1208 4450 simul
1240 4412 1333 4452 ore
1367 4402 1723 4466 concordent;
1760 4405 1900 4457 unde
1936 4415 2112 4460 tamen
2145 4407 2260 4463 hzec

673 4480 968 4550 hauserint,
1000 4488 1322 4542 accedamus
1353 4490 1419 4542 ad
1451 4489 1676 4552 fontem,
1711 4504 1763 4546 et
1803 4494 2116 4564 proﬂuentis
2154 4499 2254 4551 rivi

2377 3319 2545 3375 sunt,
2595 3327 2664 3367 an
2707 3314 2998 3369 Ecclesiae?
3026 3315 3130 3369 Sed
3172 3317 3218 3369 si
3261 3325 3378 3370 tuas
3410 3315 3503 3369 tibi
3544 3316 3671 3370 licet
3706 3331 3977 3387 usurpare

2372 3403 2654 3472 pecunias,
2683 3405 2956 3472 quomodo
2982 3405 3209 3473 posuisti
3256 3419 3352 3459 eas
3392 3406 3458 3459 ad
3492 3407 3659 3474 pedes
3685 3406 3968 3474 apostolo-

2373 3494 2537 3547 rum?
2569 3493 2625 3548 Si
2654 3495 2912 3550 Ecclesia:
2943 3495 3082 3550 bona
3111 3491 3258 3554 suftt.
3281 3513 3402 3565 qua:
3433 3497 3704 3562 recondis,
3729 3512 3827 3551 cur
3843 3512 3972 3567 pro-

2370 3584 2488 3651 pria
2533 3586 2950 3654 contempsisti?
2999 3585 3171 3639 Porro
3215 3587 3260 3639 si
3309 3586 3437 3654 quid
3492 3587 3590 3642 tibi
3627 3589 3695 3642 de
3726 3589 3964 3658 propriis

2371 3677 2684 3740 resen'asti,
2711 3677 2834 3730 audi
2859 3676 3176 3745 Apostolum
3209 3676 3530 3731 terribiliter
3551 3678 3963 3749 objurgantem:

2375 3782 2392 3814 t
2424 3763 2552 3827 Cur,
2596 3764 2792 3830 inquit,
2835 3766 3065 3818 tentavit
3108 3764 3341 3820 Satanas
3391 3762 3487 3819 cor
3526 3777 3694 3830 tuum,
3744 3769 3963 3825 mentiri

2370 3863 2421 3907 te
2471 3854 2695 3922 Spiritui
2755 3866 2980 3916 sancto,
3032 3865 3089 3908 ut
3141 3853 3428 3910 fraudares
3477 3857 3764 3926 depretio
3802 3859 3968 3924 agri?

2367 3943 2556 3998 Nonne
2593 3961 2818 3999 mancus
2851 3945 2947 3999 tibi
2977 3948 3253 4011 manebat,
3289 3956 3342 4002 et
3369 3950 3754 4003 venutndatum
3785 3950 3837 4004 in
3870 3961 3962 4006 tua

2366 4045 2488 4087 erat
2533 4037 2836 4101 potestate?
2887 4035 3066 4102 Quare
3115 4037 3342 4106 posuisti
3391 4038 3442 4090 itt
3495 4039 3656 4092 corde
3688 4047 3781 4093 tuo
3822 4041 3963 4095 hanc

2368 4139 2480 4176 rem
2506 4124 2528 4174 ζ’
2578 4121 2692 4176 Non
2725 4139 2783 4177 cs
2809 4126 3070 4179 mentitus
3098 4125 3426 4189 hominibus,
3451 4127 3545 4190 sed
3575 4127 3684 4181 Deo
3709 4127 3956 4198 (Ibid);

2366 4214 2516 4280 Quod
2543 4217 2584 4270 si
2621 4233 2724 4270 non
2759 4221 2972 4286 propria
3001 4222 3298 4290 possidere,
3331 4222 3423 4275 scd
3459 4222 3711 4276 Ecclesia:
3741 4224 3962 4279 conaris

2366 4306 2502 4360 bona
2548 4306 2809 4373 divide:e,
2845 4324 2964 4377 qua:
3013 4310 3224 4364 scilicet
3269 4311 3574 4364 communis
3601 4320 3684 4364 est
3713 4311 3804 4364 tibi
3833 4327 3958 4368 cunt

2363 4396 2624 4452 fratribus
2650 4415 2663 4464 ;
2698 4402 2783 4454 tzic
2811 4417 2963 4471 ergo.
2990 4402 3117 4456 Jesu
3142 4404 3422 4474 magister,
3454 4404 3537 4458 dic
3567 4404 3722 4458 fratri
3747 4419 3866 4460 meo
3898 4415 3958 4462 ut

2364 4490 2566 4543 dividat
2591 4507 2798 4546 tne-curn
2833 4494 3230 4548 hereditatem.
3696 4497 3702 4508 ”

671 4572 1022 4644 principalem
1047 4587 1350 4646 repetamus
1371 4580 1651 4650 originem.
1682 4561 2072 4655 thttanquam
2099 4591 2253 4645 nefas
2290 4561 2333 4616 υ
2434 4581 2497 4633 El
2554 4585 2848 4637 ηοεσιηάιιηι
2877 4627 2892 4650 ν

1713 4561 2253 4655 :tqnanquamneras
2290 4561 2333 4616 υ
2434 4581 2497 4633 Et
2554 4585 2892 4650 nomadum,
2959 4586 3102 4654 quod
3167 4586 3497 4656 evangelista
3565 4590 3950 4657 prtemiserat:

670 4659 738 4715 sit
774 4662 842 4717 de
881 4675 1156 4720 tantorum
1201 4668 1440 4722 virorum
1485 4671 1762 4740 disputare
1809 4679 2096 4742 sententia,
2145 4696 2250 4734 non

669 4761 950 4806 vereamur
981 4763 1159 4832 tamen
1195 4771 1404 4820 eorum,
1451 4758 1552 4813 hoc
1584 4771 1688 4825 est,
1739 4765 2122 4832 magistrorum
2153 4785 2250 4822 no-

668 4848 900 4896 strorunt
947 4843 1102 4898 adire
1151 4845 1421 4910 doctores,
1458 4858 1516 4902 ttt
1564 4851 1768 4904 abillis
1811 4855 1975 4907 etiam
2011 4871 2108 4911 nos
2141 4873 2251 4911 tuc-

667 4943 879 4985 rcamur
928 4933 1145 4998 instrui,
1190 4950 1220 4988 a
1266 4936 1461 5005 quibus
1509 4948 1563 4991 et
1615 4941 1781 4994 nostri
1832 4953 1958 4995 sunt
2002 4945 2250 5002 doctores

666 5018 910 5079 instructi
929 5063 944 5088 ,
972 5036 1240 5093 quatenus
1277 5027 1402 5080 dum
1433 5025 1552 5082 fons
1576 5031 1810 5097 patuerit
1841 5034 1978 5085 unde
2000 5035 2250 5102 puritatis

665 5113 804 5170 rivus
857 5116 1151 5181 oboritur,
1215 5119 1468 5173 fredantis
1511 5129 1565 5174 et
1627 5121 1964 5190 obloquentis
2008 5127 2248 5182 audacia:

665 5207 942 5260 temeritas
969 5206 1261 5262 refellatur.
1303 5209 1522 5264 Constat
1564 5209 1764 5284 itaque,
1804 5223 1855 5266 et
1903 5215 2244 5282 perspicuum

661 5302 758 5357 est,
798 5285 944 5365 quod
988 5300 1375 5353 canonicorutn
1420 5299 1600 5368 regula
1661 5300 1727 5353 ab
1773 5303 2077 5372 apostolica:
2120 5305 2244 5359 vita:

663 5396 844 5450 norma
890 5382 1199 5455 prodierit;
1238 5398 1290 5441 et
1327 5389 1452 5441 dum
1500 5390 1796 5456 spiritualis
1835 5393 2064 5461 quisque
2113 5411 2243 5449 con-

662 5480 844 5526 ventus
870 5484 1081 5528 rectam
1116 5477 1196 5528 sui
1234 5476 1401 5546 489
1442 5488 1583 5532 tenet
1633 5481 1838 5535 ordinis
1877 5483 2238 5552 disciplinam,

661 5568 893 5614 teneram
945 5564 1347 5639 quodammodo
1393 5568 1640 5623 laetantis
1687 5570 1942 5627 Ecclesia:
1998 5574 2238 5630 itttitatur

658 5646 954 5703 infantiam.

720 5732 1022 5796 Audiamus
1085 5756 1210 5814 ergo
1264 5760 1423 5813 qnam
1499 5750 2007 5819 convcrsatiouem,
2071 5769 2231 5826 quem

2365 4689 2381 4719 ι
2405 4671 2493 4722 Ait
2525 4671 2744 4739 quidam
2771 4674 2820 4727 ei
2851 4674 2915 4728 de
2947 4675 3101 4728 turba
3146 4674 3298 4742 (Luc.
3326 4678 3480 4744 κιο.»
3523 4677 3601 4730 Tu
3631 4678 3812 4747 itaque
3843 4694 3951 4736 non

2361 4773 2419 4811 ut
2443 4760 2627 4825 levita,
2673 4761 2752 4815 vel
2797 4763 3049 4827 clericus,
3082 4764 3174 4816 sed
3205 4773 3263 4816 ttt
3286 4763 3355 4817 de
3387 4765 3541 4818 turha
3573 4766 3808 4834 vulgaris
3835 4807 3848 4829 .
3893 4774 3954 4821 et

2357 4846 2544 4909 laicus.
2578 4864 2703 4918 roga
2731 4849 2936 4915 Jcsum,
2987 4859 3044 4904 ut
3097 4851 3189 4906 tibi
3239 4867 3362 4906 cum
3410 4852 3578 4908 fratre
3627 4863 3718 4908 tuo
3752 4853 3947 4922 jubeat

2356 4937 2722 4992 hmreditatem
2769 4939 2956 5010 dividi.
3003 4939 3101 4994 Cui
3147 4942 3394 5010 protinus
3442 4942 3530 4996 ille
3575 4945 3944 5012 respondeat:

2360 5045 2377 5076 ι
2407 5026 2596 5092 Homo,
2623 5030 2744 5098 quis
2769 5045 2856 5083 me
2883 5031 3168 5085 constituit
3207 5032 3444 5102 judicent
3465 5073 3478 5094 ,
3512 5042 3605 5086 aut
3649 5034 3944 5092 divisorem

2352 5136 2516 5189 super
2541 5123 2670 5176 vos?
2691 5121 2881 5192 (lbid.)
2906 5141 2924 5173 ›
2969 5122 3201 5192 Moxque
3231 5124 3524 5194 subjungat
3548 5142 3561 5179 :
3599 5144 3617 5176 t
3643 5124 3860 5191 Videte,
3886 5136 3964 5195 et.

2349 5221 2536 5266 cavete
2581 5214 2649 5266 ab
2697 5215 2843 5267 omni
2875 5215 3127 5278 avaritia,
3173 5217 3302 5284 quia
3348 5231 3452 5270 non
3505 5218 3556 5270 in
3606 5218 3979 5283 abundantiaf

2347 5303 2660 5373 cujusquam
2693 5304 2804 5360 vita
2836 5304 2952 5373 ejus
2973 5317 3057 5361 est
3082 5323 3146 5360 ex
3171 5307 3256 5363 his
3282 5324 3402 5378 qua:
3423 5308 3661 5378 possidet
3686 5308 3884 5380 (Luc.).
3911 5327 3930 5363 ι

2347 5391 2440 5446 Vis
2465 5409 2593 5462 ergo
2622 5395 2899 5449 dividere?
2946 5395 3060 5450 Non
3089 5397 3314 5451 habebis
3343 5397 3526 5451 Jesunt
3548 5397 3811 5464 judicent,
3843 5409 3937 5454 aut

2343 5483 2658 5545 divisorem.
2709 5487 2802 5539 sed
2852 5486 3214 5540 schismaticre
3260 5489 3437 5556 potius
3481 5486 3766 5542 divisionis
3797 5487 3934 5542 ulto-

2343 5585 2478 5624 rem.
2518 5590 2535 5621 ι
2562 5571 2661 5638 Qui
2716 5587 2820 5626 non
2872 5582 2976 5636 est,
3029 5575 3228 5642 inquit,
3280 5589 3514 5639 mecum,
3555 5575 3816 5628 adversus
3842 5590 3931 5630 me

2337 5670 2457 5715 est:
2493 5663 2657 5730 etqui
2690 5679 2794 5717 non
2825 5663 3028 5733 colligtt
3052 5679 3286 5727 mecum,
3319 5664 3583 5734 dispergit
3606 5663 3769 5731 (Ibid.
3789 5663 3921 5730 Xl).t

2337 5752 2504 5808 Porro
2529 5764 2708 5809 autem
2757 5755 2801 5811 si
2843 5754 2939 5810 tibi
2969 5756 3095 5814 licet
3140 5755 3342 5811 habere
3375 5756 3678 5828 pecuniam,
3725 5755 3926 5812 nullam

4833 6225 5135 6411 ἀ
