5664 6548
2679 550 2758 607 ‘S.
2798 549 3001 607 PETRI
3040 548 3319 606 υΑιιυιΝι
3357 547 3509 604 OPP.
3557 545 3791 604 TOMUS
3828 541 3957 601 SEU
3991 541 4168 597 PARS
4203 540 4290 595 ιιι.
4322 569 4382 581 -
4417 537 4780 597 OPUSCULA
4823 540 4910 597 VA

3260 548 3319 606 Nl
3357 547 3509 604 OPP.
3557 545 3791 604 T051135
3828 541 3957 601 SEU
3991 541 4168 597 PARS
4203 540 4290 595 ιιι.
4322 569 4382 581 -
4417 537 4780 597 OPUSCULA
4823 538 5050 597 VAlilA.
5398 541 5497 600 ιω

2277 550 2381 608 ιθτ
2679 550 2758 607 8.
2798 550 3001 607 PETRI
3040 550 3319 606 DAMIANI
3357 550 3509 604 ΟΡΡ.
3557 550 3791 604 T031135
3828 550 3956 601 εει]
3991 550 4168 597 PARS
4203 550 4290 595 ιιι.
4322 569 4382 581 --
4417 550 4780 597 OPUSUULA
4824 550 5050 597 γιιιιιιι.
5398 550 5493 600 ια

2268 642 2483 709 melius,
2509 656 2671 709 quam
2718 650 2879 695 tuam.
2914 639 3067 706 Quod
3095 641 3286 709 siqua:
3324 648 3415 695 tua
3443 639 3678 700 fuerant,
3708 653 3836 706 pns—
3869 643 3914 698 Α
3941 632 4203 704 quidquid
4244 631 4311 684 ad
4351 630 4555 684 cultum
4603 630 4837 702 pertinet
4880 627 5234 694 multitudinis
5256 669 5271 697 ,
5315 626 5493 688 coram

2265 733 2430 797 sides,
2458 731 2583 801 quid
2609 745 2737 801 ergo
2757 731 2823 792 ad
2852 730 3130 800 religionis
3154 729 3398 784 ordinem
3427 728 3646 782 veniens
3672 724 3837 797 5.90
3866 754 3876 763 -
3945 720 4290 781 tabernaculo
4328 720 4644 786 testimonii,
4690 731 4745 783 et
4790 719 5095 787 custodiant
5138 733 5263 773 vasa
5318 720 5492 777 taber-

2261 820 2565 889 reliquisti?
2605 820 2727 874 imo.
2771 835 3020 875 reversus
3055 820 3123 881 ad
3166 820 3429 875 vomitum
3457 816 3640 889 (Prov.
3671 833 3831 881 xxvi;

2259 908 2323 965 11
2352 909 2465 964 Pet.
2491 910 2577 981 tt),
2605 919 2661 965 et
2688 911 3231 973 aratrum-deserens,
3255 911 3379 965 dum
3410 911 3465 964 in
3496 920 3645 979 terga
3676 906 3832 962 refle-

2259 1002 2363 1054 rtis
2394 1000 2666 1063 intuitum,
2694 1000 2829 1055 ultra
2861 1016 2965 1055 non
3001 1001 3108 1056 eris
3131 1000 3356 1055 idoneus
3375 1014 3539 1070 regno
3566 998 3829 1054 calorum

2254 1088 2415 1158 (Luc.
2455 1091 2554 1160 ts).
2585 1090 2681 1145 Sin
2712 1099 2905 1144 autem
2948 1090 3315 1146 ecclesiastica
3362 1090 3457 1144 tibi
3486 1089 3645 1144 liceat
3690 1088 3829 1144 bona

2255 1180 2571 1244 recondere,
2597 1180 2799 1235 videris
2833 1182 3049 1235 auxisse
3081 1179 3320 1245 divitias,
3366 1194 3473 1234 non
3521 1180 3825 1249 sprevisse;

2251 1276 2310 1321 ut
2343 1268 2513 1338 magis
2561 1269 2805 1338 pecunia
2851 1280 3136 1339 quantum,
3184 1283 3347 1337 quant
3399 1268 3677 1337 religionis
3712 1284 3827 1323 am-

2248 1356 2369 1416 bias
2423 1358 2783 1426 institutum;
2828 1367 2883 1414 et
2936 1373 3042 1414 non
3096 1366 3205 1412 tam
3254 1357 3561 1414 sanctitatis
3613 1358 3825 1412 culmen

2251 1443 2488 1509 voluisse
2532 1448 2919 1511 conscendere,
2967 1461 3129 1516 quant
3174 1460 3399 1501 acervos
3446 1447 3686 1514 pecunia
3731 1461 3824 1502 cu-

2249 1536 2473 1590 mulare.
2502 1538 2582 1594 Διι
2622 1538 3015 1608 pratrogabitur
3056 1536 3291 1602 clericis,
3341 1536 3485 1607 quod
3535 1552 3642 1591 non
3694 1549 3819 1607 pera

2242 1623 2396 1687 misit
2424 1623 2671 1681 Christus
2696 1625 3000 1693 apostolis?
3038 1623 3172 1680 Nam
3215 1639 3337 1683 cum
3381 1616 3582 1691 eos’ad
3629 1623 3820 1695 praedi-

2239 1715 2476 1775 candum
2503 1715 2757 1780 mitteret,
2789 1715 2931 1769 sicut
2956 1714 3169 1770 Marcus
3196 1715 3307 1779 ait,
3338 1716 3594 1785 praecepit
3616 1715 3719 1781 eis,
3750 1729 3818 1769 ne

2241 1804 2369 1871 quid
2406 1804 2658 1859 tollerent
2702 1805 2755 1861 in
2797 1806 2904 1878 via,
2952 1806 3054 1867 nisi
3084 1806 3288 1884 virgam
3321 1813 3565 1874 tantum,
3597 1818 3702 1873 non
3729 1819 3819 1877 pe-

2240 1910 2380 1957 rant,
2434 1911 2537 1949 nou
2573 1911 2807 1963 panem,
2851 1910 3028 1965 neque
3074 1896 3129 1949 in
3174 1896 3324 1966 zonis
3352 1910 3427 1950 tes
3472 1893 3664 1964 (Marc.
3696 1893 3809 1961 VI);

3938 812 4113 875 naculi
4165 811 4465 873 servientes
4508 811 4561 864 in
4621 810 4980 875 ministerium
5030 810 5189 880 ejus:
5240 809 5492 881 dabisqno

3935 901 4077 955 dono
4111 901 4299 955 levitas
4321 900 4524 963 Aaron,
4556 908 4610 953 et
4641 900 4763 953 ﬁliis
4790 898 4937 966 ejus,
4982 898 5175 968 quibus
5198 896 5356 969 L91
5390 908 5493 953 tra-

3935 990 4033 1043 diti
4065 999 4194 1044 sunt
4223 1005 4255 1045 a
4281 989 4405 1044 ﬁliis
4435 989 4599 1044 lsrael
4648 986 4836 1060 (Nunt.
4867 989 5004 1057 tu)»
5053 988 5229 1043 Aaron
5275 990 5486 1058 quippe,

3932 1088 3987 1134 et
4014 1079 4156 1135 ﬁlios
4184 1079 4324 1149 ejus,
4348 1080 4471 1150 quis
4500 1081 4737 1151 ambigat
4755 1079 4845 1148 jus
4872 1080 5123 1137 habuisse
5148 1079 5491 1152 pontiﬁcum?

3930 1170 4153 1233 Tribum
4183 1186 4313 1227 vero
4341 1171 4471 1240 Levi
4520 1172 4641 1242 quis
4673 1172 4881 1228 nesciat
4918 1156 5212 1241 prmtulisse
5250 1175 5487 1231 ordinem

3928 1261 4292 1319 clericorum?
4336 1263 4533 1318 Levita
4554 1277 4685 1332 ergo
4710 1262 4909 1324 Aaron,
4939 1272 4997 1317 et
5023 1262 5146 1318 ﬁliis
5166 1261 5281 1331 ejus
5307 1279 5337 1317 a
5366 1264 5487 1321 filiis

3927 1350 4091 1406 lsrael
4121 1354 4263 1407 dono
4291 1352 4601 1426 traduntur,
4632 1367 4753 1434 cum
4786 1366 4853 1405 ex
4886 1350 5031 1406 omni
5060 1350 5361 1411 Christiano
5388 1355 5485 1421 po;

3925 1443 4050 1513 pulo
4083 1444 4350 1500 clericalis
4390 1442 4525 1500 ordo
4551 1444 4605 1499 in
4635 1444 4892 1505 excubias
4936 1442 5283 1498 ecclesiastici
5314 1444 5484 1498 cultus

3924 1534 4254 1587 assumitur:
4297 1542 4354 1589 et
4402 1543 4463 1587 ut
4503 1534 4781 1594 assistant.
4828 1542 4988 1602 atque
5034 1533 5331 1591 ministrent
5374 1534 5485 1589 suis

3920 1621 4269 1692 pontificibus
4298 1662 4313 1686 ,
4371 1619 4689 1676 offeruntur.
4745 1620 4850 1676 Sed
4895 1622 5138 1691 quisquis
5178 1635 5366 1677 servus
5404 1631 5484 1677 est

3920 1694 4242 1763 mammona:
4276 1748 4292 1776 ,
4360 1710 4497 1771 ritus
4566 1708 4824 1771 abhorret
4885 1708 5265 1775 ecclesiastica
5321 1708 5481 1766 disci-

3917 1799 4096 1884 plinas.

3989 1888 4101 1955 Nec
4146 1890 4581 1962 pretereundum
4630 1898 4733 1955 est,
4783 1890 4924 1960 quod
4972 1890 5087 1965 illic
5127 1897 5319 1962 praesto
5358 1888 5481 1943 sub-

2240 1984 2338 2043 tihi
2393 1999 2519 2039 vero
2548 1986 2615 2037 ad
2639 1986 2789 2050 atris,
2822 1986 2925 2039 hoc
2974 1995 3059 2040 est
3101 1985 3345 2057 pecunia:
3394 1980 3812 2052 receptaculum,
3848 1978 4193 2049 Biungitur:
4250 1999 4268 2032 ι
4298 1980 4428 2051 Ego,
4472 1981 4552 2036 ait
4599 1981 4879 2047 Dominus,
4931 1981 5022 2037 tuli
5051 1982 5262 2036 Levitas
5297 1996 5325 2034 a
5359 1982 5478 2041 ﬁliis

2238 2089 2345 2135 non
2377 2073 2549 2126 dicam
2581 2089 2736 2137 zona,
2778 2075 2869 2127 sed
2909 2060 3112 2127 utinam
3141 2059 3266 2127 arca
3313 2071 3559 2126 sufficiat.
3594 2071 3808 2124 Etcum

2238 2160 2530 2233 Apostolus
2570 2161 2855 2215 avaritiam
2903 2161 3166 2225 idolorum
3213 2162 3455 2219 nominet
3490 2160 3807 2225 servitutem

2144 2240 2149 2244 ’
2233 2251 2377 2321 (Col.
2426 2253 2553 2321 ut);
2602 2255 2871 2322 quomodo
2915 2262 2968 2305 tu
3010 2250 3286 2306 Christum
3333 2244 3495 2315 culis,
3544 2250 3637 2319 qui
3688 2250 3805 2309 ido-

2237 2340 2348 2393 lum
2379 2340 2429 2393 in
2462 2342 2686 2410 pecunia
2731 2342 3041 2395 veneraris?
3087 2342 3217 2407 Otia:
3264 2349 3347 2398 est
3397 2342 3541 2395 enim
3588 2339 3806 2409 partici—

2231 2431 2383 2515 patio
2402 2430 2627 2499 justitite
2653 2447 2780 2496 cum
2819 2431 3139 2499 iniquitate?
3164 2440 3257 2483 aut
3282 2446 3399 2498 quae
3442 2430 3671 2487 societas
3701 2428 3804 2482 luci

2234 2522 2302 2572 ad
2331 2521 2617 2574 tenebras?
2645 2520 2771 2586 Qua:
2802 2530 2978 2577 autem
3024 2520 3313 2584 conventio
3356 2519 3555 2581 Christi
3597 2519 3662 2571 ad
3703 2518 3805 2581 Be-

2234 2607 2358 2682 lial?
2383 2608 2490 2663 Ant
2515 2623 2632 2677 qua:
2657 2624 2781 2677 pars
2812 2609 2981 2661 lidclis
3012 2623 3133 2662 cum
3167 2607 3407 2662 inﬁdeli?
3439 2606 3529 2677 (fl_
3554 2607 3676 2660 Cor.
3704 2611 3802 2676 γι.)

2233 2696 2362 2762 Quis
2386 2709 2565 2763 autem
2593 2712 2886 2751 consensus
2918 2698 3113 2767 templo
3144 2698 3237 2751 Dei
3268 2714 3387 2750 cum
3418 2698 3607 2752 idolis?

2300 2789 2469 2851 Planc
2516 2806 2638 2851 cum
2687 2799 2740 2841 tu
2773 2797 2957 2853 contra
2998 2788 3071 2840 tui
3122 2787 3329 2847 ordinis
3374 2788 3675 2854 insaitntntn
3713 2801 3800 2847 re~

2223 2879 2417 2942 undis
2468 2879 2525 2943 in
2574 2893 2701 2931 arca
2748 2880 3061 2946 pecuniam,
3114 2888 3168 2931 et
3212 2876 3436 2931 confidis
3487 2878 3539 2929 in
3593 2878 3800 2931 incerto

2224 2966 2580 3026 divitiarum,
2641 2965 2730 3033 qui
2786 2966 2835 3016 in
2886 2965 2998 3018 solo
3049 2964 3156 3018 Deo
3202 2980 3351 3033 spem
3402 2974 3544 3018 tuam
3601 2981 3800 3034 ponere

2227 3056 2455 3109 debuisti
2494 3055 2605 3123 (ubi
2650 3055 2791 3108 enim
2836 3056 3125 3119 thesaurus
3157 3064 3321 3121 tuus,
3373 3056 3443 3108 ibi
3481 3065 3566 3115 est
3615 3055 3801 3124 procul

2224 3144 2392 3205 dubio
2422 3154 2471 3196 et
2502 3159 2593 3197 cor
2619 3153 2763 3195 tuum
2794 3143 3004 3211 (ﬂuuit.
3032 3149 3125 3211 vt},
3159 3160 3261 3197 non
3287 3146 3397 3212 jam
3422 3142 3545 3210 jure
3569 3142 3801 3203 Christi,—

2224 3235 2345 3291 tiola
2378 3236 2635 3291 dicendus
2661 3250 2738 3295 cs,
2768 3235 2858 3287 sed
2888 3235 3231 3287 numuiicola.
3272 3234 3337 3287 Et
3367 3252 3484 3287 cum
3510 3236 3575 3288 de
3600 3234 3799 3289 Levitis

3920 2072 4105 2136 lsrael,
4140 2086 4239 2142 pro
4264 2073 4412 2129 omni
4443 2072 4821 2143 primogenito,
4851 2073 4941 2142 qui
4974 2072 5145 2141 aperit
5185 2072 5393 2125 Vulvam
5423 2072 5475 2126 in

3916 2159 4041 2221 ﬁliis
4064 2160 4252 2228 lsrael,
4275 2171 4541 2231 eruntque
4561 2161 4735 2225 levita:
4758 2164 4861 2223 mei
4893 2161 5113 2232 (llud):
5139 2182 5185 2213 ι.
5201 2174 5257 2215 ιιι
5280 2163 5475 2232 quuido

3915 2260 4118 2319 pateat,
4147 2250 4472 2306 clericorum
4517 2251 4762 2306 ordinem
4814 2252 4909 2307 Dei
4937 2254 5323 2321 'omnipoteutis
5360 2267 5475 2309 esse

3912 2340 4200 2408 peculium,
4233 2342 4377 2418 sicut
4398 2350 4455 2397 et
4483 2342 4599 2411 ipse
4639 2340 4781 2395 Deus
4808 2342 5054 2410 specialis
5087 2350 5167 2396 est
5193 2342 5473 2401 bzereditas

3912 2430 4251 2496 clericorum.
4289 2431 4356 2497 Et
4401 2444 4616 2501 quanta:
4648 2434 4944 2501 vecordiae,
4980 2443 5297 2503 quantaeque
5322 2448 5469 2487 vesa-

3910 2520 4015 2582 nia:
4043 2530 4147 2584 est,
4176 2522 4219 2576 si
4248 2523 4314 2576 ab
4336 2538 4424 2584 eo,
4456 2526 4541 2577 cui
4570 2523 4712 2578 Deus
4752 2522 5009 2593 offertur,
5057 2540 5121 2587 eo
5168 2533 5469 2592 contempto

3914 2616 4145 2663 terrena
4169 2608 4444 2665 facultatis
4465 2614 4803 2666 commodum
4841 2604 5181 2681 requiratur?
5202 2611 5298 2666 Cui
5334 2611 5469 2673 Deus

3912 2698 3963 2750 in
3996 2699 4303 2753 hereditate
4346 2714 4451 2755 non
4493 2699 4703 2766 sufﬁcit,
4735 2702 4862 2769 quid
4889 2716 5012 2755 eum
5057 2702 5254 2755 satiare
5280 2704 5465 2769 possit,

3911 2787 4157 2857 ignorat;
4218 2790 4344 2858 quia
4376 2793 4571 2850 mentis
4596 2793 4711 2863 ejus
4731 2794 4945 2849 ocuium
4980 2792 5181 2848 furiosa
5208 2795 5468 2863 cupiditas

3908 2883 4092 2932 ctecat.

3976 2954 4043 3025 Et
4072 2978 4219 3023 certe
4250 2970 4340 3038 qui
4373 2970 4493 3025 talis
4529 2980 4631 3036 est,
4661 2972 4915 3042 quoniatn
4964 2988 5060 3042 pro
5100 2987 5283 3035 amore
5311 2990 5469 3043 pecu:

3906 3057 4196 3123 nitesuum
4226 3060 4389 3112 violat
4413 3061 4677 3125 ordinem,
4708 3062 4954 3128 indignus
4995 3071 5074 3125 est
5101 3062 5282 3130 procul
5308 3064 5465 3116 dubio

3908 3155 3964 3205 ιιι
3994 3148 4418 3215 ecclesiasticam
4441 3150 4680 3219 obtineat
4710 3152 5055 3221 dignitatem.
5087 3153 5236 3209 Unde
5276 3164 5329 3213 et
5375 3154 5467 3215 Sa,-

3906 3234 4085 3289 lomon
4114 3237 4230 3291 ait:
4270 3239 4473 3293 (Sicut
4517 3240 4609 3309 qui
4653 3242 4817 3295 mittit
4864 3231 5091 3310 lapidem
5133 3243 5184 3295 in
5214 3258 5462 3299 acervum

2142 3326 2147 3331 ”
2224 3327 2489 3394 Dominus
2519 3327 2661 3380 dicat
2688 3343 2701 3377 :
2754 3346 2771 3375 ι
2805 3325 2911 3393 ligo
2935 3341 3050 3378 sum
3081 3326 3369 3378 hmreditas
3398 3342 3582 3379 eorum
3608 3326 3796 3393 (Nam.
3828 3327 3871 3386 C
3904 3323 4175 3387 Mercurii,
4213 3328 4284 3380 ita
4316 3330 4408 3395 qui
4457 3330 4642 3384 tribuit
4682 3330 4953 3401 insipienti
4998 3333 5252 3387 honorem
5279 3331 5459 3404 (Prov.

2222 3433 2354 3485 svnt
2406 3417 2559 3470 Dent.
2615 3416 2720 3487 l8)
2770 3433 2782 3469 :
2832 3436 2849 3467 ι
2880 3427 2941 3479 ,et
2996 3426 3047 3469 ιιι
3090 3416 3367 3495 psallendo
3412 3416 3737 3485 respondeas
3779 3435 3793 3469 :

2230 3532 2247 3561 ς
2286 3510 2467 3563 Portio
2498 3523 2615 3561 mea
2636 3508 2891 3561 Dominus
2917 3505 3089 3573 (Psal.
3119 3506 3310 3575 LXXII).
3349 3525 3367 3557 ι
3404 3506 3541 3559 Ecce
3567 3507 3609 3558 si
3651 3506 3799 3559 ordi-

2220 3615 2347 3671 pqm
2398 3606 2542 3662 tuum
2577 3607 2799 3658 teneas,
2852 3596 2895 3649 si
2947 3596 3302 3649 abominanda
3358 3596 3597 3663 pecuni.e
3646 3594 3795 3647 lucra

2220 3695 2556 3749 contemnas,
2584 3694 2637 3739 et
2666 3696 2720 3738 tu
2752 3685 3037 3755 haereditas
3084 3684 3200 3753 Dei,
3232 3691 3289 3737 et
3316 3682 3459 3747 Deus
3491 3694 3575 3741 est
3621 3684 3795 3735 haereo

2215 3778 2363 3832 ditas
2400 3784 2509 3845 tua.
2546 3775 2653 3829 Sed
2704 3784 2871 3828 totum
2903 3775 3005 3828 hoc
3038 3782 3436 3833 sacramentum
3478 3773 3531 3826 in
3580 3772 3788 3826 adulte-

2224 3869 2365 3920 rium
2393 3867 2642 3930 vertitur,
2672 3867 2797 3921 duni
2846 3866 3029 3926 infelix
3056 3866 3288 3921 clericus
3318 3866 3561 3934 pecunia:
3600 3880 3791 3920 servus
3849 3930 3858 3945 ί

2216 3955 2469 4022 efﬁcitur,
2505 3958 2588 4010 cui
2612 3956 2866 4025 nimirum
2902 3966 3155 4024 tauquam
3188 3956 3299 4013 Deo
3320 3971 3421 4025 per
3450 3955 3788 4041 sedulitatem

2216 4048 2476 4104 custodia:
2504 4046 2813 4101 famulatur.
2842 4046 2960 4115 ipse
2986 4048 3127 4114 enim
3160 4047 3228 4115 ab
3272 4062 3358 4111 ea,
3404 4062 3588 4116 quam,
3621 4042 3817 4116 possio'

2219 4135 2333 4196 det,
2385 4134 2609 4203 pecunia
2651 4134 2992 4203 possidetur;
3047 4134 3174 4202 dum
3228 4136 3282 4189 in
3336 4151 3399 4190 ea
3445 4152 3543 4192 cor
3592 4138 3785 4206 figere,

2220 4216 2377 4292 eique
2404 4224 2649 4295 pervigili
2696 4223 2969 4278 deservire
3017 4224 3257 4277 custodia
3284 4263 3299 4287 ,
3344 4224 3570 4278 avaritia
3616 4226 3787 4279 domi-

2220 4321 2420 4379 nante,
2476 4311 2832 4382 compellitur.
2882 4310 3173 4391 ,Projiciatn
3220 4328 3349 4382 ergo
3399 4314 3673 4369 Christum
3722 4316 3789 4369 de

2220 4415 2345 4455 arca
2376 4401 2607 4467 pectoris
2635 4400 2759 4461 mei,
2790 4412 2845 4454 et
2874 4400 2991 4454 loco
3029 4402 3147 4469 ejus
3190 4403 3474 4469 pecuniam
3517 4403 3787 4472 constipa-

2219 4490 2289 4544 bo
2311 4490 2333 4541 ‘3
2356 4488 2512 4543 Certe
2542 4498 2647 4542 tam
2670 4489 2864 4546 nobihz.
2894 4491 3116 4558 pecunia
3145 4490 3392 4555 Christus
3413 4482 3543 4558 est,
3577 4504 3633 4547 ut
3660 4511 3787 4551 con-

2209 4582 2446 4639 sortium
2475 4592 2795 4650 aspernetur
2824 4582 3043 4635 Otttnino
3070 4581 3283 4655 peculii,
3331 4598 3430 4637 nec
3474 4598 3595 4638 cum
3626 4588 3785 4651 sorde

3900 3416 4101 3483 xxviii
4155 3416 4286 3470 Nam
4333 3420 4461 3486 quia
4524 3421 4665 3490 apud
4708 3421 4934 3490 gentiles
4984 3421 5275 3476 Mercurius
5330 3426 5459 3480 deus

3900 3504 4081 3558 sacelli
4116 3503 4179 3576 [f.
4210 3506 4463 3580 Lucelli],
4491 3509 4604 3563 sive
4650 3511 4888 3579 pecuniae
4915 3510 5213 3579 dicebatur,
5240 3524 5459 3577 acervus

3898 3591 4148 3659 Mercurii
4180 3596 4427 3651 cumulus
4471 3607 4633 3666 atque
4678 3600 4955 3670 congeries
4984 3610 5066 3662 est
5096 3600 5453 3655 nummorum.

3894 3682 3960 3736 Et
3986 3685 4110 3752 quia
4137 3701 4361 3740 nummo
4390 3688 4573 3757 regula
4599 3689 4883 3769 monetalis
4928 3690 5285 3770 imprimitur;
5331 3692 5455 3759 quid

3892 3786 3989 3839 per
4035 3789 4378 3829 nummorum
4424 3777 4733 3845 designatur
4784 3766 5059 3845 acervum,
5106 3782 5207 3837 nisi
5251 3784 5456 3851 regula—

3894 3861 4055 3925 rium,
4102 3879 4166 3918 ac
4211 3880 4350 3919 vera:
4398 3868 4702 3922 sanctitatis
4736 3868 5021 3939 imaginem
5064 3872 5452 3940 praeferentium

3893 3952 4089 4011 concio
4139 3953 4497 4007 clericorum?
4550 3956 4687 4023 Quid
4732 3972 4859 4011 vero
4908 3974 5003 4027 per
5055 3950 5300 4025 lapidem,
5354 3961 5454 4013 nisi

3892 4039 4121 4104 duram,
4176 4043 4463 4106 stolidam,
4513 4054 4567 4099 et
4618 4046 4979 4100 insensibilem
5032 4047 5171 4101 illius
5224 4062 5451 4103 tuentem

3890 4128 4213 4195 accipimus,
4242 4133 4337 4198 qui
4363 4133 4489 4186 dum
4514 4134 4686 4188 Deum
4719 4148 4840 4188 esse
4877 4134 5172 4189 indubitata
5216 4135 5318 4189 ﬁde
5351 4153 5450 4190 non

3890 4217 4083 4283 credit,
4112 4232 4261 4297 spem
4302 4234 4454 4284 suam
4492 4220 4545 4273 in
4592 4230 4807 4289 terrena
4839 4222 5071 4289 qualibet
5116 4228 5452 4292 posse5siotse

3890 4306 4207 4391 constituit?
4252 4308 4325 4361 Dc
4352 4323 4459 4377 quo
4482 4324 4577 4379 per
4623 4311 4946 4381 Pmphetam
4996 4314 5228 4391 dicitur:
5264 4334 5283 4367 ι
5308 4317 5452 4381 Dixit

3892 4390 4152 4459 insipiens
4186 4396 4235 4447 in
4264 4399 4425 4451 corde
4453 4413 4588 4451 suo:
4620 4398 4735 4453 Non
4775 4411 4857 4455 est
4902 4390 5043 4457 Deus
5077 4402 5245 4474 (Psul.
5275 4406 5446 4474 Illl).r

3892 4481 4027 4536 llnic
4056 4487 4546 4558 autem‘insipienti
4578 4501 4700 4544 tunc
4734 4491 4904 4547 honor
4930 4493 5197 4555 tribuite“,
5236 4511 5357 4548 cum
5383 4496 5449 4549 ad

3888 4574 4243 4644 ecclesiastici
4286 4577 4481 4647 gradus
4524 4580 4731 4648 apicem
4764 4583 5026 4651 quispiam
5058 4599 5158 4641 non
5192 4583 5333 4645 Deo,
5358 4586 5449 4640 sed

2211 4677 2457 4756 pecunia
2480 4691 2539 4729 se
2562 4675 2803 4744 patiatur
2851 4675 3073 4741 includi.
3118 4674 3185 4731 Ut
3229 4692 3357 4756 ergo
3406 4677 3652 4731 Christus
3693 4695 3781 4747 pe-
3812 4669 3861 4727 D
3890 4668 4129 4731 necum
4160 4668 4373 4721 “eam”
4398 4683 4448 4737 ΡΙ

3229 4692 3357 4746 ergo
3406 4677 3652 4731 Christus
3693 4695 3781 4747 νη,
3812 4669 3861 4727 D
3890 4668 4129 4731 pecunia:
4160 4668 4373 4721 deditus
4398 4682 4762 4737 promovetur.
4799 4672 4905 4730 Sed
4946 4674 5084 4729 sicut
5114 4691 5446 4737 nummorum

2212 4754 2387 4822 cteris
2422 4765 2495 4819 tui
2546 4765 2782 4819 loculum
2830 4763 3067 4834 impleat,
3116 4754 3387 4821 :ereus'ah
3438 4782 3499 4821 co
3530 4784 3782 4823 notamus

2220 4856 2502 4916 abscedat;
2538 4866 2597 4908 ut
2628 4854 2876 4908 Christus
2921 4856 3114 4907 animm
3158 4868 3261 4909 tute
3306 4873 3457 4911 suum
3505 4861 3787 4913 characte-

2212 4959 2332 5003 Icm
2370 4945 2660 5013 imprimat,
2705 4943 2811 4997 vile
2858 4943 3170 4997 didrachtua
3218 4944 3444 5007 (lucaris
3491 4946 3780 5016 imaginem

2209 5035 2503 5109 pmferens
2528 5042 2831 5088 evanescat.

2829 5122 3053 5179 CAPUT
3102 5125 3165 5184 Υ.

2288 5214 2423 5280 Qum
2455 5213 2596 5266 mala
2642 5229 2707 5265 ea:
2739 5216 2937 5283 pecnit‘o
2984 5216 3225 5268 oriantur
3248 5216 3384 5277 inter
3409 5219 3707 5280 muenia».

2285 5303 2491 5358 Peculii
2537 5303 2765 5371 denique
2808 5307 3109 5373 proprietas
3150 5308 3322 5372 facit,
3377 5319 3436 5362 nt
3467 5308 3651 5363 clerici
3697 5310 3778 5364 sui

2206 5392 2485 5465 pontiﬁcis
2513 5392 2867 5459 dedignentur
2915 5394 3227 5464 imperium;
3261 5407 3317 5450 ut
3350 5398 3665 5467 disciplinae,
3694 5399 3777 5453 vel

2214 5482 2559 5541 obedientiw
2592 5497 2775 5536 veram
2832 5482 3135 5538 libertatem
3184 5488 3476 5552 deserant,
3526 5501 3578 5543 et
3634 5492 3774 5561 turpi

2207 5570 2522 5629 foedissime
2570 5571 2857 5626 deditionis
2902 5575 3192 5641 opprobrio
3246 5578 3591 5632 saxularibas
3641 5581 3773 5633 colla

2208 5660 2549 5713 submittant.
2595 5658 2730 5715 Cum
2772 5661 3034 5718 Dominus
3082 5664 3247 5735 Moysi
3293 5668 3475 5721 dicat:
3516 5670 3772 5739 «Applica

2208 5752 2409 5815 tribum
2432 5750 2559 5805 Levi
2579 5791 2594 5813 ,
2619 5760 2674 5805 et
2715 5750 2800 5807 fac
2824 5762 2967 5809 stare
2988 5754 3040 5807 in
3063 5766 3355 5824 conspectu
3382 5759 3559 5812 Aaron
3587 5776 3771 5815 sacer-

2214 5842 2351 5900 dotis
2374 5879 2390 5908 ,
2434 5850 2494 5896 ut
2535 5841 2839 5905 ministrent
2885 5844 2953 5915 ei,
3000 5853 3055 5901 et
3082 5845 3366 5917 excubent,
3402 5857 3456 5902 et
3482 5849 3772 5909 observent

3891 4756 4185 4825 dissipatur
4232 4773 4498 4823 acervus,
4557 4763 4599 4815 si
4651 4765 4878 4833 desuper
4925 4766 5058 4833 lapis
5106 4767 5445 4835 immittitur;

3891 4848 3963 4899 ita
3988 4884 3993 4923 ην
4021 4862 4120 4913 per
4195 4850 4587 4923 indignissive
4639 4854 4832 4923 lapidei
4894 4857 5123 4925 pastoris
5173 4872 5445 4913 accessum

3886 4936 4038 5002 quasi
4089 4942 4421 5007 constipatus
4466 4943 4603 4995 ordo
4637 4944 4930 4998 destruitur
4975 4946 5289 5013 regulariter
5329 4965 5445 5016 gra-

3888 5028 4166 5095 ίίἱιειιεξιιιιι,
4214 5040 4265 5083 υι
4314 5032 4365 5083 in
4408 5032 4675 5093 charitate
4719 5034 5078 5088 obedientium
5109 5037 5442 5089 clericorum.

3887 5116 4152 5171 Gravalur
4173 5120 4316 5184 enim
4342 5121 4464 5174 mali
4492 5123 4723 5191 pastoris
4748 5123 5080 5188 umbraculo,
5110 5134 5165 5179 et
5195 5135 5443 5195 tanquam

3885 5212 4225 5265 nummorum
4276 5212 4578 5267 caelestium
4638 5213 4879 5269 cumulus
4909 5256 4926 5281 ,
4963 5225 5201 5269 ‘1artaret
5258 5216 5443 5286 lapidis

3885 5298 4021 5354 mole
4045 5302 4296 5362 diruitur.

3942 5393 4135 5465 Stulto,
4164 5396 4351 5465 igitur,
4387 5406 4441 5449 et
4473 5397 4742 5467 insipienti
4774 5398 5115 5465 deuegandus
5153 5406 5234 5451 est
5274 5398 5441 5451 honor

3882 5487 4299 5549 ecclesiasticus,
4358 5503 4426 5541 ne
4472 5501 4777 5543 sanctorum
4823 5490 5140 5544 clericorum
5189 5502 5436 5559 tauquam

3882 5593 4223 5633 nummorum
4253 5580 4612 5648 spiritualium
4644 5588 4915 5651 mergatur
4956 5595 5200 5635 acervus.
5231 5580 5304 5635 De
5336 5596 5437 5649 quo

3882 5669 4127 5723 videlicet
4171 5670 4336 5723 stulto
4379 5669 4537 5739 paulo
4578 5671 4826 5738 superius
4856 5669 4995 5724 idem
5043 5669 5296 5722 Salomon
5327 5671 5432 5721 ait;

3884 5780 3898 5808 ι
3930 5760 4164 5813 Claudiis
4196 5761 4443 5829 pedibus,
4472 5769 4527 5814 et
4555 5761 4887 5829 iniquitatem
4919 5761 5106 5814 bibens
5127 5800 5139 5822 ,
5162 5761 5250 5828 qui
5278 5760 5437 5811 mittit

3878 5849 4033 5911 verba
4080 5851 4464 5921 pereuntium
4509 5850 4731 5903 stultum
4774 5850 4949 5920 (l’rov.
4986 5834 5184 5927 ιμἰ).ι
5238 5849 5433 5926 Quibus
