4540 6384
176 368 277 425 ιδο

720 366 965 425 OPUSC.
1005 367 1189 422 XXIV.
1231 397 1299 407 --
1338 367 1612 423 CONTRA
1655 363 1992 421 CLERICOS
2029 362 2281 419 REGUL.
2319 361 2893 418 PROPRIETARIOS.

3330 363 3440 421 490

172 479 426 533 nimirum
458 476 647 532 verbis
679 480 806 545 quid
836 478 979 532 aliud
1017 478 1229 530 videtur
1269 491 1582 546 expressum
1605 515 1622 542 ,
1654 476 1753 529 nisi
1785 482 1832 538 Α
1862 473 2115 538 clericus,
2146 473 2238 543 qui
2268 480 2460 541 captus
2486 483 2565 526 est
2598 487 2783 527 amore
2810 472 3075 541 pecuniis,
3096 488 3441 544 nequaquam

171 579 228 622 ut
253 567 550 621 carnaliter
580 568 838 637 sapienti,
868 582 931 619 ac
954 582 1050 635 per
1077 568 1177 618 hoc
1207 566 1371 619 stulto
1397 566 1622 620 cuilibet
1651 582 1755 617 non

171 660 541 712 committatur
614 658 1019 728 praedicationis
1078 657 1345 711 alliciunt?
1420 657 1493 709 De
1554 655 1759 709 sanctis

170 750 308 801 enim
336 748 794 815 praedicatoribus
820 748 1053 801 dicitur:
1089 767 1105 797 ι
1142 748 1311 812 Quam
1342 746 1568 813 speciosi
1600 746 1759 811 pedes

168 838 672 905 erangelizantium
738 850 958 903 pacem,
1008 835 1490 903 evangelizantium
1532 834 1698 886 bona!
1736 851 1753 882 ι

168 924 320 991 (lsai.
369 939 485 985 Lit;
549 922 702 974 Rom.
734 924 813 989 x.)
851 924 1037 991 itaque
1074 922 1299 988 quilibet
1337 922 1613 974 ordinator
1656 921 1752 973 Ec-

167 1014 339 1067 clesiae
369 1014 415 1065 si
453 1013 654 1081 dignos
697 1022 751 1066 et
795 1010 1039 1066 idoneos‘
1071 1012 1124 1065 in
1160 1011 1423 1081 dignitate
1458 1011 1755 1073 constituit,

165 1104 316 1171 quasi
354 1102 590 1171 pedibus
640 1103 806 1156 rectis
837 1102 1055 1155 incedit.
1094 1100 1197 1155 Per
1224 1116 1317 1156 eos
1364 1101 1508 1155 enim
1536 1102 1756 1155 verbum

167 1192 472 1261 spargendo
511 1190 682 1261 492
724 1190 1143 1257 circumquaque
1186 1187 1443 1241 discurrit
1476 1203 1490 1239 :
1535 1196 1589 1240 et
1618 1189 1758 1256 quod

166 1296 259 1349 per
298 1281 661 1347 semetipsum
707 1293 811 1332 non
860 1277 1001 1331 valet
1040 1291 1216 1345 agere,
1246 1292 1343 1345 per
1396 1276 1513 1329 illos
1562 1277 1759 1344 satagit

166 1366 464 1420 efﬁcaciter
495 1365 819 1434 adimplere.
857 1364 952 1417 Sin
997 1372 1176 1417 autem
1228 1363 1475 1417 carnales
1516 1379 1759 1432 quosque

167 1471 228 1509 ac
254 1456 519 1524 reprobos
550 1454 811 1507 ordinare
838 1461 1149 1521 praesumat,
1174 1452 1262 1505 hic
1291 1451 1515 1505 claudus
1536 1452 1761 1519 pedibus

166 1542 423 1597 ambulat.
449 1542 559 1609 Qui
582 1542 750 1595 etiam
776 1540 1118 1609 iniquitatem
1148 1540 1333 1594 bibere
1364 1540 1599 1605 dicitur;
1634 1541 1758 1609 quia

166 1633 290 1687 dum
330 1634 500 1687 verba
553 1639 760 1686 sanctas
790 1629 1193 1699 praedicationis
1238 1644 1335 1698 per
1373 1629 1595 1683 stultum
1621 1646 1756 1682 nun-

168 1724 297 1776 tium
326 1724 543 1784 mittit,
576 1729 633 1775 et
662 1728 851 1774 contra
878 1719 1192 1789 Apostolum
1212 1758 1228 1783 ,
1267 1720 1376 1773 cito
1426 1735 1621 1773 manus
1662 1720 1760 1772 im—

1861 565 2083 617 iloneus
2107 574 2191 617 est
2239 565 2307 618 ad
2342 564 2699 617 ministranda
2751 565 2912 617 verba
2970 565 3247 620 doctrinae.
3282 566 3439 632 Quod

1861 652 2021 705 etiam
2060 652 2113 704 in
2146 667 2229 715 eo,
2268 653 2413 720 quod
2440 654 2690 719 superius
2712 654 3114 721 proposuimus,
3142 656 3441 722 apostolico

1862 741 2169 793 declaratur
2199 742 2464 809 exemplo.
2488 742 2622 794 Nam
2648 758 2770 815 cum
2802 742 3083 813 Scriptura
3108 748 3437 814 praemittat:

1867 850 1885 880 ι
1922 832 2277 886 Multitudinis
2304 833 2640 886 credentium
2668 843 2786 885 erat
2826 849 2920 886 cor
2946 850 3111 887 unum
3130 875 3143 899 ,
3176 844 3233 888 et
3258 838 3443 889 anima

1862 935 1997 983 una;
2041 940 2058 969 ι
2098 934 2329 987 moxque
2364 920 2644 986 subjunxit
2676 938 2689 971 :
2724 940 2741 970 ‹
2772 921 2882 976 Nec
2910 923 3198 991 quisquam
3229 938 3441 988 eorum,

1859 1026 1979 1077 qua:
2024 1011 2371 1077 possidebat,
2430 1012 2633 1080 aliquid
2686 1028 2843 1066 suum
2883 1028 3004 1067 esse
3054 1014 3297 1079 dicebat;
3344 1018 3443 1071 sed

1858 1109 2016 1153 erant
2066 1100 2170 1155 illis
2209 1102 2389 1154 omnia
2437 1104 2776 1166 communia;
2820 1123 2838 1155 ι
2883 1104 3133 1171 protinus
3184 1106 3438 1160 addidit:

1866 1209 1883 1240 α
1924 1189 1992 1244 Ει
2026 1191 2221 1245 virtute
2251 1206 2443 1260 magna
2483 1193 2781 1247 reddebant
2808 1196 3035 1262 apostoli
3070 1196 3440 1250 testimonium

1862 1282 2273 1335 resurrectionis
2301 1281 2427 1336 Jesu
2457 1283 2658 1337 Christi
2690 1282 2901 1337 Domini
2937 1286 3107 1339 nostri
3134 1324 3150 1351 ,
3179 1296 3233 1339 et
3262 1288 3441 1356 gratia

1861 1384 2051 1437 magna
2087 1380 2205 1424 erat
2252 1373 2305 1425 in
2340 1372 2592 1427 omnibus
2640 1374 2776 1439 illis;
2809 1394 2826 1425 ι
2880 1376 3076 1430 deinde
3124 1377 3435 1431 subinfert:

1866 1476 1883 1509 ι
1907 1459 2017 1513 Nec
2042 1461 2182 1513 enim
2206 1462 2490 1531 quisquam
2507 1477 2671 1530 egens
2690 1472 2809 1517 erat
2835 1464 2976 1517 inter
3004 1465 3121 1519 illos
3148 1466 3285 1535 (Act.
3304 1466 3434 1536 ιν).›

1930 1547 2065 1614 Quid
2103 1560 2284 1604 autem
2320 1551 2424 1604 sibi
2455 1550 2596 1613 vult,
2649 1552 2790 1619 quod
2830 1550 2987 1619 hujus
3012 1568 3182 1608 sacra:
3207 1555 3442 1624 scriptor

1860 1638 2116 1699 historiae,
2148 1639 2274 1693 dum
2314 1639 2381 1694 de
2409 1642 2741 1694 Continentia
2777 1641 3017 1711 loquitur
3060 1644 3355 1713 apostolica
3386 1652 3442 1699 et

1860 1742 2130 1782 communi
2159 1737 2287 1791 vita,
2319 1738 2536 1797 repente
2564 1730 2715 1799 quasi
2764 1731 3045 1785 materiam
3070 1734 3440 1803 interrumpit,

166 1811 315 1877 ponit
342 1810 396 1879 (Ι
446 1810 586 1863 Tim.
620 1811 698 1880 v),
723 1810 966 1879 peccatis
988 1818 1356 1864 communicat
1381 1809 1588 1862 alienis.
1618 1808 1753 1861 Nam
1790 1801 1829 1855 Β
1860 1826 1913 1872 et
1944 1834 1959 1871 ε

1649 1808 1753 1861 iam
1790 1801 1829 1855 Β
1860 1826 1913 1872 et
1944 1819 2010 1871 ad
2054 1819 2417 1873 enarrandam
2463 1820 2865 1887 praedicationis
2905 1824 3271 1878 constantiam
3322 1801 3442 1877 tan-

164 1911 217 1953 et
260 1902 307 1954 si
347 1900 656 1969 prudenter
712 1898 941 1967 quisque
986 1899 1268 1968 loquatur,
1330 1900 1377 1953 si
1434 1910 1611 1952 tamen
1651 1915 1757 1951 non

166 1993 273 2058 agit
309 2004 423 2059 ipse
450 1988 602 2058 quod
626 1988 894 2057 loquitur,
928 1988 984 2042 in
1020 1987 1284 2057 spirituali
1314 1986 1537 2041 claudus
1560 1988 1759 2041 itinere

172 2094 273 2132 non
310 2079 596 2132 immerito
626 2078 915 2147 indicatur.
948 2077 1104 2132 Unde
1149 2086 1204 2132 et
1244 2077 1350 2131 illic
1394 2086 1515 2145 apte
1540 2076 1759 2143 subjun-

165 2166 353 2234 gitur:
386 2186 403 2216 ‹
444 2166 739 2231 Quomodo
777 2166 1032 2234 pulchras
1078 2166 1281 2219 frustra
1330 2166 1495 2219 habet
1536 2165 1758 2219 claudus

169 2258 347 2313 tibias.
381 2258 463 2311 sic
513 2257 774 2312 indecens
814 2264 899 2311 est
944 2256 999 2309 in
1026 2269 1121 2310 ore
1164 2256 1453 2310 stultorum
1504 2254 1756 2323 parabola

167 2344 346 2411 (Prov.
387 2349 569 2416 xxvi).
609 2366 627 2398 ι
678 2345 927 2400 Pulchris
974 2345 1132 2413 plane
1174 2345 1425 2398 innititur
1469 2345 1636 2409 tibiis,
1668 2343 1758 2412 qui

165 2430 419 2487 luculenti
482 2436 627 2487 nitet
679 2434 927 2488 claritate
976 2433 1263 2486 sermonis.
1306 2431 1412 2486 Sed
1468 2433 1593 2485 dum
1645 2434 1760 2487 sine

167 2520 316 2575 bonis
347 2524 612 2590 operibus
660 2530 977 2577 accuratum
1009 2522 1261 2590 deprimit
1284 2522 1581 2589 eloquium,
1612 2522 1755 2575 velut

167 2610 279 2665 sine
328 2627 519 2681 gressu
558 2620 835 2679 promovet
859 2620 1007 2666 recta
1055 2627 1212 2665 crura
1244 2613 1552 2665 verborum.
1594 2611 1758 2677 Quasi

169 2700 421 2766 pulchras
473 2716 612 2770 ergo
642 2701 803 2756 habet
835 2701 997 2755 tibias
1044 2702 1111 2755 ad
1155 2701 1469 2764 videndum,
1507 2702 1601 2755 sed
1648 2716 1752 2754 non

170 2788 324 2842 utiles
352 2790 421 2843 ad
471 2789 857 2858 gradiendum,
900 2790 989 2858 qui
1040 2789 1346 2858 podagricis
1382 2789 1637 2843 vitiorum
1687 2790 1759 2843 la-

148 2863 317 2945 'queis
360 2879 701 2943 innodatus,
744 2879 858 2947 ipse
907 2878 1122 2947 quidem
1176 2878 1405 2946 turpiter
1456 2878 1756 2944 claudicat,

170 2966 288 3019 dum
318 2967 473 3031 alios,
501 2976 565 3021 ut
593 2967 807 3035 agiliter
832 2968 1170 3037 gradiantur,
1202 2966 1413 3020 invitat.
1442 2967 1498 3020 In
1530 2968 1756 3023 istorum

171 3068 295 3123 ergo
342 3057 643 3110 stultorum
690 3071 787 3111 ore
838 3052 1093 3110 indecens
1148 3064 1233 3109 est
1281 3055 1578 3123 parabola;
1632 3058 1755 3126 quia

172 3142 291 3196 dum
340 3145 711 3214 spiritualiter
762 3154 989 3207 sonant,
1040 3153 1095 3197 et
1146 3143 1439 3198 carnaliter
1471 3145 1751 3210 victitant,

172 3244 351 3286 eorum
400 3236 514 3287 vita
548 3248 672 3288 cum
714 3233 872 3287 labiis
920 3249 1026 3287 non
1054 3235 1365 3287 concordat.
1404 3233 1554 3299 Quos
1598 3236 1758 3289 nimi-

171 3336 281 3379 rum
314 3328 547 3381 honesta
579 3326 886 3395 loquentes,
919 3328 1011 3381 sed
1042 3328 1328 3380 inhoneste
1354 3327 1599 3381 viventes
1622 3343 1756 3396 prte—

171 3413 363 3469 dicatio
397 3426 555 3470 recta
592 3430 699 3469 non
751 3416 964 3480 liberat,
1016 3416 1109 3470 sed
1149 3416 1373 3470 mordax
1419 3418 1753 3471 conscientia

170 3504 519 3560 vehementer
557 3514 796 3559 accusat.
824 3505 977 3560 Unde
1010 3506 1122 3559 illic
1146 3519 1253 3559 non
1285 3505 1580 3575 incongrue
1622 3506 1751 3559 sub-

170 3592 308 3647 ditur
341 3613 354 3647 :
394 3614 413 3646 ‹
472 3594 759 3661 Quomodo
804 3596 849 3648 si
890 3596 1043 3664 spina
1082 3603 1338 3648 nascatur
1369 3593 1421 3647 in
1464 3610 1627 3646 manu
1677 3602 1755 3645 tc-

171 3680 410 3745 mulenti,
468 3682 548 3735 sic
597 3681 855 3750 parabola
912 3682 967 3735 in
1014 3696 1109 3735 ore
1163 3681 1450 3735 stultorum
1503 3680 1747 3750 (Ibid.).i

173 3767 328 3837 Spina
382 3771 588 3841 quippe
637 3772 688 3824 in
720 3786 881 3825 manu
923 3772 1195 3826 temulenti
1237 3771 1479 3825 nascitur
1501 3786 1621 3824 cum
1655 3771 1749 3835 illi,

172 3858 257 3926 qui
293 3858 456 3926 hujus
500 3859 623 3912 vitae
652 3874 837 3915 amore
868 3867 949 3914 est
972 3860 1177 3925 ebrius,
1208 3858 1653 3928 reprehensionis
1697 3860 1751 3912 in

174 3961 345 4003 mente
372 3950 600 4005 aculeus
638 3960 950 4020 generatur.
990 3951 1048 4005 ln
1087 3966 1183 4005 ore
1230 3953 1415 4020 itaque
1462 3951 1752 4005 stultorum

174 4038 423 4103 parabola
456 4038 612 4105 quasi
646 4039 797 4107 spina
828 4046 948 4103 est;
1005 4039 1133 4107 quia
1176 4039 1301 4092 dum
1351 4039 1493 4092 aliud
1524 4038 1753 4107 loquun-

176 4129 288 4187 tur,
313 4125 463 4179 aliud
502 4134 693 4194 agunt,
720 4140 870 4180 mens
895 4126 1151 4180 eorumin
1185 4127 1475 4195 semetipsa
1507 4124 1754 4193 aliquan-

174 4214 238 4267 do
259 4217 627 4286 redarguitur,
688 4225 744 4269 et
795 4218 1027 4285 quodam
1058 4218 1214 4285 quasi
1263 4218 1428 4285 spinae
1469 4216 1754 4285 pungentis

174 4306 356 4361 aculeo
404 4308 741 4377 perloratur.
794 4307 956 4363 Velut
990 4311 1142 4378 spina
1173 4318 1320 4363 certe
1351 4308 1490 4363 male
1521 4308 1752 4363 viventis

1860 1922 2026 1976 quam
2077 1918 2287 1964 mutato
2338 1910 2478 1979 stylo
2534 1912 2785 1978 prosilit,
2827 1914 3013 1969 dicens
3055 1933 3067 1967 :
3120 1916 3190 1969 Et
3238 1915 3445 1972 virtute

1862 2011 2053 2067 magna
2146 1988 2440 2053 reddebant
2512 2000 2743 2067 apostoli
2830 2000 2993 2072 493
3070 2004 3442 2060 testimonium

1864 2088 2307 2143 resurrectionis?
2343 2088 2450 2142 Cur
2477 2090 2567 2142 uni
2613 2092 2851 2145 materiae
2898 2094 3061 2147 aliam
3110 2094 3434 2165 interpolat,

1862 2178 1952 2245 qui
1988 2188 2223 2245 ereptam
2277 2183 2522 2249 persequi
2556 2190 2609 2234 ct
2638 2181 2957 2237 continuare
2987 2183 3274 2250 debuerat;
3310 2187 3444 2250 nisi,

1863 2278 1922 2321 nt
1946 2279 2187 2337 patenter
2212 2274 2498 2333 ostendat,
2542 2273 2670 2339 quia
2716 2272 2793 2325 illi
2822 2274 3082 2331 duntaxat
3116 2275 3294 2329 idonei
3318 2288 3446 2331 sunt

1862 2357 1929 2410 ad
1959 2359 2359 2426 praedicationis
2389 2359 2639 2423 cilicium,
2668 2362 2755 2428 qui
2787 2362 2992 2417 nullum
3019 2370 3245 2418 terrente
3273 2364 3444 2420 facul-

1862 2449 1987 2501 tatis
2010 2449 2284 2514 possident
2306 2449 2509 2504 lucrum
2541 2468 2553 2503 :
2580 2460 2633 2505 et
2653 2454 2779 2505 dum
2808 2454 3012 2523 aliquid
3038 2456 3310 2527 singulare
3333 2475 3440 2514 non

1861 2537 2060 2594 habent
2080 2579 2093 2601 ,
2121 2540 2481 2594 communiter
2508 2541 2687 2595 omnia
2730 2543 3043 2610 possident?
3063 2545 3207 2600 Nihil
3235 2547 3445 2602 scilicet

1863 2626 2219 2692 habentcs,et
2238 2629 2418 2683 omnia
2441 2630 2777 2699 possidentes
2799 2630 3068 2703 (IICor.).
3095 2633 3136 2689 li
3161 2635 3440 2702 nimirum,

1860 2714 1988 2768 dum
2022 2717 2182 2771 nullis
2214 2728 2549 2772 terrenarum
2592 2736 2772 2774 rerum
2818 2723 3222 2791 praepediuntur
3260 2727 3443 2781 obsta-

1861 2804 1996 2859 culis
2018 2846 2032 2870 ,
2061 2807 2295 2874 expediti
2325 2817 2469 2862 stant
2492 2823 2589 2876 pro
2617 2809 2913 2866 Dominicis
2946 2814 3144 2867 castris
3168 2815 3221 2868 in
3249 2829 3441 2885 campo

1861 2898 2207 2960 certaminis;
2246 2906 2301 2947 et
2329 2897 2454 2965 quia
2505 2897 2666 2952 rebus
2712 2900 2880 2964 exuti,
2903 2901 3035 2955 solis
3066 2902 3324 2957 virtutum
3352 2918 3445 2956 ara

1860 2985 1962 3038 mis
1986 2984 2243 3050 accincti,
2276 2985 2453 3054 gladio
2490 2987 2736 3053 spiritus,
2773 2986 3033 3042 adversus
3066 2990 3318 3045 vitiorum
3362 2992 3444 3046 di-

1860 3073 2064 3127 micant
2102 3073 2281 3137 acies,
2330 3073 2506 3127 idonei
2550 3075 2836 3128 bellatores
2879 3084 3005 3131 sunt
3049 3077 3441 3133 obluctantium

1858 3162 2096 3217 hostium
2118 3163 2447 3217 obtruncare
2468 3163 2730 3216 cervices.
2762 3163 2859 3217 Cui
2892 3164 3148 3219 nimirum
3176 3166 3318 3222 bello
3343 3166 3442 3221 im-

1858 3265 2015 3320 pares
2040 3260 2194 3311 sunt,
2225 3249 2390 3321 494
2425 3260 2481 3305 et
2520 3252 2794 3305 enerviter
2823 3251 3049 3317 cedunt,
3079 3255 3171 3323 qui
3198 3269 3444 3310 commu-

1858 3342 2016 3394 nibus
2047 3355 2151 3393 non
2178 3340 2446 3402 contenti,
2491 3340 2685 3409 peculii
2731 3341 3018 3411 singularis
3046 3345 3289 3399 ambiunt
3318 3362 3443 3415 pro-

1858 3428 2087 3495 prietate
2115 3428 2347 3496 gravari.
2382 3427 2520 3481 Hinc
2566 3436 2683 3493 est,
2724 3428 2866 3498 quod
2918 3430 2971 3483 in
3018 3431 3443 3491 Deuteronomio

1857 3515 2220 3582 gradientibus
2260 3515 2325 3568 ad
2374 3513 2618 3584 praelium
2668 3516 2870 3570 dicitur
2919 3536 2931 3570 :
2989 3537 3007 3569 ‹
3044 3520 3304 3590 Quisquis
3348 3531 3435 3577 est

1858 3604 2045 3669 homo,
2090 3604 2178 3672 qui
2214 3604 2475 3672 plantavit
2523 3605 2764 3673 vineam,
2797 3615 2852 3660 et
2900 3612 3129 3665 necdum
3161 3612 3290 3667 fecit
3315 3627 3438 3667 eam

1855 3709 1973 3749 esse
2015 3711 2386 3761 communem,
2415 3704 2469 3750 et
2507 3695 2572 3752 de
2620 3711 2727 3766 qua
2756 3698 2901 3753 vesci
2944 3702 3196 3756 omnibus
3237 3702 3434 3766 liceat,

1856 3786 2015 3840 vadat
2051 3786 2105 3839 et
2147 3794 2457 3840 revertatur
2489 3787 2541 3839 in
2589 3787 2807 3840 domum
2847 3800 3033 3855 suam,
3065 3804 3135 3844 ne
3162 3790 3303 3845 forte
3326 3807 3440 3845 mo-

1855 3874 2029 3928 riatur
2054 3875 2107 3928 in
2136 3873 2308 3939 bello,
2346 3882 2401 3928 et
2440 3874 2577 3929 alius
2620 3873 2782 3930 homo
2820 3875 2938 3944 ejus
2967 3877 3224 3947 fungatur
3261 3879 3441 3935 cilicio

1857 3964 2035 4032 (Deut.
2071 3965 2185 4033 xx).
2226 3983 2246 4017 ι

1928 4055 2031 4109 Sed
2071 4056 2214 4123 jam,
2256 4057 2579 4112 venerabilis
2606 4068 2781 4128 pater,
2814 4062 3031 4117 incultas
3061 4063 3443 4133 disputationis

1855 4148 2188 4217 protraxisse
2236 4162 2544 4203 sermonem
2576 4149 2857 4219 hucusque
2905 4150 3181 4205 suliiciat:
3222 4166 3440 4207 verum-

1859 4245 2037 4289 tamen
2069 4246 2127 4289 ut
2156 4237 2269 4290 haec
2300 4237 2440 4305 apud
2484 4238 2913 4293 inobedientium
2944 4240 3264 4295 clericorum
3284 4280 3299 4305 ,
3328 4241 3440 4295 imo

1858 4326 2308 4379 nninmicolarum
2336 4324 2684 4379 rebellionem
2708 4326 3004 4383 etIicaciter
3050 4329 3281 4398 valeant,
3306 4344 3432 4385 san-

173 4404 223 4447 et
261 4396 395 4452 bene
443 4397 679 4453 dicentis
719 4398 1049 4453 conscientia
1099 4400 1329 4469 pungit,
1383 4397 1509 4451 dum
1555 4398 1607 4451 in
1661 4412 1745 4457 eo.
1780 4439 1828 4497 Β
1854 4422 1972 4470 ειυς
2003 4416 2337 4484 apostolatus
2364 4415 2531 4469 vestri
2559 4416 2712 4485 vigor
2738 4415 2999 4486 impellat.

172 4484 308 4547 quod
345 4486 689 4540 extrinsecus
732 4485 995 4556 loquitur,
1048 4488 1280 4556 quodam
1334 4487 1554 4557 pudoris
1586 4495 1749 4555 atque

176 4570 474 4629 formidinis
502 4576 723 4630 stimulo
764 4576 1089 4632 intrinsecus
1126 4578 1421 4632 sauclatur.

793 4665 1019 4721 CAPUT
1062 4668 1145 4721 Vl.

344 4753 424 4804 Ad
447 4753 842 4822 pra°dicmianis
865 4756 1091 4824 officium
1128 4756 1219 4825 qui
1246 4755 1347 4807 sint
1370 4754 1569 4806 idonei.

240 4838 308 4894 llt
330 4859 465 4913 ergo
490 4844 555 4897 ad
577 4859 692 4909 eos,
709 4858 739 4897 a
767 4844 962 4914 quibus
987 4854 1251 4911 creuerat,
1275 4859 1455 4900 sermo
1483 4850 1747 4908 recurrat,

442 5738 725 5802 Ῥιτειυι..
764 5741 1019 5807 CXLV:-

2178 4545 2256 4600 Sit
2287 4562 2473 4599 nomen
2514 4545 2724 4599 Domini
2767 4545 3113 4601 benedictum.

3025 5736 3104 5801 10
