5664 6652
19 6383 844 6652 by

2329 564 2431 623 ιοι

2736 565 2797 622 8.
2834 563 3035 621 Ρετιιι
3080 564 3363 622 DAHIANI
3399 568 3550 625 OPP.
3580 566 3814 625 TOIUS
3843 570 3975 626 εει]
4011 569 4190 625 PARS
4228 569 4309 623 lli.
4351 598 4417 609 —
4451 567 4811 627 OPUSCULA
4852 563 5076 622 VARIA.

5427 567 5515 625 ιη

2452 848 2802 923 ⁸³⁵⁸³⁸
2881 870 3721 993 OPUSCULUM
3805 872 4597 988 VICESIMUM
4680 873 5383 1005 QUINTUM-

3356 1086 3472 1149 DE
3520 1084 3961 1151 DIGNITATE
4007 1088 4504 1152 SACERDOTII.

2318 1390 2802 1466 AlGUIENTUl:
2822 1386 2921 1442 Hic
2952 1395 3092 1441 totus
3120 1385 3173 1439 in
3202 1401 3267 1441 eo
3290 1393 3406 1466 est,
3437 1394 3497 1440 ut
3522 1384 3770 1466 ostendat
3801 1399 3917 1463 quae
3950 1384 4020 1437 sit
4050 1384 4283 1466 dignitas
4309 1385 4605 1463 sacerdotis
4622 1376 4643 1448 ,³
4666 1386 4807 1452 quod
4835 1385 5095 1466 officium,
5127 1388 5514 1466 quantasitei,

2389 1462 2477 1527 qui
2527 1470 2633 1513 tam
2665 1458 2888 1513 sublime
2929 1472 3146 1527 munus,
3171 1457 3464 1527 sustineat,
3506 1457 3804 1527 praestanda
3852 1456 4200 1527 innocentia;
4232 1464 4286 1505 et
4333 1470 4493 1521 quam
4525 1456 4611 1527 sit
4644 1472 4748 1507 non
4797 1459 4952 1507 modo
4988 1458 5188 1509 crimen
5210 1497 5223 1517 ,
5256 1458 5344 1510 sed
5368 1458 5513 1511 etiam

2386 1522 2627 1581 criminis
2660 1526 2895 1596 suspicio
2938 1524 3206 1596 fugienda.
3254 1525 3309 1578 ln
3352 1522 3620 1594 prin’cipio
3665 1532 3875 1588 autem,
3912 1524 4053 1590 quod
4094 1522 4291 1576 oblitus
4323 1538 4471 1576 eram
4506 1525 4711 1587 dicere,
4746 1527 4945 1593 gratias
4993 1527 5101 1595 agit
5147 1526 5344 1592 eidem,
5389 1528 5515 1596 quod

2386 1596 2551 1650 multa
2581 1594 2801 1650 munera
2832 1594 2898 1647 ad
2927 1608 2986 1648 se
3013 1594 3270 1647 misisset.

2388 1749 2597 1803 Donmo
2624 1748 2685 1800 Α.
2720 1745 3020 1801 Venerabili
3060 1746 3491 1817 archiepiscopo,
3520 1746 3728 1801 Perses
3751 1760 3875 1814 pec-
3905 1750 3947 1806 Α
3978 1742 4201 1805 scindet,
4251 1755 4299 1798 et
4352 1747 4417 1798 ad
4460 1760 4672 1799 onmem
4728 1755 4995 1801 mortuum
5044 1762 5147 1801 non
5205 1740 5517 1815 ingredietur

2309 1846 2462 1891 calor
2490 1838 2781 1889 monachus
2813 1836 3133 1903 plenissimae
3173 1837 3466 1889 devotionis
3493 1835 3763 1888 affectum.

2378 1928 2510 1981 Cum
2567 1927 2886 1996 patriarchae
2925 1926 3088 1981 Jacob
3135 1928 3244 1979 tilio
3295 1943 3392 1979 suo
3440 1926 3635 1995 Joscph
3683 1928 3863 1981 dicat:

3969 1840 4184 1889 omnino
4222 1852 4235 1888 :
4274 1852 4433 1903 siiper
4482 1846 4632 1905 patre
4675 1852 4887 1907 quoque
4932 1853 5063 1901 suo,
5107 1852 5157 1891 et
5207 1850 5376 1893 matre
5419 1856 5513 1893 non

3970 1930 4450 1992 contamiuahitur,
4502 1946 4673 1997 neque
4718 1930 5020 1999 egredietur
5067 1930 5131 1983 de
5184 1932 5412 1997 sanctis,
5458 1947 5517 1986 ne

2314 2034 2331 2067 ι
2362 2014 2770 2069 Benedictiones
2790 2016 3381 2083 patristuiconfortatae
3401 2027 3527 2070 sunt
3553 2018 3868 2071 benedictio-
3968 2018 4169 2084 polluat
4213 2022 4575 2072 sanctuarium
4642 2020 4887 2083 Domini,
4938 2021 5061 2087 quia
5108 2020 5281 2073 oleum
5328 2032 5513 2075 sanctze

2305 2108 2463 2160 nibus
2490 2113 2699 2173 patrum
2743 2106 2858 2174 ejus
2902 2102 3051 2173 (Gen.
3095 2109 3273 2171 xux);
3316 2127 3333 2158 ι
3369 2123 3467 2177 ego
3495 2121 3729 2176 congrue
3747 2121 3865 2176 pos-

2303 2208 2422 2247 sum
2455 2193 2633 2247 dicere
2679 2209 2693 2246 :
2748 2191 2872 2260 quia
2919 2192 3319 2247 benedictiones
3361 2198 3530 2261 patris
3579 2195 3709 2256 mei,
3760 2209 3864 2247 non

2303 2292 2547 2353 patrum,
2573 2284 2667 2337 sed
2692 2282 2929 2352 ejusdem
2957 2283 3125 2351 patris
3157 2285 3259 2337 mei
3284 2324 3295 2346 ,
3330 2297 3453 2337 sunt
3482 2286 3863 2339 benedictioni-

2302 2375 2403 2430 bus
2437 2374 2768 2429 confortataa.
2803 2374 2901 2425 Tot
2934 2375 3131 2441 quippe
3173 2377 3568 2430 benedictiones
3616 2378 3858 2441 fuerunt,

2301 2476 2436 2532 quas
2454 2464 2585 2517 mihi
2612 2464 2901 2517 liberalitas
2926 2473 3097 2517 vestra
3129 2465 3346 2530 direxit,
3376 2478 3431 2519 ut
3460 2483 3564 2519 una
3590 2482 3861 2522 commen-

2300 2556 2481 2609 dasset
2502 2555 2748 2621 alteram,
2776 2566 2828 2609 et
2858 2565 3141 2625 sequentes
3169 2572 3284 2622 eas,
3308 2575 3427 2627 quae
3450 2572 3857 2629 praecesserant,

2299 2656 2457 2715 prout
2485 2645 2765 2716 Scriptura
2788 2646 3044 2715 loquitur,
3067 2647 3461 2703 conlortarent.
3486 2648 3655 2705 Porro
3680 2660 3860 2705 autem

2298 2734 2342 2787 si
2373 2734 2537 2788 David
2566 2735 2857 2804 gratiarum
2895 2736 3192 2804 promeruit
3221 2732 3484 2800 actiones,
3508 2752 3629 2792 cum
3660 2739 3727 2807 de
3748 2754 3863 2793 ma-

2298 2825 2511 2891 nnbiis,
2536 2839 2674 2894 quas
2717 2824 3027 2879 Amalecitis
3053 2825 3372 2890 abstulerat,
3398 2829 3699 2884 senioribus
3720 2828 3858 2885 Juda

2298 2916 2434 2967 dona
2483 2915 2903 2976 transmitteret,
2933 2914 3115 2967 dicens
3148 2932 3161 2967 :
3198 2933 3215 2965 ι
3246 2917 3487 2983 Accipite
3530 2920 3858 2975 benedictio—

2293 3021 2415 3058 nem
2438 3008 2503 3059 de
2520 3005 2701 3073 praeda
2724 3005 2955 3059 hostium
2980 3006 3187 3060 Domini
3214 3006 3264 3077 (I
3286 3007 3413 3077 Reg.
3439 3010 3595 3079 xxx):
3619 3019 3853 3080 iquanto

3968 2108 4235 2159 unctionis
4270 2109 4357 2161 Dei
4389 2112 4468 2161 sui
4504 2123 4665 2175 super
4703 2124 4823 2162 eum
4866 2120 4945 2161 est
4972 2106 5153 2176 (Lerit.
5185 2108 5317 2178 axi).
5352 2127 5370 2161 ι
5399 2108 5516 2163 Oleo

3965 2200 4159 2267 quippe
4208 2208 4369 2267 caput
4417 2200 4713 2253 sacerdOtis
4744 2199 5031 2267 inungitur,
5063 2213 5179 2251 cum
5228 2214 5376 2253 mens
5411 2198 5517 2266 ejus

3965 2290 4131 2341 sancti
4185 2290 4415 2357 Spiritus
4464 2291 4783 2358 pinguedine
4830 2293 5118 2358 saginatur.
5158 2290 5315 2354 Cujus
5362 2292 5515 2344 etiam

3963 2392 4151 2431 manus
4180 2378 4318 2431 idem
4350 2379 4524 2431 oleum
4558 2386 4869 2437 consecrat.
4904 2395 5022 2432 cuin
5057 2380 5205 2433 bonae
5237 2380 5517 2431 voluntatis

3962 2467 4195 2518 studium
4220 2507 4231 2529 ,
4258 2469 4399 2534 quod
4432 2468 4685 2522 sacerdos
4732 2481 4909 2522 versat
4939 2469 4991 2520 in
5021 2476 5228 2532 mente,
5260 2478 5309 2521 et
5348 2469 5516 2522 visibi-

3961 2552 4083 2608 liter
4108 2556 4342 2609 05tendit
4374 2556 4425 2609 in
4452 2570 4631 2624 opere.

4468 2644 4693 2700 CAPUT
4733 2643 5018 2699 PRIMUM.

4183 2732 4321 2796 Quid
4358 2734 4421 2785 sit
4449 2734 4767 2786 sacerdotem
4797 2738 4859 2787 de
4885 2734 5076 2787 sanctis
5120 2736 5311 2801 egredi.

4028 2818 4212 2874 Sancti
4260 2822 4416 2889 plane
4458 2824 4755 2877 sacerdotis
4779 2830 4893 2887 est,
4925 2832 4980 2875 et
5004 2836 5121 2891 quae
5148 2831 5329 2877 sancta
5362 2831 5509 2891 sunt,

3956 2913 4225 2980 cOgitare;
4253 2922 4308 2964 et
4332 2928 4451 2980 qua!
4491 2922 4668 2967 mente
4694 2914 5031 2984 conceperit,
5062 2915 5221 2967 etiam
5263 2930 5317 2968 ιιι
5346 2917 5513 2984 operi-

3955 3000 4055 3054 bus
4104 3002 4384 3054 evidenter
4432 3003 4734 3073 exprimere
4782 3017 4798 3055 :
4842 3003 5074 3072 alioquin
5123 3002 5251 3071 quid
5302 3003 5513 3072 prodest

2282 3093 2529 3161 potiores
2548 3105 2647 3161 ego
2671 3092 2871 3158 gratias
2900 3092 3087 3157 debeo,
3111 3095 3200 3162 qui
3228 3076 3630 3151 benedictiones
3667 3076 3851 3168 accepi
3886 3076 3925 3133 Β
3955 3087 4150 3140 bonum
4180 3088 4395 3156 aliquod
4443 3089 4712 3159 cogitare.
4756 3090 4859 3144 nisi
4888 3090 5116 3146 solerter
5143 3090 5385 3159 invisﬂet
5410 3091 5507 3146 hoc

2291 3198 2399 3235 non
2430 3189 2738 3235 cruentatas
2762 3181 3009 3235 manibus
3032 3182 3265 3236 hostium
3297 3184 3633 3249 Domini,sed
3658 3190 3858 3243 sancti-

2291 3272 2513 3336 fiCatas,
2558 3280 2719 3340 atque
2764 3272 3102 3341 depromptas
3150 3287 3180 3327 e
3240 3276 3547 3331 sanctuario
3604 3279 3850 3333 Dominil

2293 3361 2491 3414 Verum
2538 3369 2591 3413 ut
2618 3361 2686 3415 ab
2723 3360 3006 3414 occasione
3045 3363 3403 3430 corporalium
3442 3380 3756 3435 munerum,
3785 3368 3853 3423 ad

2290 3447 2652 3519 spiritualium
2686 3446 3121 3503 benedictionum
3152 3464 3211 3505 se
3243 3464 3423 3506 sermo
3452 3453 3649 3523 dirigat
3674 3471 3851 3510 sacra-

2288 3544 2569 3601 mentum;
2615 3550 2738 3591 cum
2781 3532 3054 3606 apostolus
3099 3538 3202 3591 hoc
3250 3539 3303 3593 in
3354 3555 3551 3611 magna
3595 3542 3853 3600 felicitate

2290 3624 2585 3681 constituat
2610 3664 2626 3691 ,
2654 3624 2794 3693 quod
2827 3626 2957 3679 dicit
2991 3644 3003 3678 :
3047 3644 3065 3677 ι
3100 3627 3158 3680 1η
3194 3628 3296 3683 hoc
3319 3632 3493 3685 vocati
3524 3633 3654 3687 estis
3680 3643 3739 3688 ut
3766 3634 3852 3688 be-

2288 3712 2648 3767 nedictionem
2678 3713 2991 3769 hereditate
3026 3716 3345 3784 possideatis
3393 3718 3444 3789 (ι
3494 3719 3637 3773 Petr.
3674 3722 3791 3792 tu);
3827 3741 3847 3775 ι

2288 3809 2493 3868 quanta
2522 3800 2702 3865 vobis,
2733 3801 2833 3855 hoc
2856 3811 2969 3866 est,
3006 3805 3234 3858 summis
3275 3804 3528 3860 Ecclesia:
3555 3810 3850 3865 sacerdoti-

2285 3888 2389 3943 bus
2418 3898 2501 3943 est
2522 3887 2757 3959 dignitas
2804 3900 3101 3961 praerugata
3125 3931 3140 3955 ,
3180 3900 3239 3945 ut
3287 3892 3713 3950 benedictionem
3742 3912 3849 3953 non

2285 3977 2447 4032 modo
2480 3977 2631 4032 vobis
2658 3978 2953 4032 exhibitam
2983 3980 3282 4047 possidere,
3313 3982 3407 4036 sed
3434 3984 3653 4053 possitis
3684 3986 3847 4041 etiam

2289 4066 2413 4120 aliis
2438 4065 2681 4121 tradere!
2715 4064 2779 4119 Et
2800 4081 2906 4121 non
2934 4068 3364 4137 qualemcunque
3385 4110 3401 4135 ,
3435 4071 3527 4126 sed
3551 4073 3713 4127 etiam
3736 4074 3850 4143 epi-

2289 4156 2593 4227 scopalem,
2630 4173 2725 4227 per
2765 4173 2925 4227 quam
2974 4158 3211 4226 scilicet,
3238 4160 3402 4215 vestri
3423 4159 3561 4228 juris
3587 4172 3671 4219 est
3705 4164 3849 4221 ordi-

2286 4260 2421 4300 nare
2449 4244 2754 4314 pontificem
2779 4262 2793 4311 ;
2820 4255 2875 4301 et
2922 4260 3044 4301 cum
3086 4260 3193 4301 non
3220 4247 3368 4315 parvi
3402 4249 3624 4305 terroris
3650 4250 3720 4306 sit
3761 4260 3846 4307 at-

2287 4347 2393 4402 que
2408 4330 2713 4387 formidinis
2734 4346 2853 4388 esse
2875 4333 2957 4388 vel
2976 4331 3246 4389 inferioris
3268 4335 3473 4391 ordinis
3489 4338 3844 4405 sacerdotem,

3960 3176 4131 3242 ipsum
4161 3186 4213 3229 et
4245 3176 4297 3228 in
4326 3178 4639 3244 operatione
4667 3178 4957 3245 perﬁcere?

4026 3266 4417 3319 Elaborandttm
4445 3277 4527 3320 est
4555 3282 4683 3337 ergo
4704 3269 4995 3333 sacerdoti,
5019 3277 5078 3323 ut
5102 3278 5156 3323 et
5188 3278 5343 3339 caput
5375 3269 5512 3325 illius

3954 3367 4325 3409 consecratum
4356 3357 4426 3409 sit
4453 3372 4549 3425 per
4574 3360 4674 3426 piae
4713 3358 5004 3414 voluntatis
5035 3360 5303 3424 intuitum,
5330 3370 5383 3415 et
5403 3375 5510 3414 ma-

3954 3456 4055 3495 nus
4084 3440 4200 3508 ejus
4227 3440 4523 3511 spiritualis
4543 3444 4646 3498 olei
4670 3444 4779 3498 sint
4812 3446 5136 3500 charismate
5156 3446 5401 3501 delibuta:
5419 3461 5513 3516 per

3951 3527 4171 3582 evidens
4210 3539 4412 3583 sancta:
4440 3530 4770 3600 operationis
4806 3531 5078 3587 indicium.
5106 3532 5205 3599 Qui
5231 3534 5390 3589 etiam
5418 3547 5507 3587 ve-

3951 3616 4110 3670 stitus
4138 3619 4338 3671 sanctis
4377 3618 4617 3673 vestibus
4654 3620 4872 3685 dicitur,
4903 3620 5027 3689 quia
5070 3620 5283 3689 dignum
5315 3630 5423 3686 est,
5450 3630 5511 3675 ut

3952 3708 4202 3761 sacerdos
4235 3708 4446 3775 pietatis
4474 3707 4635 3778 497
4668 3717 4829 3778 atque
4852 3708 5072 3779 justitiae
5106 3722 5317 3778 semper
5354 3707 5511 3762 indu-

3950 3796 4052 3851 viis
4096 3798 4407 3863 adornatur,
4469 3799 4609 3854 sicut
4664 3798 4921 3869 scriptum
4974 3807 5097 3853 est:
5135 3816 5153 3849 ι
5190 3796 5509 3852 Sacerdotes

3949 3888 4025 3941 tui
4050 3887 4271 3942 inouant
4313 3888 4577 3955 justitiam
4626 3887 4797 3958 (Psal.
4837 3889 5039 3956 cxxxt).
5080 3906 5099 3939 ι
5132 3887 5227 3943 Cui
5264 3888 5505 3957 praecipi-

3948 3982 4057 4039 tur,
4083 3984 4142 4028 ut
4163 3985 4322 4044 caput
4375 3991 4529 4029 suum
4560 3992 4666 4030 non
4696 3977 5072 4047 discooperiat,
5104 3976 5158 4031 id
5189 3984 5289 4039 est,
5312 3984 5370 4029 ut
5412 3989 5506 4030 cor

3948 4073 4105 4115 suum
4135 4060 4295 4126 hujus
4319 4062 4501 4117 mundi
4528 4063 4809 4119 desideriis
4834 4078 4941 4119 non
4969 4064 5265 4133 expandat,
5296 4063 5389 4117 sed
5410 4077 5501 4117 oc-

3948 4150 4151 4205 cultum
4186 4167 4399 4221 semper
4440 4154 4491 4205 in
4523 4153 4852 4222 adipiscendi
4884 4153 5032 4223 regni
5072 4151 5501 4207 ctelestisinten-

3948 4243 4097 4298 tione
4133 4244 4416 4298 custodiat.
4441 4242 4668 4299 Jubetur
4694 4247 4859 4299 etiam
4891 4244 5203 4298 vestimenta
5228 4256 5328 4295 non
5357 4242 5500 4296 scin-

3951 4334 4104 4397 dere,
4165 4333 4434 4398 videlicet,
4477 4343 4538 4388 ut
4576 4334 4656 4389 sic
4692 4348 4905 4405 semper
4955 4333 5247 4389 honestatis
5293 4346 5354 4386 ac
5405 4334 5503 4400 pia

2283 4423 2540 4479 nimirum
2570 4424 2671 4494 ipsi
2700 4438 2912 4493 quoque
2940 4423 3057 4493 lege
3077 4426 3402 4496 pmipitur,
3431 4436 3489 4481 ut
3512 4428 3692 4499 populi
3717 4443 3842 4499 por-
3874 4408 3919 4469 (ἶ
3950 4424 4376 4477 conversationis
4425 4431 4575 4479 veste
4608 4432 4885 4479 contectus
4928 4423 5168 4488 incedat;
5205 4436 5305 4487 ne,
5356 4422 5499 4490 quol

2282 4523 2361 4570 tet
2384 4514 2722 4583 iniquitatem
2764 4513 2953 4584 (Nam.
2991 4515 3148 4587 xvnt)
3178 4532 3195 4582 ;
3224 4531 3383 4585 quam
3411 4520 3708 4587 pavendum
3755 4528 3841 4575 est

2284 4621 2350 4661 ac
2404 4605 2734 4659 tremefactis
2773 4604 3067 4667 visceribus
3114 4604 3529 4673 formidandum,
3594 4610 3841 4665 omnibus

2279 4708 2426 4747 nunc
2473 4692 2525 4745 in
2578 4692 2941 4747 ecclesiastica
3009 4694 3266 4764 dignitate
3320 4695 3659 4764 praecellere,
3706 4713 3841 4767 quos

2273 4794 2429 4849 teque
2450 4794 2669 4835 necesse
2693 4790 2797 4844 est,
2825 4787 2879 4836 et
2906 4789 3033 4837 ante
3056 4797 3245 4839 omnes
3277 4784 3330 4837 in
3361 4786 3621 4841 tremendi
3641 4786 3841 4854 judicia

2274 4867 2531 4921 examine
2557 4871 2908 4937 responderel
2941 4868 3095 4926 Unde
3119 4872 3346 4927 sollicite
3391 4876 3839 4932 considerandum

2275 4963 2396 5021 est,
2426 4965 2486 5010 ut
2532 4972 2689 5026 quem
2734 4958 2801 5012 ad
2847 4959 3165 5014 obtinendas
3204 4963 3551 5017 ecclesiastici
3595 4966 3843 5023 culminis

2280 5049 2479 5103 infulas
2526 5050 2719 5104 summi
2764 5051 3047 5105 sacerdotii
3098 5052 3397 5109 sublimitas
3440 5055 3639 5119 elevat,
3689 5057 3844 5112 celsi-

2280 5140 2412 5194 tudo
2438 5155 2649 5209 quoque
2675 5140 2957 5197 laudabilis
2990 5150 3047 5215 et
3072 5143 3256 5198 arduae
3288 5147 3715 5200 conversationis
3764 5157 3842 5201 at-

2277 5228 2467 5293 tollat;
2496 5238 2551 5283 et
2580 5229 2716 5283 sicut
2742 5244 2839 5298 per
2862 5240 3103 5300 acceptae
3122 5231 3401 5301 dignitatis
3430 5232 3660 5288 sublime
3695 5233 3844 5288 fasti-

2279 5320 2426 5390 gium
2455 5319 2665 5372 caeteris
2694 5319 2924 5383 eminet,
2957 5320 3035 5374 sic
3061 5334 3183 5375 eum
3211 5336 3323 5391 pra:
3361 5321 3576 5377 caeteris
3604 5323 3709 5377 vita
3754 5338 3843 5378 su-

2277 5411 2623 5479 pereminens
2642 5451 2657 5475 ,
2681 5421 2734 5466 et
2777 5408 3130 5479 spiritualium
3162 5428 3370 5468 morum
3398 5413 3648 5483 splendor
3680 5430 3839 5469 exor-

2280 5510 2394 5556 net.
2418 5500 2568 5556 Unde
2611 5516 2707 5571 per
2735 5500 2952 5572 Moysen
2984 5502 3181 5557 dicitur
3208 5521 3221 5556 :
3265 5520 3284 5555 t
3317 5503 3565 5559 Pontifex
3589 5545 3604 5569 ,
3637 5506 3689 5559 id
3728 5515 3839 5568 est,

2282 5586 2534 5643 sacerdos
2556 5589 2971 5644 maximusinter
2987 5588 3180 5644 fratres
3192 5596 3335 5656 suos,
3351 5607 3513 5661 super
3525 5591 3672 5659 cujus
3685 5602 3843 5662 caput

2279 5673 2459 5731 fusum
2484 5687 2565 5731 est
2593 5680 2860 5733 unctionis
2880 5680 3058 5734 oleum
3076 5721 3091 5745 ,
3114 5688 3169 5733 et
3195 5679 3346 5747 cujus
3367 5697 3559 5736 manus
3587 5683 3639 5735 in
3668 5697 3845 5736 sacer-

3948 4513 4109 4577 absit,
4138 4514 4279 4569 hanc
4304 4515 4541 4583 perversi
4562 4514 4844 4585 cujuslibet
4862 4514 5040 4585 operis
5063 4512 5500 4582 interpretatione

3944 4602 4262 4671 disrumpat.
4288 4602 4613 4657 Prohibetur
4658 4604 4875 4672 insuper
4926 4609 4980 4656 et
5016 4601 5084 4655 ad
5115 4610 5381 4655 mortuum
5414 4602 5495 4653 in-

3942 4694 4121 4764 gredi;
4160 4695 4413 4748 nimirum
4469 4704 4528 4748 ut
4577 4693 4791 4749 studeat
4833 4708 4863 4747 a
4891 4691 5065 4757 malis,
5097 4690 5287 4761 quibus
5319 4690 5497 4743 anima

3945 4786 4193 4848 moritur,
4228 4785 4414 4853 pedem
4444 4792 4600 4839 caute
4631 4783 4967 4847 subtrahere,
4996 4794 5219 4849 seseque
5246 4780 5313 4833 ab
5363 4792 5497 4849 epe-

3946 4873 4094 4927 ribus
4144 4873 4371 4929 mortuis
4420 4871 4665 4940 pervigili
4710 4870 5064 4926 sollicitudine
5099 4866 5387 4921 custodire.
5422 4865 5501 4918 De

3944 4956 4135 5030 quibus
4176 4963 4307 5015 dicit
4347 4960 4673 5030 Apostolus:
4710 4976 4729 5011 ι
4758 4948 5005 5013 Christus
5056 4955 5248 5025 eripuit
5282 4968 5380 5007 nos
5429 4954 5499 5006 ab

3944 5050 4201 5120 operibus
4224 5050 4455 5105 mortuis
4475 5050 4543 5103 ad
4569 5048 4911 5104 serviendum
4941 5047 5050 5101 Deo
5072 5044 5267 5099 viventi
5307 5041 5496 5112 (Hebr.

3945 5142 4043 5210 ix).
4085 5159 4102 5190 ι
4140 5138 4493 5207 Subjungitur
4531 5138 4718 5203 etiam,
4748 5144 4807 5191 ut
4859 5149 5019 5206 super
5058 5142 5211 5204 patre
5238 5142 5292 5186 et
5322 5141 5501 5185 matre

3946 5243 4050 5281 non
4074 5228 4487 5289 contaminetur,
4534 5226 4586 5281 id
4610 5234 4713 5291 est,
4736 5236 4796 5279 ut
4822 5240 4993 5294 neque
5032 5222 5209 5278 mundi
5240 5221 5497 5291 negotiis,

3944 5333 4118 5387 neque
4143 5317 4391 5371 mortalis
4421 5315 4576 5383 hujus
4601 5316 4723 5370 vita:
4744 5314 5007 5371 desiderio
5034 5312 5314 5381 polluatur.
5341 5309 5501 5364 Unde

3943 5406 4079 5463 bene
4099 5404 4459 5475 subjungitur,
4485 5408 4549 5461 de
4570 5406 4772 5461 sanctis
4798 5419 4903 5458 non
4930 5402 5255 5473 egredietur,
5286 5415 5352 5455 ne
5385 5399 5501 5464 pol-

3943 5496 4055 5549 luat
4105 5480 4468 5549 sanctuarium
4512 5511 4711 5550 meum.
4741 5494 4816 5549 De
4844 5493 5040 5549 sanctis
5061 5491 5202 5546 enim
5248 5491 5505 5545 sacerdos

3943 5586 4235 5656 egreditur,
4264 5601 4383 5640 cum
4413 5584 4670 5655 neglectis
4704 5584 5001 5639 animarum
5032 5580 5175 5635 curis
5227 5594 5322 5648 per
5350 5578 5503 5633 desi-

3951 5675 4093 5729 deria
4124 5685 4335 5730 terrena
4379 5685 4623 5745 vagatur.
4671 5674 4745 5729 De
4793 5673 4993 5728 sanctis
5037 5670 5327 5742 egreditur.
5376 5684 5502 5725 cum

2280 5765 2429 5821 dotio
2465 5778 2790 5824 consecrata:
2842 5780 2997 5838 sunt,
3032 5746 3367 5841 vestitusque
3396 5782 3477 5829 est
3524 5774 3722 5828 sanctis
3760 5788 3850 5827 ve-
3874 5746 3927 5805 Β
3952 5768 4315 5824 ecclesiastica
4380 5766 4657 5837 disciplina
4721 5764 5013 5836 postposita
5035 5803 5049 5829 ,
5112 5760 5504 5815 transeuntium

2280 5858 2468 5925 stibus,
2485 5869 2640 5932 caput
2663 5875 2817 5917 suum
2840 5877 2945 5919 non
2967 5863 3325 5934 discoopcriet
3347 5905 3361 5931 ,
3394 5866 3712 5923 vestimenta
3733 5879 3836 5920 non

3950 5876 4232 5918 causarum
4289 5861 4519 5931 negotiis
4562 5859 4964 5917 immoderatius
5021 5854 5340 5926 implicatur.
5398 5850 5505 5908 Ubi
