5664 6620
691 389 792 448 ωδ

1540 399 1784 457 OPUSC.
1823 401 1988 458 XXV.
2021 430 2089 440 -—
2131 399 2218 457 DE
2237 399 2606 461 DIGNITATE
2645 406 3077 464 SACERDOTII.

3837 419 3946 474 ιειι

692 513 812 559 mox
863 511 983 572 apte
1022 503 1404 576 subjungitur:
1453 525 1472 558 ο
1502 507 1579 563 Ne
1629 510 1830 579 polluat
1883 511 2247 565 sanctuarium
2280 521 2328 576 Α
2355 513 2438 566 vir
2456 512 2724 585 jungitur,
2768 517 2994 589 ejusque
3043 517 3183 575 male
3230 517 3559 579 blandientis
3601 528 3945 598 amplexibus

690 601 884 646 meum.
922 610 941 646 ι
969 593 1348 651 Sanctuarium
1387 598 1584 668 quippe
1629 601 1906 668 polluitur,
1931 617 2054 656 cum
2081 617 2257 655 sacer-

690 681 781 736 dos
800 683 1025 752 quilibet
1052 703 1149 755 per
1178 696 1393 742 terrena
1419 689 1685 744 desideria
1704 705 1946 760 sparsus,
1970 691 2258 760 causisque

687 771 1030 828 mularibus
1055 775 1366 842 dissolutus,
1393 780 1755 834 sacrosanctis
1799 780 2064 835 altaribus
2092 783 2256 834 adda-

685 867 797 914 cter
815 863 1072 916 assistere
1095 881 1199 918 non
1225 875 1466 932 veretur;
1486 883 1608 922 eum
1632 868 1880 923 videlicet
1902 870 1980 933 lit,
1996 871 2138 939 quod
2160 886 2257 938 per

685 951 1002 1018 prophetam
1032 951 1234 1006 dicitur
1266 972 1278 1007 :
1315 973 1333 1006 ‹
1363 955 1430 1009 Et
1451 958 1556 1011 erit
1585 956 1724 1010 sicut
1779 958 2026 1028 populus,
2059 960 2138 1014 sic
2164 959 2254 1014 sa-

683 1041 871 1094 cerdos
943 1042 1087 1109 (Isa.
1141 1044 1328 1114 xxiv).
1368 1065 1388 1098 ι
1451 1045 1813 1112 Quamobrem
1863 1059 1923 1103 υς
1977 1050 2250 1115 Ecclesia,

679 1128 876 1184 Christi
903 1133 957 1184 in
1023 1150 1118 1187 sua
1165 1136 1348 1205 vigere
1395 1139 1660 1192 munditia
1689 1139 1885 1204 valeat,
1937 1151 1992 1194 et
2018 1141 2253 1196 obsceno

679 1220 812 1273 male
875 1223 1301 1298 ministrantium
1364 1229 1613 1298 contagio
1663 1245 1773 1284 non
1817 1231 2114 1298 sordescat,
2140 1233 2250 1288 illic

675 1308 844 1364 adhuc
878 1297 1003 1380 apte
1031 1315 1372 1384 subjungitur
1398 1334 1413 1370 :
1443 1336 1460 1367 ι
1492 1297 1765 1388 Virginem
1803 1321 1966 1376 ducet
2001 1338 2247 1388 uxorem,

677 1414 777 1452 non
800 1402 1038 1466 viduam,
1085 1419 1189 1458 non
1229 1408 1585 1475 repudiatam,
1637 1419 1693 1466 et
1748 1412 2040 1476 sordidam,
2087 1424 2250 1482 atque

676 1491 1015 1544 meretricem
1060 1509 1165 1548 non
1221 1498 1472 1566 accipiet,
1527 1500 1622 1554 sed
1653 1503 1886 1570 puellam
1941 1505 2007 1557 de
2051 1508 2247 1575 populo

671 1591 782 1639 suo,
819 1594 882 1632 ne
905 1583 1258 1639 commisceat
1291 1587 1514 1657 stirpem
1543 1591 1758 1660 generis
1787 1593 1869 1646 sui
1892 1593 2048 1664 vulgo
2070 1598 2247 1664 gentis

670 1682 808 1734 BllZB;
844 1672 970 1738 quia
1004 1689 1101 1742 ego
1141 1675 1418 1742 Dominus,
1445 1679 1535 1748 qui
1587 1681 1866 1738 sanetilico
1912 1698 2033 1738 eum
2058 1683 2240 1754 (Levit.

676 1763 802 1826 ut).
839 1780 854 1810 ι
908 1761 1224 1819 Sacerdotis
1274 1783 1408 1821 uxor
1464 1783 1567 1824 vita
1623 1773 1763 1841 ejus,
1811 1784 1867 1827 et
1901 1779 2244 1833 conversatio

2359 603 2678 671 oblectatur,
2711 610 2898 679 nequit
2931 624 3000 664 ex
3040 625 3104 664 ea
3136 610 3355 680 liberos,
3382 615 3474 684 qui
3527 615 3638 674 Deo
3669 621 3944 690 placeant,

2358 696 2603 765 gignere;
2633 701 2760 769 quia
2786 715 2889 757 nee
2915 711 3092 772 potest
3115 719 3183 758 ex
3211 720 3396 760 amara
3419 709 3600 765 radice
3627 712 3798 767 dulcis
3826 715 3946 770 fru-

2358 797 2477 840 ctus
2506 787 2730 842 aﬂ‘erri:
2771 809 2790 841 ι
2820 790 2936 846 Non
2973 793 3119 848 enim
3153 803 3332 864 potest
3377 799 3542 854 arbor
3570 802 3710 855 mala
3734 803 3948 864 fructus
4041 801 4043 803 ’

2355 876 2527 933 bonos
2555 879 2734 936 facere
2764 882 2982 953 (Matth.
3026 886 3121 953 vr).
3154 905 3172 937 ι
3205 887 3358 944 Unde
3395 894 3698 948 cavendum
3747 907 3831 952 est
3856 915 3943 953 sa-

2351 969 2581 1033 cerdoti,
2607 986 2674 1024 ne
2695 972 2992 1038 sordidam,
3018 981 3470 1034 autmeretricem
3499 982 3663 1038 ducat
3689 1003 3944 1056 uxorem,

2353 1063 2449 1116 sed
2503 1073 2667 1119 casta:
2721 1080 2957 1136 semper,
3036 1077 3198 1138 atque
3253 1073 3465 1140 pudicae
3510 1082 3944 1138 conversationis

2351 1152 2604 1209 exhibeat
2627 1156 2990 1212 honestatem.
3026 1159 3104 1214 Ex
3143 1176 3248 1231 qua
3277 1163 3533 1220 nimirum
3562 1183 3670 1222 non
3699 1173 3940 1241 spurios,

2351 1247 2445 1301 sed
2469 1246 2741 1316 legitimos
2794 1251 2976 1306 valeat
3032 1253 3172 1308 ﬁlios
3208 1255 3448 1325 gignere,
3481 1260 3610 1313 dum
3642 1264 3822 1318 studet
3852 1265 3942 1320 in-

2349 1353 2555 1406 genuos
2599 1341 2864 1396 bonorum
2915 1359 3143 1414 operum
3189 1346 3420 1412 fructus,
3454 1350 3638 1406 divina
3676 1353 3944 1424 largiente

2349 1430 2543 1497 gratia,
2601 1432 2929 1501 germinare.
2962 1434 3194 1491 Necesse
3222 1448 3306 1494 est
3350 1455 3480 1511 ergo
3521 1452 3581 1497 ut
3629 1447 3942 1504 sacerdota-

2350 1517 2452 1571 lem
2482 1523 2738 1577 sacerdos
2797 1524 2960 1578 ducat
2990 1541 3238 1589 uxorem,
3297 1545 3364 1583 ex
3393 1547 3497 1600 qua
3553 1550 3937 1604 responsuram

2346 1614 2572 1673 paterno
2599 1611 2782 1678 generi
2822 1625 3074 1681 procreet
3101 1617 3359 1672 sobolem.
3391 1620 3542 1676 Unde
3573 1635 3626 1678 et
3660 1625 3770 1680 illic
3798 1643 3937 1684 con-

2345 1709 2476 1762 grue
2504 1698 2755 1751 subditur
2789 1718 2802 1752 :
2843 1719 2860 1750 ‹
2898 1701 3014 1755 Non
3048 1705 3400 1763 commisceat
3451 1711 3673 1778 stirpem
3715 1719 3952 1784 generis.

2345 1783 2426 1836 sui
2454 1785 2610 1855 vulgo
2637 1790 2816 1855 gentis
2857 1807 2967 1846 sua:
2997 1793 3182 1861 (Leuit.
3217 1800 3354 1866 XXI).
3391 1818 3406 1849 ›
3441 1798 3706 1859 Sacerdos
3728 1783 3934 1863 etenim

669 1862 768 1899 non
795 1849 1237 1908 inconvenienter
1259 1859 1559 1926 accipitur;
1591 1877 1709 1929 qua:
1728 1864 1937 1918 scilicet
1957 1869 2240 1938 essevirgo
2273 1858 2315 1915 Β
2342 1877 2558 1944 generis
2578 1881 2659 1932 sui
2691 1881 2914 1951 slirpem
2963 1886 3119 1954 vulgo
3145 1902 3256 1943 sum
3293 1893 3470 1960 genus
3521 1900 3777 1964 θεωρίων
3807 1915 3932 1956 cum

669 1940 973 1964 n-m4:_:l.-_
1016 1943 1098 1964 ,ιε
1133 1945 1190 1964 al-
1212 1946 1276 1964 ξφ-
1306 1963 1329 1964 ,,
1440 1951 1470 1964 ιο
1616 1951 1647 1964 ι.
1786 1955 1796 1964 ι
1885 1955 1896 1964 ι
2169 1961 2177 1964 _

667 1940 1098 2008 prmeipitur,ubi
1128 1945 1472 2005 abimmundi
1497 1951 1719 2020 spiritus
1748 1955 1986 2010 obsoleta
2005 1961 2236 2021 luxuria,

665 2027 752 2093 qui
776 2028 1006 2084 violator
1046 2042 1130 2086 est
1157 2036 1482 2102 animarum,
1536 2042 1792 2097 immunis
1842 2055 1898 2099 et
1925 2047 2236 2117 incorrupta

665 2127 920 2171 servetur.
953 2119 1069 2173 Non
1096 2122 1164 2176 sit
1198 2124 1374 2190 vidua,
1403 2129 1497 2182 sed
1521 2130 1726 2186 ctelesti
1768 2149 1968 2202 sponso
1997 2136 2137 2193 felici
2167 2141 2239 2194 sit

666 2201 860 2262 findere
879 2209 1151 2278 copulata.
1184 2213 1484 2284 Repudiata
1515 2235 1754 2290 quoque,
1781 2201 1845 2278 ac
1889 2229 2126 2293 sordida,
2152 2230 2235 2283 vel

661 2297 819 2350 etiam
855 2313 976 2356 esse
1037 2307 1296 2360 meretrix
1347 2309 1710 2379 interdicitur,
1770 2331 1837 2370 ne
1885 2319 2154 2385 videlicet,
2185 2324 2232 2376 si

660 2397 846 2454 apurea
870 2388 1129 2456 libidinis,
1181 2411 1245 2449 ac
1274 2395 1662 2456 luxuriantium
1689 2404 1940 2460 vitiorum
1968 2412 2235 2465 contami-

659 2478 870 2533 natione
893 2483 1172 2550 polluitur,
1205 2486 1273 2540 ab
1300 2491 1488 2544 eodem
1550 2493 1854 2550 animarum
1903 2513 2101 2568 sponso
2146 2500 2229 2557 fe-

661 2568 1004 2628 ralidivortio
1033 2587 1333 2644 separetur.
1382 2579 1519 2638 Huic
1540 2587 1770 2640 sordidae
1803 2592 1958 2643 uxori
1996 2592 2230 2661 Aposto-

658 2660 735 2715 lus
759 2663 995 2720 libellum
1026 2671 1230 2738 repudii
1285 2671 1522 2740 dederat,
1578 2693 1700 2732 cum
1753 2681 2004 2737 dicebat:
2043 2660 2061 2734 ἆ
2099 2686 2229 2751 Quae

660 2752 780 2806 mihi
831 2756 1053 2810 fuerunt
1082 2759 1252 2826 lucra,
1307 2763 1422 2818 hate
1477 2767 1774 2823 arbitratus
1840 2785 1958 2825 sum
2009 2783 2226 2843 propter

655 2838 924 2898 Christum
977 2847 1321 2918 detrimenta,
1368 2865 1590 2924 propter
1626 2871 1787 2926 quem
1840 2862 2019 2914 omnia
2060 2863 2228 2918 detri-

657 2945 882 2989 mentum
908 2937 1039 3002 feci,
1057 2949 1110 2994 et
1136 2941 1372 2999 arbitror
1391 2947 1534 3000 velut
1562 2957 1799 3004 stercora
1829 2949 2049 3022 (Philip.
2072 2957 2176 3024 ιιι).
2198 2975 2215 3008 ι

653 3022 724 3074 Ac
753 3025 794 3078 si
823 3020 1252 3086 dicatz'Uxorem
1297 3033 1444 3087 illam
1469 3038 1744 3092 sordidam
1769 3055 1835 3094 ac
1854 3044 2217 3110 meretricem,

653 3114 732 3166 cui
757 3118 1037 3185 copulatus
1081 3123 1136 3175 in
1163 3122 1441 3180 Judaismo
1492 3127 1719 3193 fueram,
1776 3146 1872 3200 per
1929 3133 2216 3190 divortium

651 3201 1098 3279 desero,eamque
1111 3215 1316 3283 repudii
1334 3217 1937 3289 intervenientelibello,
1959 3233 2213 3296 tanquam
2245 3203 2290 3264 (ἶ

650 3301 848 3353 stercus
903 3302 1124 3372 abjicio.
1171 3305 1250 3359 Ex
1303 3307 1608 3374 huiusmodi
1662 3314 1859 3384 quippe
1918 3321 2219 3377 sacerdotis

651 3398 806 3442 uxore
829 3405 934 3444 non
982 3392 1117 3447 tales
1168 3395 1323 3450 liberi
1367 3411 1745 3468 procreantur,
1779 3407 1871 3476 qui
1911 3408 2019 3464 Deo
2049 3413 2220 3466 sacri-

650 3472 817 3530 licium
843 3479 1097 3546 oﬂ'erant,
1124 3486 1219 3540 sed
1249 3488 1428 3555 potius
1453 3492 1546 3558 qui
1583 3472 1951 3565 severitatem,
1980 3511 2033 3555 et
2061 3503 2216 3559 ultio-

648 3579 759 3622 nem
799 3571 999 3627 divina:
1049 3575 1536 3637 animadversionis
1585 3584 1885 3644 incurrant.
1920 3591 2057 3649 Hinc
2110 3608 2211 3662 est,

647 3658 777 3722 quod
803 3675 923 3715 cum
955 3663 1023 3717 ad
1067 3664 1202 3720 Osee
1231 3670 1548 3738 prophetam
1586 3676 1764 3731 divina
1797 3695 1929 3745 voce
1961 3685 2170 3742 dicatur

651 3762 666 3794 ι
705 3747 862 3816 Vade,
897 3768 1052 3810 sume
1077 3757 1171 3809 tibi
1215 3775 1434 3815 uxorem
1467 3762 1907 3837 fornicationum,
1949 3776 2072 3843 quia
2102 3777 2211 3834 for-

645 3834 822 3893 uicans
874 3840 1236 3900 fornicabitur
1282 3856 1426 3904 terra
1455 3867 1485 3904 a
1532 3853 1780 3912 Domino.
1819 3878 1837 3910 ›
1893 3860 2018 3928 llle,
2075 3868 2215 3922 sicut

647 3923 912 3995 Scriptura
946 3940 1202 4000 testatur,
1238 3957 1255 3990 ι
1279 3940 1433 4007 abiit,
1477 3953 1531 3999 et
1562 3951 1769 4018 accepit
1793 3951 2015 4021 Gomer,
2048 3959 2210 4014 tiliam

639 4008 794 4085 498
827 4018 1134 4088 Debelaim;
1173 4036 1227 4080 et
1261 4033 1528 4100 concepit,
1562 4044 1615 4090 et
1665 4008 1874 4110 peperit
1922 4008 2110 4100 lilium.
2145 4050 2212 4104 Et

639 4100 766 4156 dixit
790 4107 1046 4165 Dominus
1077 4116 1144 4168 ad
1184 4116 1520 4177 Osee:Voca
1573 4142 1768 4186 nomen
1801 4133 1918 4201 ejus
1961 4137 2209 4195 Jezrahel

644 4187 784 4257 (Osee
808 4198 866 4265 ι).
889 4218 906 4248 ι
939 4201 1094 4267 Quod
1146 4207 1332 4276 utique
1361 4226 1576 4279 nomen,
1604 4224 1852 4286 quamvis
1884 4241 2204 4297 prosperum

639 4280 932 4351 significare
957 4294 1222 4362 videatur,
1258 4301 1406 4356 ineo
1431 4307 1573 4373 quod
1610 4310 2002 4380 interpretatur
2027 4337 2201 4376 semen

640 4372 752 4440 Dei;
783 4381 868 4439 hic
901 4392 1078 4440 tamen
1103 4390 1380 4447 vindictam
1429 4395 1529 4451 Dei
1549 4408 1602 4452 et
1623 4401 1853 4468 furorem
1880 4419 2058 4474 sonat,
2082 4429 2203 4469 cum

635 4469 869 4532 protinus
918 4477 1290 4536 subinfertur:
1321 4504 1338 4535 ι
1373 4486 1635 4553 Quoniam
1693 4496 1867 4552 adhuc
1907 4503 2198 4570 modicum,

636 4566 686 4610 et
706 4562 929 4621 visitabo
958 4572 1273 4640 sanguinem
1302 4576 1551 4636 Jezraliel
1590 4599 1751 4654 super
1790 4590 2005 4646 domum
2036 4595 2197 4661 Jehu,
2233 4565 2280 4622 Β

634 4655 683 4701 et
707 4656 1044 4722 requiescere
1072 4660 1267 4720 faciam
1300 4683 1520 4739 regnum
1578 4676 1794 4733 domum
1845 4682 2028 4749 Israel,
2059 4697 2112 4740 et
2145 4689 2196 4742 in

635 4735 713 4791 illa
751 4743 834 4798 die
896 4758 1174 4806 conteram
1227 4771 1411 4813 arcum
1449 4761 1634 4830 lsrael,
1685 4769 1737 4821 in
1789 4771 1924 4828 valle
1951 4775 2198 4833 Jezrahel

635 4826 806 4928 (ibid).
833 4855 850 4887 ι
887 4837 1039 4903 Quod
1068 4852 1243 4898 autem
1276 4846 1362 4902 hic
1416 4865 1512 4918 per
1549 4826 1820 4922 Jearahel,
1865 4826 2195 4936 nonas-aliis,

1422 4917 1427 4918 ί
1809 4917 1818 4922 -
1960 4917 1971 4919 -
2032 4917 2195 4936 τ-μ--ν

631 4917 734 4973 sive
756 4931 1106 4999 prosperitas,
1140 4937 1232 4988 sed
1278 4936 1372 4992 Dei
1420 4944 1596 5009 potius
1624 4948 1701 5002 ira
1734 4951 1998 5021 signatur,
2030 4961 2195 5014 etiam

635 5007 680 5063 in
702 5015 798 5072 hoc
823 5021 1083 5086 innuitur,
1101 5043 1221 5081 cum
1245 5033 1490 5099 protinus
1513 5040 1873 5100 subinfertur:
1895 5067 1913 5099 ‹
1939 5048 2199 5121 Concepit

631 5103 813 5173 adhuc,
827 5121 880 5166 et
900 5119 1111 5184 peperit
1133 5119 1316 5184 tiliam,
1331 5135 1386 5178 et
1400 5127 1531 5180 dixit
1547 5129 1804 5189 Dominus
1821 5135 1986 5194 :Voca
2000 5103 2196 5198 nomren

630 5192 996 5272 ejus:Absque
1023 5209 1416 5280 misericordia,
1441 5221 1563 5286 quia
1581 5238 1684 5277 non
1711 5227 1902 5282 addam
1935 5233 2072 5286 ultra
2099 5236 2198 5288 mi-

632 5289 786 5339 sereri
811 5291 994 5347 domui
1021 5295 1202 5364 Israel,
1230 5305 1325 5358 sed
1351 5307 1622 5366 oblivione
1641 5315 1933 5373 obliviscar
1982 5338 2192 5380 eorum.

633 5368 855 5470 Ciumque
906 5388 1206 5454 peperisset
1254 5403 1310 5447 et
1353 5399 1592 5463 tertiam,
1638 5405 1713 5458 ait
1754 5425 1766 5458 :
1801 5409 1942 5465 Voca
2001 5429 2193 5470 nomen

635 5460 761 5528 ejus:
778 5469 887 5526 Non
915 5477 1145 5544 populus
1167 5496 1344 5549 meus;
1369 5489 1493 5556 quia
1514 5507 1604 5546 vos
1628 5509 1732 5548 non
1763 5502 1988 5568 populus
2010 5521 2187 5572 meus;

631 5560 682 5604 et
703 5570 796 5627 ego
843 5581 948 5620 non
981 5583 1077 5622 ero
1102 5584 1275 5628 vester
1305 5578 1464 5633 Deus.
1506 5603 1523 5634 ι
1563 5583 1616 5638 1η
1661 5589 1857 5656 quibus
1882 5595 2066 5664 utique
2091 5614 2190 5654 no-

1678 5644 1692 5656 _
1887 5644 2064 5664 ----,_-
2091 5644 2157 5654 -.ν

631 5644 848 5744 minibus
876 5655 1109 5715 filiorum
1160 5663 1464 5726 fornicarias
1496 5675 1736 5733 mulieris
1788 5684 2072 5741 evidenter
2097 5691 2193 5744 ad-

631 5728 887 5810 discimus,
919 5749 1048 5816 quia
1085 5754 1331 5825 quisquis
1376 5728 1843 5829 immundaeﬂvitas
1860 5728 2192 5838 Initium}:

2340 1965 2634 2035 vulgariter
2659 1971 2846 2025 vivens
2875 1992 2904 2027 a
2947 1978 3144 2044 populo
3179 1995 3275 2048 per
3317 1983 3564 2040 clarioris
3594 1989 3716 2043 vita:
3761 1994 3930 2046 meri.

2341 2065 2450 2110 tum
2513 2075 2621 2114 non
2673 2063 2950 2119 discordat
2994 2082 3008 2120 :
3047 2084 3169 2123 cum
3228 2072 3460 2144 denique
3500 2093 3597 2146 per
3662 2079 3826 2136 latam
3877 2093 3935 2140 et

2338 2148 2629 2216 spatiosam
2682 2154 2824 2207 viam
2884 2159 3169 2212 mundana:
3219 2168 3651 2223 conversationis
3706 2171 3927 2238 incedit,

2335 2254 2561 2310 seseque
2587 2261 2684 2313 per
2714 2262 2925 2302 morum
2977 2251 3343 2320 spiritualium
3379 2257 3722 2317 honestatem
3752 2280 3782 2318 a
3816 2275 3929 2321 tur-

2333 2329 2418 2384 bis
2467 2333 2781 2405 vulgaribus
2818 2353 2926 2392 non
2969 2345 3222 2397 secernit.
3292 2345 3362 2400 Ut
3429 2360 3609 2406 autem
3670 2361 3929 2414 sacerdos

2334 2420 2548 2491 dignam
2569 2428 2761 2494 generi
2787 2444 2885 2483 suo
2915 2432 3156 2487 sobolem
3204 2449 3475 2505 procreet,
3501 2442 3615 2511 ipse
3643 2461 3856 2517 quoque
3893 2468 3925 2506 a

2330 2521 2544 2582 patrum
2577 2530 2822 2586 suorum,
2874 2532 3186 2578 sanctorum
3217 2528 3466 2584 videlicet
3494 2538 3926 2602 praecedentium

2329 2606 2693 2672 sacerdotum,
2725 2612 2965 2681 vestigiis
3006 2629 3113 2668 non
3164 2616 3381 2673 aberret
3417 2641 3428 2674 :
3456 2638 3544 2688 ne,
3569 2625 3612 2678 si
3636 2629 3703 2682 ab
3730 2643 3920 2687 eorum

2329 2689 2526 2761 insigni
2563 2700 2816 2767 prosapia
2850 2700 3161 2771 ignobiliter
3207 2708 3435 2765 vivendo
3477 2715 3788 2786 degenerat,
3827 2721 3919 2790 jus

2329 2783 2686 2841 sacerdotalis
2713 2787 2893 2857 ofﬁcii,
2920 2805 3026 2861 quo
3056 2794 3302 2852 videlicet
3320 2783 3914 2880 in‘dignel‘ungebatur,

2329 2872 2570 2928 amittat.

2948 2977 3172 3037 CAPUT
3209 2983 3270 3039 il.

2497 3059 2653 3126 Quod
2689 3067 2930 3123 nobilitas
2959 3076 3286 3130 sacerdotum
3319 3082 3382 3134 sit
3412 3083 3510 3136 vita
3538 3098 3720 3144 sancta

2396 3146 2533 3204 Hinc
2559 3162 2662 3218 est,
2707 3159 2849 3224 quod
2903 3160 2955 3213 in
2986 3162 3125 3218 libro
3175 3167 3379 3234 Esdrae,
3417 3189 3538 3228 cum
3573 3179 3909 3244 prmmissum

2323 3236 2412 3302 sit,
2442 3241 2506 3293 de
2535 3240 2662 3298 ﬁliis
2692 3249 3038 3304 sacerdotum
3089 3253 3184 3307 ﬁlii
3219 3255 3410 3324 Hohiu,
3465 3236 3782 3333 ﬁlii‘Accos,
3817 3236 3915 3326 aut

2322 3326 2604 3397 Berzellai,
2628 3335 2718 3404 qui
2751 3339 2960 3408 accepit
2989 3343 3054 3396 de
3083 3343 3294 3402 ﬁliabus
3324 3348 3584 3408 Berzellai
3609 3326 3916 3417 animum

2323 3432 2570 3487 uxorem,
2596 3433 2651 3477 et
2679 3439 2926 3483 vocatum
2957 3440 3039 3486 est
3061 3449 3258 3489 nomen
3292 3453 3498 3508 eorum,
3533 3449 3780 3514 protinus
3809 3452 3912 3505 ad—

2320 3507 2464 3563 ditur
2495 3529 2508 3565 :
2539 3533 2556 3564 ‹
2586 3513 2626 3567 li
2651 3519 2983 3585 quresierunt
3020 3525 3347 3593 scripturam
3395 3534 3724 3606 genealogice
3776 3555 3906 3607 suae,

2319 3608 2372 3654 et
2434 3616 2540 3656 non
2595 3605 2938 3674 invenerunt,
3003 3623 3057 3667 et
3110 3615 3269 3685 ejecti
3319 3631 3448 3676 sunt
3481 3623 3548 3678 de
3604 3605 3914 3689 sacerdotio

2320 3689 2368 3757 (1
2406 3692 2563 3748 Esdr.
2593 3698 2676 3766 ιι).
2716 3718 2734 3751 ι
2771 3699 2937 3756 Plane
2975 3707 3066 3773 qui
3090 3711 3415 3781 genealogis:
3437 3729 3549 3771 suae
3578 3721 3908 3791 scripturam

2318 3795 2425 3833 non
2465 3785 2766 3852 inveniunt,
2793 3789 2858 3845 de
2902 3796 3207 3852 sacerdotio
3241 3802 3605 3872 repelluntur;
3645 3811 3772 3880 quia
3807 3818 3902 3884 qui

2317 3885 2378 3925 se
2405 3889 2500 3941 per
2526 3874 2920 3945 ignobilitatem
2953 3886 3232 3941 saecularis
3258 3892 3384 3947 vitas
3406 3894 3475 3948 ab
3505 3874 3740 3967 ingenuo
3770 3874 3909 3973 pra:-

2317 3963 2623 4018 cedentium
2663 3977 2876 4036 patrum
2931 3983 3218 4033 stemmate
3253 3982 3617 4052 degenerasse
3653 3996 3907 4050 conside-

2315 4063 2456 4119 rant,
2483 4056 2703 4126 dignum
2725 4062 2970 4130 profecto
2997 4079 3080 4122 est
3109 4079 3165 4123 ut
3196 4087 3291 4127 eos
3318 4091 3348 4129 a
3399 4081 3709 4137 sacerdotio
3736 4084 3905 4158 5,99

2314 4161 2560 4202 censura:
2586 4156 2866 4210 canonica:
2893 4161 3048 4229 vigor
3084 4166 3340 4234 expellat.
3373 4170 3618 4229 Nobilem
3642 4156 3776 4251 ergo
3805 4156 3903 4239 tte—-

2313 4251 2463 4291 cesso
2492 4251 2576 4295 est
2600 4257 2721 4299 esse
2745 4245 3004 4306 Ecclesia:
3032 4259 3370 4315 sacerdotem
3389 4303 3402 4326 ,
3426 4269 3501 4318 'ut
3537 4268 3632 4337 qui
3657 4272 3908 4331 minister

2313 4341 2392 4380 est
2428 4329 2660 4398 Domini,
2692 4338 2980 4396 erubescat
3023 4358 3083 4398 se
3129 4361 3347 4405 servum
3381 4368 3502 4409 esse
3551 4363 3785 4425 peccati.
3815 4367 3901 4421 Ad

2311 4431 2473 4484 quam
2506 4423 2844 4482 nobilitatem
2872 4447 2970 4486 nos
2998 4433 3088 4490 ille
3116 4442 3388 4508 provexit,
3421 4446 3487 4499 de
3514 4423 3624 4518 quo
3665 4451 3903 4523 Aposto-

2309 4502 2392 4559 lus
2414 4507 2487 4559 ait
2515 4528 2527 4562 :
2560 4529 2577 4560 ι
2607 4511 2708 4577 Qui
2733 4517 2934 4587 eripuit
2965 4537 3063 4576 nos
3094 4502 3160 4579 de
3205 4502 3475 4596 potestate
3527 4502 3898 4613 ienebrarum,

2306 4605 2361 4650 et
2389 4603 2660 4657 transtulit
2684 4607 2735 4658 in
2769 4623 2991 4679 regnum
3027 4616 3120 4670 lilii
3149 4620 3454 4682 dilectionis
3495 4644 3629 4698 suae,
3658 4643 3899 4692 servitu-

2307 4698 2523 4760 temque
2574 4700 2782 4764 peccati
2833 4702 2976 4760 illius
3025 4723 3056 4760 a
3095 4712 3252 4768 nobis
3275 4731 3436 4773 cruor
3470 4721 3729 4782 abstersit
3775 4731 3899 4798 (Co-

2310 4776 2378 4798 ,__
2495 4784 2506 4798 λ
2649 4789 2661 4798 _
2997 4796 3014 4798 _

2304 4776 2430 4832 loss.
2471 4784 2539 4853 i);
2581 4803 2600 4836 ι
2629 4789 2695 4842 de
2727 4805 2834 4859 quo
2863 4808 2961 4863 per
2987 4796 3506 4864 Joannemdicitur:
3540 4833 3557 4865 ί

2304 4883 2422 4934 nos,
2454 4881 2508 4926 et
2543 4874 2671 4932 lavit
2694 4895 2793 4936 nos
2830 4899 2860 4937 a
2889 4891 3128 4955 peccatis
3158 4898 3359 4975 nostris
3396 4900 3447 4953 in
3477 4909 3741 4975 sanguine
3795 4930 3896 4972 suo

2305 4959 2487 5029 (Apoc.
2523 4964 2584 5035 ι).
2617 4986 2634 5017 ι
2673 4969 2827 5028 Hanc
2857 4987 3038 5032 autem
3089 4966 3434 5056 munditiam,
3467 5003 3526 5047 ut
3553 4959 3809 5057 sacerdos
3839 5007 3894 5061 in

2305 5066 2363 5106 se
2387 5057 2563 5110 valeat
2591 5075 2701 5130 prae
2754 5070 2968 5126 caeteris
3021 5077 3321 5144 possidere,
3355 5085 3549 5154 stigma
3612 5097 3897 5163 sanguinis

2303 5143 2507 5201 Christi
2575 5153 2792 5209 studeat
2832 5158 2887 5212 in
2942 5176 3004 5216 se
3052 5165 3331 5234 signanter
3383 5143 3896 5248 cxprimerefsicut

2303 5233 2434 5306 dicit
2465 5240 2795 5308 Apostolus:
2836 5267 2853 5300 ‹
2887 5251 2996 5323 Ego
3019 5233 3270 5327 stigmata
3292 5263 3418 5321 Jesu
3449 5233 3664 5339 semper
3694 5275 3747 5331 in
3770 5293 3891 5333 cor-

2303 5341 2436 5395 pore
2471 5347 2591 5388 meo
2628 5347 2787 5404 porto
2838 5341 2985 5399 (Gal.
3021 5349 3117 5418 vt).
3159 5370 3178 5401 ι
3235 5352 3390 5411 Unde
3411 5369 3465 5414 et
3504 5363 3556 5416 in
3590 5364 3707 5435 lege
3751 5383 3892 5436 prte-

2301 5429 2521 5489 ceptum
2552 5434 2656 5492 est,
2679 5437 2735 5482 ut
2758 5436 3022 5504 sanguine
3052 5441 3238 5498 arietis
3265 5446 3547 5513 immolati,
3576 5429 3888 5526 tangeretur

2297 5521 2599 5570 extremum
2633 5520 2888 5579 auricula
2931 5527 3168 5586 dexterte
3199 5539 3395 5591 summi
3446 5543 3766 5612 sacerdotis,
3805 5551 3884 5603 si-

2297 5603 2500 5658 militer
2529 5616 2583 5661 et
2612 5625 2806 5667 manus
2861 5615 3116 5687 dexterae,
3175 5633 3230 5678 et
3264 5628 3422 5695 pedis
3455 5630 3641 5699 (Leuit.
3673 5603 3765 5705 ll):
3815 5639 3886 5695 Ut

2297 5695 2425 5750 hinc
2447 5697 2633 5770 itaque
2660 5718 2720 5758 se
2745 5719 2929 5762 sermo
2961 5712 3106 5767 celer
3127 5718 3400 5784 expediat,
3432 5722 3482 5774 in
3520 5727 3758 5780 auricula
3789 5744 3880 5785 sa-

2296 5787 2490 5844 cerdos
2518 5792 2708 5852 arietis
2732 5796 3000 5859 immolati
3020 5809 3336 5877 sanguinem
3368 5824 3566 5884 portat,
3607 5831 3728 5874 cum
3752 5837 3881 5882 eum

4863 6211 5155 6429 ἀ
