5664 6652
21 6388 786 6652 ὲ

2309 545 2413 601 495

2306 662 2575 732 passionis
2615 661 2814 718 Christi
2866 663 3173 732 mysterium
3209 663 3478 716 inhianler
3532 665 3716 717 audire
3764 663 3856 716 de-
3885 667 3933 723 Α
3960 663 4135 717 crucis
4164 677 4363 717 cornua
4420 663 4705 730 qnadrilidi
4735 662 4880 716 orbis
4910 672 5090 732 partes
5121 662 5496 732 amplectenda.

2306 752 2486 808 lectat.
2521 751 2763 806 Dextera:
2787 765 2997 819 quoque
3036 752 3151 820 ejus
3198 752 3336 804 idem
3363 754 3577 821 sanguis
3613 753 3853 812 illinitur,

2302 856 2423 895 cum
2454 840 2524 902 id,
2551 841 2693 910 quod
2721 842 2988 893 studiosus
3024 841 3237 892 auditor
3277 842 3541 909 intelligit,
3573 840 3860 893 efﬁcaciter

2300 941 2555 1001 operatur
2583 950 2596 985 :
2624 933 2809 986 dexter
2840 934 2998 985 etiam
3026 946 3117 1000 pes
3142 934 3329 988 eodem
3370 948 3559 986 cruore
3598 932 3857 1000 signatur,

2300 1038 2421 1077 cum
2450 1024 2560 1077 vita
2611 1025 2905 1076 sacerdotis
2959 1025 3215 1078 adversus
3271 1034 3597 1077 tentamenta
3660 1026 3857 1078 diaboli

2297 1113 2565 1180 passionis
2615 1114 2815 1166 Christi
2864 1114 3236 1168 recordatione
3287 1116 3549 1177 munitur;
3602 1123 3662 1167 ut
3719 1118 3862 1169 sicut

2299 1214 2618 1273 potestatem
2647 1207 2872 1274 accepit.
2906 1222 3063 1276 super
3116 1215 3405 1272 scrpentes,
3442 1216 3497 1258 et
3548 1207 3858 1274 scorpiones

2299 1298 2561 1352 incedat:
2595 1313 2805 1352 morsus
2846 1308 3019 1350 tamen
3053 1313 3257 1362 earum,
3295 1307 3349 1350 et
3396 1298 3611 1350 invalidi
3659 1297 3857 1351 furoris

2296 1402 2504 1442 venena
2527 1404 2634 1445 non
2665 1399 2890 1450 metuat;
2924 1390 3034 1442 sive
3067 1399 3235 1451 certe,
3263 1389 3387 1457 quia
3435 1406 3526 1458 pes
3555 1399 3636 1443 est
3665 1406 3852 1457 corpo-

2301 1480 2373 1532 ris
2401 1480 2683 1542 terminus,
2743 1480 2868 1546 quid
2919 1494 3013 1547 per
3053 1478 3174 1540 hoc,
3209 1480 3310 1533 nisi
3361 1480 3482 1532 boni
3511 1481 3689 1547 operis
3717 1480 3855 1532 desi-

2299 1579 2491 1637 gnatur
2521 1568 2854 1622 extremum?
2885 1567 3165 1629 Nimirum,
3194 1577 3252 1620 ut
3281 1583 3437 1620 omne
3466 1568 3682 1628 bonum,
3712 1567 3853 1634 quod

2299 1656 2602 1723 incipimus;
2653 1665 3068 1724 perseveranter
3115 1657 3274 1709 etiam
3326 1672 3494 1724 usque
3544 1658 3607 1707 ad
3645 1656 3850 1708 felicem

2297 1745 2580 1798 terminum
2625 1746 3002 1812 perducamus.
3053 1745 3186 1798 llinc
3233 1755 3333 1806 est,
3368 1746 3506 1812 quod
3563 1743 3852 1797 lsraelitii-o

2295 1834 2492 1903 populo
2531 1835 2708 1887 divina
2736 1850 2834 1888 vox
2867 1837 2940 1888 ait
2970 1854 2982 1888 :
3015 1856 3031 1887 ι
3071 1835 3124 1888 Si
3151 1836 3400 1896 audieris,
3445 1836 3632 1902 inquit,
3669 1851 3849 1888 \‘(X‘t'ln

2297 1927 2507 1979 Domini
2545 1925 2634 1980 Dei
2668 1927 2764 1989 tui,
2798 1937 2851 1978 ut
2881 1926 3049 1979 facias
3101 1937 3260 1993 atque
3305 1927 3571 1979 custodias
3605 1929 3848 1979 mandata

2731 548 2788 603 3.
2827 548 3026 605 PETRI
3065 550 3344 604 DAMIANI
3383 549 3530 607 OPP.
3582 552 3814 608 TOML'S
3851 549 3980 605 SEL'
4033 549 4210 603 PARS
4247 551 4330 604 lll.
4367 579 4430 588 ——
4469 547 4828 605 OPUSCL'LA
4877 548 5108 604 VARIA.

341 11 882 259 ἴ
777 8 937 258 -I

5411 546 5502 608 ιω

3964 751 4112 805 llanc
4143 753 4392 804 sacerdos
4423 755 4668 819 portabat
4691 754 4741 804 in
4766 751 4990 821 gloriam
5012 760 5066 806 et
5089 752 5361 817 decorem;
5385 768 5503 821 quo-

3961 843 4102 894 niam
4131 851 4182 894 et
4227 842 4512 907 Apostolus
4536 841 4662 893 dicit
4693 860 4702 891 :
4739 861 4756 890 ι
4789 841 4915 894 Mihi
4939 852 5116 894 autem
5143 842 5282 896 absit
5305 842 5501 914 gloriari

3962 934 4060 985 nisi
4096 934 4145 985 in
4178 949 4335 985 cruce
4366 933 4571 985 Domini
4609 935 4773 986 nostri
4804 932 4930 986 Jesu
4960 933 5155 987 Christi
5189 931 5328 1003 (Gal.
5361 938 5450 1003 vr).
5483 953 5498 984 I

3960 1023 4138 1076 Portet
4169 1040 4292 1091 ergo
4319 1024 4571 1079 laminam
4603 1040 4816 1078 auream
4858 1025 5109 1079 sacerdos
5148 1025 5201 1078 in
5231 1029 5422 1094 capite,
5449 1036 5502 1077 ut

3959 1129 4168 1168 Crucem
4229 1116 4424 1167 Christi
4481 1117 4682 1183 jugiler
4727 1128 4903 1170 verset
4935 1117 4988 1170 in
5027 1127 5224 1171 mente.
5260 1116 5504 1170 Sanctum

3959 1219 4170 1272 quoque
4207 1203 4412 1257 Demini
4452 1204 4604 1258 freno
4644 1206 4765 1272 equi
4808 1206 4889 1259 sui
4934 1218 5324 1275 consequenter
5365 1205 5498 1259 adhi-

3958 1295 4101 1354 beat,
4138 1307 4190 1346 nt
4216 1310 4435 1349 carnem
4487 1310 4640 1348 suam
4667 1311 4788 1349 cum
4819 1295 4965 1350 vitiis
4998 1304 5052 1350 et
5078 1296 5505 1364 concupiscentiis

3957 1386 4257 1453 crucifigal.
4287 1383 4435 1438 Tunc
4477 1387 4618 1438 enim
4647 1387 4899 1440 sacerdos
4928 1395 4982 1440 et
5021 1386 5269 1438 laminam
5300 1399 5503 1439 auream

3957 1474 4138 1540 capiti,
4168 1485 4220 1525 et
4265 1484 4507 1525 sanctum
4555 1473 4762 1527 Domini
4795 1472 4948 1526 freno
4983 1474 5197 1528 adhibet
5221 1474 5369 1541 equi;
5394 1488 5503 1527 cum

3959 1563 4023 1614 ad
4054 1578 4267 1614 crucem
4294 1563 4492 1615 Christi
4533 1566 4731 1617 mentis
4758 1566 5008 1619 intuitum
5032 1563 5229 1632 dirigit,
5252 1573 5502 1634 etcorpus

3955 1671 4108 1708 suum
4137 1657 4280 1707 velut
4306 1653 4536 1706 feror:m
4561 1670 4779 1722 equum,
4822 1655 4891 1709 ab
4939 1655 5084 1709 omni
5132 1655 5503 1709 lascivientium

3954 1746 4204 1798 vitiorum
4243 1746 4493 1799 libertate
4525 1748 4837 1816 compescit.
4886 1746 5112 1816 Propter
5140 1747 5240 1800 hoc
5269 1760 5398 1800 sane
5422 1759 5504 1813 ge-

3953 1837 4156 1888 minum
4185 1838 4362 1890 crucis
4403 1839 4679 1905 portanda:
4728 1838 5044 1906 mysterium
5094 1837 5354 1906 scriptum
5409 1848 5504 1895 est.

3955 1925 4210 1992 quoniam
4243 1936 4295 1978 et
4339 1925 4483 1978 Elias
4511 1925 4614 1991 (IV
4642 1925 4767 1994 Reg.
4799 1926 4884 1993 it),
4925 1936 4978 1979 et
5005 1923 5236 1979 Joannes
5284 1925 5503 1994 Baptista

2295 2017 2428 2083 ejus,
2484 2015 2641 2068 faciet
2672 2025 2722 2068 te
2749 2015 3001 2069 Dominus
3033 2018 3166 2068 Deus
3195 2026 3313 2068 tuus
3341 2016 3688 2069 excelsiorem
3720 2032 3848 2069 cun-
3885 2001 3924 2056 η
3957 2035 4116 2069 zonas
4146 2019 4397 2084 polliceas
4429 2019 4696 2071 habebant
4729 2020 4872 2072 circa
4908 2017 5118 2072 lumbos
5148 2032 5270 2072 suos
5297 2015 5499 2086 (lauit.

2295 2107 2396 2157 ctis
2422 2108 2664 2172 gentibus
2695 2104 2869 2172 (Deut.
2908 2107 3016 2170 ax).
3055 2125 3071 2156 ι
3107 2105 3161 2157 In
3208 2108 3401 2173 quibus
3453 2110 3635 2174 utique
3679 2109 3852 2158 verbis

2299 2203 2542 2260 patenter
2569 2194 2908 2264 exprimitur,
2949 2195 3086 2262 quod
3144 2194 3398 2263 figuratur
3447 2197 3495 2247 in
3555 2196 3848 2248 membris:

2302 2301 2319 2333 ι
2353 2284 2406 2336 Si
2440 2284 2692 2348 audieris,
2741 2285 2932 2353 inquit,
2966 2300 3148 2339 vocem
3179 2287 3383 2339 Domini
3417 2285 3504 2338 Dei
3543 2287 3641 2347 tui,
3676 2307 3690 2334 ι
3726 2301 3851 2340 ecce

2297 2376 2511 2443 sanguis
2541 2375 2724 2428 arietis
2769 2375 3027 2428 immolati
3058 2377 3212 2428 rubet
3261 2377 3310 2428 in
3353 2393 3480 2429 aure
3530 2377 3849 2430 sacerdotis.

2296 2463 2445 2530 Quod
2473 2480 2596 2517 vero
2621 2464 2879 2532 sequitur,
2910 2481 2929 2514 ι
2964 2476 3020 2518 ut
3069 2464 3254 2525 facias,
3297 2485 3313 2516 ι
3352 2481 3474 2519 ecce
3505 2482 3692 2519 manus
3721 2482 3848 2535 ope-

2298 2556 2488 2610 rantis.
2515 2555 2665 2620 Quod
2704 2565 2882 2608 autem
2938 2567 3207 2624 postremo
3237 2559 3594 2625 snlnjnngitur,
3639 2577 3657 2610 ι
3691 2571 3851 2627 atque

2290 2647 2563 2701 custodias
2617 2649 2865 2701 mandata
2916 2650 3050 2716 ejus,
3083 2669 3099 2700 ι
3132 2665 3256 2704 ecce
3301 2653 3696 2717 perseverantia
3726 2652 3849 2706 boni

2297 2740 2492 2807 operis.
2549 2737 2692 2792 Nihil
2744 2740 2884 2792 enim
2921 2740 3137 2808 prodest
3189 2743 3436 2808 cuiquam
3473 2743 3670 2794 bonum
3717 2757 3849 2809 Opus

2294 2827 2549 2896 incipere,
2607 2827 2711 2882 nisi
2759 2829 2967 2882 studeat
3016 2830 3176 2883 etiam
3209 2846 3396 2899 usque,
3435 2832 3556 2884 dum
3585 2831 3846 2898 perficiat,

2294 2914 2585 2970 custodire.

2362 3005 2427 3059 Et
2454 3004 2765 3070 notandum,
2789 3005 2931 3075 quod
2965 3007 3181 3061 dextera
3215 3016 3419 3061 tantum
3449 3008 3711 3072 auricula,
3742 3025 3849 3063 ma-

2293 3111 2396 3150 nus
2417 3106 2468 3149 et
2489 3111 2582 3165 pes
2606 3095 2901 3150 sacerdotis
2930 3097 3019 3150 illo
3044 3097 3302 3166 sanguine
3335 3097 3475 3150 liniri
3515 3100 3845 3167 praecipitur;

2292 3199 2399 3253 quo
2427 3183 2673 3238 videlicet
2702 3183 2781 3238 sic
2809 3198 3022 3253 semper
3050 3185 3282 3239 dextera:
3319 3187 3736 3240 conversationis
3786 3201 3848 3240 ac

2292 3275 2413 3327 tldei
2438 3272 2809 3328 rectitudinem
2838 3274 2892 3326 in
2913 3275 3162 3329 omnibus
3186 3283 3383 3338 teneat,
3413 3286 3469 3329 ut
3491 3276 3845 3330 exorbitanti-

3955 2110 4067 2174 111).
4104 2110 4170 2160 De
4198 2108 4478 2160 Salvatore
4508 2123 4630 2161 vero
4659 2116 4845 2160 nostro
4868 2105 5100 2161 Joannes
5125 2108 5176 2159 in
5201 2103 5503 2175 Apocalypsi

3952 2197 4079 2248 dicit
4127 2214 4137 2246 :
4187 2215 4202 2245 ι
4259 2196 4522 2262 Quoniam
4577 2196 4810 2248 habebat
4859 2211 5048 2250 zonam
5094 2209 5309 2248 auream
5365 2195 5501 2248 circa

3952 2287 4216 2339 mamillas
4244 2303 4366 2339 suas
4398 2289 4581 2352 (Apoc.
4619 2287 4678 2350 l).
4721 2306 4739 2337 ι
4764 2287 5176 2340 Constatautem
5225 2286 5346 2354 quia
5369 2286 5500 2339 inter

3953 2385 4238 2442 ulramque
4273 2376 4559 2428 mamillam
4588 2391 4680 2428 cor
4707 2375 4938 2428 hominis
4969 2376 5327 2428 constituitur.
5359 2373 5500 2427 Unde

3951 2479 4147 2531 Sponsa
4173 2465 4301 2516 dicit
4344 2465 4396 2517 in
4422 2465 4659 2517 Canticis
4694 2482 4705 2515 :
4745 2463 5009 2517 «Dilectus
5036 2463 5504 2516 mensinterubera

3954 2569 4068 2605 inca
4111 2556 4533 2606 Commorabilur
4561 2552 4733 2619 (Cant.
4768 2551 4880 2622 1);»
4907 2553 5009 2607 hoc
5030 2562 5111 2606 est
5136 2553 5186 2605 in
5209 2554 5368 2606 corde
5391 2566 5503 2605 meo

3944 2642 4142 2713 jugiter
4163 2645 4481 2713 requiescet.
4510 2644 4645 2710 Quid
4669 2654 4751 2698 est
4773 2660 4900 2715 ergo
4933 2644 5168 2714 pelliceis
5198 2643 5368 2707 zonis,
5398 2657 5509 2711 qua}

3950 2734 4191 2787 videlicet
4227 2750 4293 2787 ex
4337 2735 4562 2788 mortuis
4587 2734 4909 2790 animalibus
4934 2733 5427 2796 fiunt,lumbos,ubi
5449 2732 5506 2786 li-

3951 2825 3968 2876 l.
3986 2825 4072 2876 i.lo
4098 2824 4427 2891 permaxime
4452 2823 4615 2892 viget,
4644 2824 4960 2893 aceingere;
4990 2821 5092 2877 nisi
5114 2834 5299 2877 omnes
5325 2834 5509 2875 carna-

3950 2913 4076 2966 lium
4114 2916 4419 2981 passionum
4454 2913 4668 2968 illicitos
4699 2923 4876 2985 motus
4903 2928 4969 2969 ac
5006 2911 5217 2968 fomites
5237 2925 5338 2981 per
5379 2908 5508 2963 affli-

3962 3002 4196 3054 ctionem
4255 3003 4499 3071 corporis
4528 3003 4762 3071 undique
4797 3001 5125 3058 refrenare?
5171 3000 5239 3055 Et
5283 3000 5408 3070 quid
5436 3007 5512 3054 est

3962 3091 4105 3142 circa
4126 3089 4388 3144 mamillas
4400 3104 4613 3144 auream
4631 3091 5057 3156 haberezonam;
5081 3089 5181 3145 nisi
5201 3089 5510 3144 etadversus

3953 3183 4310 3251 ingruentium
4354 3185 4737 3254 cogitationum
4785 3184 5084 3253 importuna
5114 3184 5508 3254 phantasmata,

3954 3274 4180 3326 sollicita
4199 3289 4409 3342 semper
4431 3273 4706 3343 invigilare
4726 3274 5001 3328 custodia?
5021 3273 5385 3341 Lumbosergo
5398 3271 5502 3341 pel-

2293 3363 2394 3416 bus
2445 3380 2474 3414 ει
2528 3364 2614 3416 via
2671 3363 2931 3433 vestigiis,
2967 3364 3244 3418 anfractus
3273 3366 3503 3420 sinistra:
3531 3368 3714 3421 devius
3744 3382 3849 3421 non
3877 3349 3922 3411 (ἒ
3955 3363 4087 3416 licea
4116 3380 4244 3416 zona
4264 3366 4790 3433 pr;ecittgimus,CUIn
4813 3364 5268 3419 carnislasciviam
5286 3378 5380 3434 per
5396 3364 5506 3417 ine-

2295 3454 2555 3507 incurrat.
2602 3452 2727 3507 Sive
2758 3466 2902 3508 certe
2934 3456 3010 3509 sic
3040 3471 3251 3524 semper
3276 3457 3563 3512 Dominica:
3593 3462 3853 3527 passionis

2293 3553 2687 3598 sacramentum
2713 3559 2808 3611 pro
2837 3545 3022 3598 dextro
3047 3554 3244 3609 teneat,
3272 3558 3329 3600 ut
3357 3559 3607 3616 tanquam
3632 3552 3852 3604 sinistra

2291 3650 2513 3704 prorsus
2563 3650 2626 3687 ac
2655 3635 2777 3688 vilia
2807 3645 2999 3690 cuncta
3047 3639 3229 3690 mundi
3284 3637 3439 3705 hujus
3486 3639 3851 3697 blandimenta

2290 3730 2623 3778 contemnat.
2651 3722 2936 3778 Enimvero
2963 3725 3087 3794 quia
3133 3728 3382 3781 sacerdos
3403 3729 3530 3793 dux,
3563 3740 3616 3782 et
3647 3733 3850 3784 antesi-

2292 3826 2500 3882 gnanus
2518 3820 2595 3866 est
2622 3812 2891 3867 exercitus
2905 3813 3138 3879 Domini,
3156 3815 3235 3869 his
3259 3817 3528 3870 titulorum
3558 3819 3851 3887 insignibus

2285 3903 2510 3973 jubetur
2553 3903 2848 3957 adornatus
2895 3905 3170 3969 incedere,
3235 3922 3456 3976 seseque
3505 3911 3850 3976 sequentibus

2292 3993 2672 4048 ecclesiastica:
2729 3993 2932 4048 militiae
2982 3999 3168 4049 cuneis
3233 3999 3510 4066 sanguinis
3570 4008 3624 4053 et
3675 4001 3851 4054 crucis

2293 4082 2494 4137 Christi
2529 4085 2719 4137 debeat
2754 4084 2946 4137 vexilla
2988 4086 3260 4153 prmt'erre.
3304 4086 3417 4140 Hoc
3462 4087 3725 4156 ﬁgurabat
3752 4088 3852 4142 Za—

2293 4175 2509 4229 charias
2536 4176 2795 4244 propheta
2818 4191 2938 4229 cum
2966 4177 3203 4231 diceret:
3231 4197 3248 4228 ι
3275 4178 3330 4232 ln
3354 4179 3437 4232 die
3463 4179 3548 4232 illa
3573 4181 3693 4243 erit,
3710 4181 3850 4249 quod

2292 4280 2454 4334 super
2478 4265 2686 4318 frenum
2701 4266 2938 4334 equiest,
2960 4279 3204 4320 sanctum
3233 4269 3653 4338 Domiuo(Za~c/i.
3683 4271 3844 4341 xxv)»

2292 4352 2460 4406 Porro
2491 4363 2669 4407 autem
2697 4362 2825 4410 ante
2873 4353 3170 4410 Salvatoris
3197 4360 3480 4412 adventum
3510 4360 3637 4428 quid
3683 4376 3852 4430 genus

2292 4442 2605 4508 humanum,
2668 4443 2772 4498 nisi
2819 4443 2964 4498 velut
3017 4445 3243 4501 infrenis
3309 4463 3479 4517 equus
3525 4460 3664 4514 erat,
3710 4453 3850 4519 quod

2290 4531 2489 4599 ubique
2513 4547 2609 4599 per
2638 4531 2966 4601 voluptatum
2979 4550 3196 4590 suarum
3220 4537 3671 4605 camposlibertas
3692 4537 3851 4609 500

2292 4619 2552 4680 infrunita
2580 4622 2854 4690 raptabat?
2881 4623 2987 4678 Sed
3014 4625 3096 4678 ori
3133 4624 3248 4692 ejus
3285 4625 3492 4681 frenum
3523 4627 3849 4697 Redemptor

3956 3453 4056 3507 dire
4106 3454 4490 3506 continentiam
4547 3469 4877 3508 coercemus.
4906 3454 5136 3508 Auream
5177 3469 5300 3508 vero
5327 3467 5510 3507 zonam

3957 3543 4104 3596 circa
4131 3544 4394 3596 mamillas
4421 3545 4699 3606 habemus,
4725 3561 4847 3598 cum
4879 3545 5132 3600 adversus
5156 3543 5510 3600 infestantium

3956 3633 4334 3699 cogitationum
4362 3635 4592 3700 impetus
4618 3634 4970 3688 infmderabili
4993 3633 5280 3688 certamine
5297 3635 5514 3688 dimica-

3956 3737 4095 3775 mus.
4150 3721 4299 3776 Tunc
4352 3724 4532 3791 itaque
4571 3724 4661 3778 fiet
4715 3726 4856 3794 quod
4916 3725 5026 3780 illic
5053 3727 5332 3794 sequitur;
5386 3739 5504 3779 mox

3951 3813 4090 3865 enim
4122 3823 4179 3865 ut
4216 3822 4457 3865 sanctum
4485 3814 4694 3867 Domini
4720 3829 4882 3884 super
4901 3814 5110 3869 frenum
5135 3817 5251 3884 equi
5279 3815 5509 3870 futurum

3953 3903 4211 3968 pmpheta
4231 3903 4504 3970 pra-misit,
4531 3913 4722 3971 praesto
4748 3903 5048 3971 subjunxit:
5069 3924 5086 3955 ι
5110 3905 5173 3958 Et
5193 3914 5347 3960 erunt
5374 3905 5511 3960 lebe-

3953 3998 4032 4041 tes
4060 3991 4110 4041 in
4141 3991 4296 4043 domo
4329 3991 4562 4054 Domini,
4617 3995 4765 4060 qu.:si
4800 3994 4990 4062 phiala:
5041 4009 5222 4049 coram
5249 3993 5423 4057 altari,
5455 4001 5512 4048 et

3951 4085 4048 4134 crit
4075 4083 4249 4135 onmis
4277 4082 4422 4136 lebes
4450 4084 4501 4136 in
4531 4082 4885 4150 Hierusalem,
4909 4094 4962 4138 et
4989 4084 5041 4139 in
5060 4084 5194 4139 Juda
5220 4085 5512 4139 sanctifica-

3952 4177 4037 4222 tus
4069 4168 4291 4223 Domino
4327 4172 4661 4224 exercituum
4687 4170 4873 4247 (Zarh.
4906 4172 5038 4242 xiv).
5071 4191 5089 4222 ι
5124 4171 5344 4226 Lebetes
5357 4172 5513 4242 plane

3953 4257 4004 4311 in
4035 4259 4241 4327 phialas
4273 4261 4408 4312 verti
4436 4277 4450 4324 ;
4493 4271 4549 4314 et
4578 4277 4765 4314 zonam
4791 4277 5009 4317 auream
5053 4261 5196 4316 circa
5245 4262 5510 4316 mamillas

3951 4345 4136 4400 haberi
4175 4348 4517 4415 praecipiebat
4559 4348 4813 4401 Dominus
4844 4351 4895 4402 in
4928 4348 5233 4418 Evangelia,
5263 4364 5384 4403 cum
5427 4349 5508 4403 di-

3959 4437 4156 4490 cebat:
4191 4457 4207 4487 ι
4242 4436 4440 4491 Cavete
4479 4453 4544 4491 ne
4583 4448 4874 4507 graventur
4922 4437 5079 4492 corda
5104 4447 5276 4493 vestra
5318 4438 5370 4491 in
5400 4451 5510 4493 cra-

3950 4527 4072 4597 pula
4099 4536 4154 4582 et
4179 4528 4463 4594 ebrietate,
4477 4531 4690 4584 etcuris
4709 4530 4864 4598 hujus
4884 4529 5063 4584 saculi
5077 4528 5226 4600 (Luc.
5248 4530 5392 4597 ut):
5417 4548 5436 4582 ι
5454 4528 5510 4585 in

3950 4618 4162 4688 crapula
4184 4619 4412 4684 scilicet,
4429 4630 4483 4673 et
4497 4620 4756 4674 ebrietate
4777 4620 5003 4684 lebetes;
5023 4622 5074 4675 in
5092 4621 5232 4676 curis
5246 4620 5399 4689 hujus
5413 4637 5511 4676 ste-

2292 4719 2477 4764 noster
2509 4710 2766 4773 adhibuit,
2799 4727 2919 4766 cum
2951 4723 3194 4766 sanctum
3241 4713 3603 4786 Evangelium.
3634 4735 3739 4787 quo
3770 4717 3846 4770 vi-
3871 4707 3923 4766 D
3950 4710 4051 4762 culi
4079 4708 4233 4778 501
4265 4725 4453 4762 zonam
4479 4711 4772 4764 habendam
4796 4712 4940 4766 circa
4969 4711 5226 4766 mamillas
5252 4711 5506 4781 intellige.

2289 4801 2487 4856 delicet
2513 4802 2692 4860 omnia
2744 4804 3038 4874 petulantis
3073 4804 3305 4860 lascivia:
3334 4809 3460 4862 vitia
3496 4825 3848 4878 compescun-

2291 4903 2404 4958 tur,
2427 4895 2639 4962 obiecit.
2665 4895 2836 4966 Super
2858 4898 2957 4952 hoc
2983 4908 3160 4952 autem
3202 4899 3409 4954 frcnmn
3454 4911 3694 4956 sanctum
3748 4904 3849 4958 Do-

2294 4984 2450 5045 mini,
2474 4982 2574 5038 hoc
2593 4995 2695 5048 est,
2719 5000 2847 5040 crux
2862 4988 3102 5057 ponitur,
3130 4988 3253 5056 quia
3278 4977 3470 5043 cuncta
3486 4991 3657 5044 sancti
3681 4991 3851 5046 Evan-

2294 5074 2418 5143 gelii
2477 5085 2740 5144 praecepta
2789 5091 3004 5132 crucem
3060 5079 3264 5149 spirant
3321 5088 3396 5146 et,
3450 5088 3510 5134 ut
3540 5096 3670 5134 crux
3731 5092 3851 5150 post

2294 5163 2565 5220 Christum
2596 5175 2866 5236 portetur,
2911 5169 3154 5223 invitant.

2905 5277 3128 5334 CAPUT
3164 5277 3248 5332 lll.

2368 5365 2520 5430 Quod
2545 5365 2800 5418 sacerdoti
2829 5365 2902 5418 vel
2932 5368 3152 5502 minimi;
3185 5370 3412 5422 criminis
3435 5369 3661 5437 suspicio
3712 5372 3780 5423 sit

2970 5452 3116 5502 agten
3157 5457 3207 5489 α.

2970 5452 3207 5504 agtenau.

2361 5523 2419 5578 Id
2440 5524 2611 5593 ipsum
2634 5523 2877 5595 signabat
2897 5533 2950 5579 et
2979 5525 3171 5579 lamina
3195 5527 3279 5580 illa
3301 5543 3484 5592 aurea,
3513 5544 3671 5597 quam
3695 5547 3845 5585 sum—

2294 5629 2418 5668 mus
2446 5616 2693 5669 sacerdos
2739 5616 2791 5669 in
2821 5614 3042 5684 gloriam
3075 5624 3130 5668 et
3157 5617 3398 5672 decorem
3427 5621 3646 5689 gerebat
3666 5622 3718 5674 in
3754 5638 3845 5676 ca-

2294 5706 2426 5776 pite,
2467 5707 2551 5758 cui
2578 5706 2823 5760 videlicet
2871 5722 3067 5762 nomen
3110 5707 3319 5763 Domini
3369 5719 3846 5781 tetragrammaton

2297 5803 2416 5850 erat
2439 5795 2752 5864 inscriptum
2778 5794 2971 5865 (Exod.
3007 5802 3221 5868 xxvtu).
3257 5799 3407 5855 Sicut
3433 5803 3574 5856 enim
3618 5815 3848 5872 quatuor

2298 5885 2406 5942 illic
2438 5895 2589 5942 erant
2638 5886 2860 5956 littere,
2914 5889 2987 5943 ita
3042 5889 3390 5945 nihilominus
3438 5900 3664 5960 quatuor
3719 5905 3846 5950 sunt

3953 4799 4181 4854 Lebetes
4216 4800 4371 4868 plane
4414 4801 4626 4855 illorum
4657 4813 4814 4856 erant
4865 4813 5102 4872 pectora,
5131 4804 5220 4873 qui
5267 4805 5506 4873 suspira-

3956 4889 4084 4942 bant
4115 4890 4288 4958 pisces
4323 4889 4540 4961 Egypti
4561 4933 4573 4952 ,
4613 4893 4700 4961 qui
4725 4904 5044 4949 nauseantes
5076 4909 5287 4958 manna,
5308 4895 5513 4950 esurie-

3955 4979 4084 5032 bant
4119 4995 4369 5048 pepones,
4405 4982 4893 5052 inhiabantfcmpas
4921 4994 4974 5037 et
5002 4983 5143 5037 allia.
5186 4984 5265 5036 An
5311 4984 5511 5038 lebetes

3953 5083 4057 5122 non
4071 5081 4245 5134 erant,
4274 5072 4363 5140 qui
4380 5071 4603 5125 ferventi
4622 5087 4650 5126 ι
4667 5073 5126 5143 clamabant,quia
5156 5089 5174 5122 ι
5196 5072 5510 5128 sedebamus

3952 5178 4113 5234 super
4131 5164 4264 5219 ollas
4285 5165 4563 5219 carnium?
4591 5183 4609 5215 ι
4638 5165 4826 5235 (Num.
4851 5167 4950 5226 at.)
4991 5165 5080 5219 llla
5110 5167 5302 5236 quippe
5342 5167 5507 5220 corda

3955 5255 4152 5311 lebetes
4179 5266 4324 5320 sunt,
4359 5257 4410 5309 in
4438 5257 4632 5324 quibus
4664 5256 4902 5311 edacitas
4933 5266 5138 5327 regnat,
5168 5267 5219 5311 et
5243 5271 5337 5325 per
5361 5258 5504 5327 cupi-

3960 5348 4142 5402 ditatis
4171 5357 4358 5401 testum
4396 5357 4770 5416 excoquuntur
4809 5349 4985 5402 edulia
5026 5359 5080 5403 et
5114 5349 5263 5418 c0pia
5296 5350 5505 5405 diversa

3957 5441 4219 5496 ciborum.
4252 5440 4356 5495 Sed
4390 5441 4444 5494 hi
4487 5440 4685 5496 lebetes
4712 5451 5096 5495 convertuntur
5127 5443 5177 5495 in
5205 5441 5428 5510 phialas,
5458 5452 5510 5494 et

3957 5539 4079 5583 sunt
4123 5547 4304 5586 coram
4362 5530 4541 5596 altari,
4601 5547 4664 5585 ac
4707 5533 5026 5586 sanctiﬁcati
5088 5532 5329 5595 Domino,
5387 5545 5507 5584 cum

3953 5619 4207 5676 Sanctum
4245 5623 4455 5676 Domini
4489 5623 4642 5691 equis
4663 5621 4816 5676 freno
4846 5622 5237 5692 superponitur,
5265 5637 5388 5676 cum
5417 5621 5506 5676 do-

3950 5715 4110 5783 nique
4153 5730 4286 5769 zona
4329 5729 4493 5768 aurea
4531 5713 4782 5770 mamillis
4819 5714 5163 5768 interioribus
5202 5713 5500 5768 adhibetur.

3957 5803 4105 5859 Tunc
4140 5805 4393 5858 nimirum
4442 5803 4641 5858 lebetes
4688 5811 4742 5857 et
4765 5803 4882 5856 ollae
4911 5803 5149 5857 carnium
5188 5810 5505 5856 convertun-

3952 5903 4036 5950 tur
4068 5896 4118 5949 in
4145 5895 4353 5964 phialas
4378 5909 4589 5961 aureas,
4618 5894 4863 5949 videlicet
4899 5893 5086 5964 plenas
5130 5893 5504 5949 oduramentol
