5664 6634
621 434 715 489 ᾸΤΙ

1136 424 1379 482 OPL'SC.
1416 420 1607 477 XXVI.
1650 450 1717 460 -—-
1755 415 2032 474 CONTRA
2074 409 2417 467 INSCITIAM
2460 408 2547 462 ΕΤ
2601 398 2933 458 lNCURiAM
2990 391 3254 451 CLERIC.

3761 384 3863 439 693

626 560 757 608 rum,
786 553 899 608 quae
938 546 1064 592 sunt
1091 537 1369 591 orationes
1398 540 1715 587 sanctorum
1760 528 1943 597 (Apoc.
1990 524 2069 593 v).
2113 523 2181 576 Et
2206 533 2253 589 Α
2282 537 2349 577 ex
2372 533 2593 575 munere
2616 514 2811 608 sumini
2839 508 3110 608 largitoris
3143 503 3382 608 accepit,
3416 500 3611 608 merito
3630 500 3840 608 ﬂamine

625 638 732 688 ista
750 638 1021 703 ponuntur
1041 642 1224 683 coram
1250 625 1405 679 altari
1432 620 1625 693 phiala:
1645 634 1764 690 quae
1786 618 1935 688 prius
1958 616 2084 669 dum
2108 615 2182 668 le-

620 728 769 781 betes
790 728 987 783 essent,
1010 716 1186 785 potius
1215 715 1570 770 versabantur
1598 712 1652 765 in
1682 708 1872 763 nidore
1897 704 2108 759 culinzn.

688 812 839 883 502
876 811 1027 865 Tunc
1059 814 1239 862 autem
1262 820 1413 860 mens
1454 798 1749 858 sacerdotis
1777 807 1859 852 est
1887 796 2065 865 pbiala
2088 808 2183 846 au-

624 924 751 974 rea,
806 918 968 975 atque
1029 904 1400 960 odoramentis
1470 896 1827 968 spiritualium
1880 900 2180 946 aromatum

624 998 794 1069 plena,
828 1010 950 1051 cum
980 994 1317 1051 orationibus
1349 1006 1413 1045 ac
1440 990 1545 1059 piis
1568 987 1823 1055 operibus
1850 993 1935 1037 est
1954 978 2186 1050 vigilan-'

627 1100 704 1145 ter
724 1090 948 1142 intenta.
979 1086 1188 1149 Et‘baec
1216 1082 1395 1154 phiala
1426 1095 1607 1135 coram
1632 1078 1792 1132 altari
1818 1089 1939 1129 esse
1965 1072 2183 1135 dicitur,

624 1176 739 1246 quia
762 1190 949 1243 omne,
968 1175 1109 1245 quod
1136 1174 1358 1242 cogitat,
1381 1170 1491 1226 Deo
1518 1169 1817 1225 sacrarium
1852 1164 2049 1220 oti‘erre
2079 1176 2187 1217 non

624 1274 812 1320 cessat.
846 1264 912 1319 Et
953 1274 1081 1319 tunc
1108 1263 1257 1317 lebes
1295 1262 1397 1315 iste
1429 1257 1797 1313 satictiticatus
1822 1263 1906 1309 est
1938 1252 2184 1315 Domino,

626 1362 780 1423 atque
808 1354 930 1409 ideo
960 1351 1385 1408 consecrationis
1416 1354 1667 1419 gratiam,
1692 1360 1856 1415 quam
1900 1343 2014 1414 ipse
2041 1343 2187 1395 intus

2288 612 2342 665 in
2369 612 2503 664 alios
2527 604 2763 661 adhibita
2789 614 2976 655 manus
3000 594 3344 663 impositioue
3366 587 3713 645 transfundit.
3748 585 3857 640 Sed

2286 716 2406 773 ego,
2430 698 2584 769 quasi
2616 695 2708 764 qui
2736 693 2947 761 loquor,
2978 688 3197 749 oblitus,
3232 685 3360 739 dum
3395 694 3703 773 sermonem
3732 677 3858 773 diu-

2288 766 2395 847 tius
2419 766 2701 860 pretrabo,
2741 792 2936 838 metam
2964 776 3268 847 compendii
3296 770 3599 843 epistolaris
3637 766 3865 860 excedo.

2285 858 2606 953 Jamﬁigitur
2644 880 2746 934 ista
2772 874 3055 935 suiﬁciaut,
3091 876 3296 923 tantum
3342 874 3401 921 ut
3448 865 3537 933 qui
3581 877 3609 915 a
3645 858 3867 953 benedi-

2289 950 2787 1037 czionevcmperam,
2806 966 3026 1019 verbum
3052 962 3102 1015 in
3127 956 3504 1015 benedictione
3525 950 3863 1009 concludam.

2360 1066 2592 1119 Dextera
2616 1060 2735 1124 Dei,
2759 1053 3085 1112 venerabilis
3112 1059 3284 1120 pater,
3318 1046 3433 1102 suis
3461 1054 3516 1100 te
3542 1037 3871 1097 benedictio.

2292 1156 2449 1210 nibus
2481 1153 2715 1222 repleat;
2743 1156 2795 1203 et
2818 1154 2982 1218 grege
3022 1144 3316 1199 comitante
3356 1135 3646 1194 commisso
3689 1130 3873 1202 regnis

2294 1245 2605 1304 coelestibus
2632 1239 2966 1295 introducat.

2611 1332 2693 1386 Sit
2721 1344 2907 1383 nomen
2937 1325 3145 1379 Domini
3182 1318 3529 1376 benedictum.

719 1512 3860 1579 ____,__________________________________.

810 1718 1166 1794 συθ-ωε
1221 1727 2065 1855 OPUSCULUM
2150 1712 2959 1839 VICESIMUM
3059 1700 3682 1818 SEXTUM.

1264 1949 1584 2010 CONTRA
1629 1942 2040 2007 lNSClTlAM
2089 1941 2191 2001 ΕΤ
2238 1934 2629 1998 lNCURlAM
2674 1928 3217 1994 CLERICORUM.

628 2194 1013 2249 Anemurium.
1052 2221 1119 2231 —
1157 2189 1512 2243 Sacertlotum
1553 2188 1845 2248 inscitiam,
1882 2184 2315 2250 impcritiamque
2353 2178 2701 2248 singularem,
2733 2176 2784 2228 in
2816 2176 2987 2251 sacris
3034 2188 3247 2251 quoque
3290 2170 3449 2223 rebus
3483 2169 3774 2251 “incuriam,
3816 2177 3873 2248 et

700 2246 1096 2332 negligentiam,
1139 2276 1230 2314 seu
1260 2259 1440 2332 potius
1471 2246 1841 2332 contemptum
1869 2246 2416 2332 t'eti'giopisugraviter
2438 2246 2861 2332 detestaturlzpet
2888 2246 3868 2332 harenati-utin".qtianm‘sititntanizipsis

696 2310 1285 2397 {dii-filiiﬁliiqiih’m‘
1305 2310 1633 2395 reliquorum
1664 2310 1939 2378 hominum
1970 2310 2273 2397 ordinibus,
2300 2334 2534 2397 quorum
2560 2316 2705 2397 salus
2732 2315 2836 2397 illis
2865 2314 3153 2394 commissa
3168 2319 3291 2397 est.
3304 2310 3637 2397 perniciosa,
3670 2310 3871 2397 diserte

946 2378 1265 2467 3"tiér'i'qu’é
1287 2378 1618 2467 {justitiam
1643 2396 1875 2467 debeant
1916 2410 2033 2444 esse
2074 2378 2389 2467 episcopi'iu
2414 2387 2610 2467 talibus
2639 2386 2707 2438 ad
2726 2382 3124 2467 ecclesiasticas
3151 2378 3879 2467 digititates‘promovendis;

693 2447 1003 2539 iié‘i'éc'éiia
1024 2447 1345 2523 'ééi'iiiiiiiei‘n
1369 2447 1435 2520 ad
1458 2447 1601 2535 ipsus
1627 2465 1946 2518 redundent.
1972 2447 2121 2527 Quod
2146 2461 2197 2512 in
2222 2447 2464 2513 eitrema
2491 2463 2643 2526 parte
2678 2454 2953 2523 episc0po,
2985 2450 3051 2504 ad
3090 2447 3250 2519 quem
3278 2447 3487 2511 scribit,
3513 2458 3566 2501 et
3590 2447 3879 2516 diligenter

694 2538 1056 2593 commendat.

698 2671 897 2725 Donmo
925 2668 993 2723 V.
1038 2667 1475 2723 reverentissimo
1499 2667 1753 2735 episcopo
1774 2663 1991 2717 Psrncs
2011 2676 2200 2733 pecca-
2230 2674 2274 2733 Β
2306 2659 2357 2731 (1
2411 2660 2556 2713 Petr.
2606 2658 2680 2729 v).
2724 2677 2740 2709 ι
2801 2654 3122 2710 Sacerdotes
3158 2667 3308 2723 ergo,
3362 2652 3455 2722 qui
3505 2651 3600 2705 Dei
3643 2652 3883 2723 legitima

636 2768 711 2811 tor
743 2770 793 2813 et
832 2757 1153 2813 monachus.

698 2850 825 2915 Quia
862 2860 935 2914 te,
971 2851 1051 2903 vir
1086 2848 1547 2913 reverentissime,
1580 2846 1871 2903 sacerdotii
1899 2846 2111 2899 culmen
2146 2846 2198 2896 in

634 2942 864 2997 Ecclesia
901 2952 1089 2996 tenere
1120 2940 1416 3009 conspicio,
1448 2939 1625 2993 inesse
1647 2952 1861 3007 quoque
1892 2937 1985 2990 tibi
2015 2952 2198 2989 sacer-

640 3028 860 3083 dotalem
888 3029 1130 3082 animum
1184 3028 1501 3081 ﬁducialiter
1538 3028 1726 3089 credo,
1759 3026 1995 3079 dolorem
2026 3026 2205 3079 cordis

638 3115 753 3177 mei,
804 3117 892 3183 qui
948 3130 1036 3169 me
1082 3116 1145 3169 de
1170 3113 1543 3169 sacerdotibus
1586 3112 1833 3175 cruciat,
1862 3111 1957 3163 tibi
1991 3111 2207 3178 potissi-

639 3215 771 3253 ltltltn
802 3203 1206 3257 communicare
1261 3204 1514 3257 decerno.
1566 3201 1667 3255 Per
1712 3200 2033 3270 episcopalis
2064 3199 2207 3253 enim

639 3296 856 3359 Iorporis
905 3296 1182 3365 ignaviam
1236 3296 1307 3348 ita
1359 3310 1501 3347 nunc
1552 3293 1854 3363 presbyteri
1902 3292 2206 3346 litterarum

642 3383 972 3449 reperiuntur
990 3393 1259 3453 expertes,
1279 3393 1338 3437 ut
1367 3398 1471 3437 non
1502 3384 1659 3437 modo
1678 3397 1889 3448 eorum,
1920 3398 2037 3450 quae
2064 3381 2207 3450 lege-

640 3470 760 3535 rint,
796 3473 1205 3541 intelligentiam
1247 3486 1352 3526 non
1403 3471 1691 3542 attingant,
1758 3472 1850 3525 sed
1898 3470 2204 3541 syllabatim

646 3570 845 3627 quoque
889 3562 980 3614 vix
1014 3560 1126 3629 ipsa
1163 3559 1501 3615 decurrentis
1546 3559 1761 3612 articuli
1792 3558 2059 3613 elementa
2100 3556 2214 3611 bal-

642 3645 856 3702 butiant.
881 3649 948 3703 Et
967 3650 1098 3720 quid
1120 3649 1233 3717 jam
1256 3663 1353 3717 pro
1372 3646 1566 3717 populo
1592 3648 1643 3700 in
1664 3648 1774 3702 suis
1803 3648 2056 3714 precibus
2079 3662 2215 3714 sup-

648 3735 819 3803 plicat,
852 3739 945 3808 qui
990 3739 1133 3808 quod
1162 3737 1399 3806 loquitur
1422 3738 1536 3805 ipse
1568 3736 1713 3789 velut
1736 3736 1945 3789 alienus
1969 3734 2216 3802 ignorat?

644 3824 901 3895 Scriptum
934 3838 1021 3884 est
1045 3828 1222 3884 enim:
1255 3846 1272 3879 ι
1296 3826 1399 3893 Qui
1418 3827 1623 3896 ignorat
1654 3826 1979 3895 ignorabitur
2013 3820 2065 3894 (1
2091 3821 2215 3877 Cor.

647 3916 796 3985 xiv.)i
842 3918 908 3974 Et
941 3935 1065 3975 cum
1110 3918 1394 3988 Apostolus
1429 3916 1744 3984 obsequium
1779 3926 2021 3969 nostrum
2054 3915 2217 3968 ratio-

2301 2747 2571 2809 nesciunt,
2628 2746 2841 2800 leonum
2895 2744 3148 2798 dentibus
3195 2751 3567 2811 exponuntur;
3618 2743 3745 2811 quia
3798 2742 3875 2794 ni-

2304 2838 2497 2890 mirum
2533 2837 2651 2889 illos
2693 2836 3048 2905 malignorum
3098 2833 3381 2901 spirituum
3429 2832 3610 2887 rabies
3636 2832 3882 2893 devorat,

2305 2932 2395 2999 qui
2429 2928 2821 2984 sacrificiorum
2854 2928 3021 2983 cultui
3050 2927 3355 2981 temerariis
3382 2926 3603 2981 ausibus
3631 2928 3887 2981 insisten-

2308 3030 2409 3083 tes,
2451 3022 2684 3088 qualiter
2739 3020 2877 3072 Deus
2928 3019 3029 3073 rite
3080 3016 3309 3081 colatur,
3362 3017 3634 3084 ignorant.
3683 3016 3883 3084 Sicque

2310 3109 2605 3179 funguntur
2630 3109 2804 3165 otlicio
2836 3109 3201 3170 sacerdotum,
3232 3118 3290 3159 ut
3336 3107 3691 3161 sacerdotalis
3728 3108 3887 3161 ollicii

2312 3202 2555 3255 nesciant
2605 3210 3025 3261 sacramentum.
3065 3198 3129 3252 Et
3184 3198 3326 3251 sicut
3371 3212 3466 3266 per
3514 3198 3738 3271 illorum
3793 3200 3890 3250 im-

2312 3292 2561 3360 peritiam
2629 3292 2829 3343 factum
2877 3298 2986 3354 est,
3060 3290 3202 3358 quod
3275 3289 3559 3358 Scriptura
3616 3298 3891 3343 testatur:

2320 3400 2335 3431 ι
2401 3382 2767 3449 Unaquaeque,
2826 3381 3023 3450 inquit,
3083 3396 3215 3449 gens
3270 3380 3536 3435 fabricata
3588 3388 3673 3435 est
3724 3381 3893 3435 Deum

2314 3484 2494 3532 suum,
2556 3478 2964 3538 posueruntque
3009 3484 3102 3524 eos
3154 3469 3209 3522 in
3269 3468 3409 3524 fanis
3456 3470 3710 3534 excelsis,
3767 3484 3889 3538 quae

2320 3558 2566 3613 fecerunt
2605 3559 2918 3623 Samaritae;
2950 3573 3080 3627 gens
3130 3566 3183 3612 et
3212 3574 3344 3627 gens
3388 3559 3443 3611 in
3484 3557 3710 3613 urbibus
3759 3558 3895 3622 suis,

2320 3648 2371 3699 in
2428 3646 2623 3714 quibus
2663 3646 2981 3699 habitabant
3029 3644 3136 3714 (IV
3186 3645 3311 3715 Reg.
3358 3646 3515 3716 xvii).
3565 3664 3585 3699 ι
3640 3644 3715 3700 lta
3746 3662 3892 3699 nunc

2319 3749 2416 3805 per
2443 3734 2989 3801 pseudosacerdotum
3023 3734 3403 3803 ignorantiam,
3436 3733 3526 3803 qui
3579 3733 3771 3788 docere
3799 3733 3895 3788 Dei

2319 3825 2573 3895 populum
2622 3826 2897 3892 nesciunt,
2946 3824 3062 3880 fieri
3105 3825 3395 3880 dolemus:
3438 3835 3499 3879 ut
3549 3825 3759 3880 scilicet
3805 3824 3899 3878 alii

2323 3930 2551 3984 quorum
2584 3914 2725 3969 Deus
2756 3924 2941 3968 venter
2984 3925 3101 3979 est,
3128 3924 3182 3968 et
3214 3925 3425 3969 terrena
3459 3916 3707 3984 sapiunt,
3747 3916 3902 3969 luxu-

648 4004 813 4061 nabile
842 4022 966 4063 esse
995 4008 1271 4078 pnecipiat
1319 4005 1487 4075 (Rom.
1516 4007 1633 4075 xu),
1663 4005 1933 4074 quomodo
1974 4004 2079 4059 illic
2129 4021 2217 4058 ra-
2246 4014 2289 4073 (ι
2323 4004 2458 4057 riam
2509 4003 2691 4057 colant
2731 4000 2953 4073 (Philip.
3005 4003 3122 4074 in);
3175 4002 3263 4057 alii
3311 4005 3617 4064 avaritiam,
3651 4022 3770 4072 qua:
3820 4016 3905 4059 est

650 4093 891 4152 tionabile
928 4099 1037 4152 erit
1062 4098 1401 4167 obsequium,
1427 4098 1517 4151 ubi
1550 4098 1611 4160 is,
1663 4097 1751 4166 qui
1786 4096 1962 4164 oﬂert,
1996 4097 2221 4151 oblatio-

649 4181 726 4236 nis
775 4200 883 4239 sua:
910 4202 1017 4240 non
1080 4186 1317 4255 concipit
1369 4184 1737 4241 intellectum?
1782 4185 2026 4254 Cumque
2080 4187 2221 4243 Deus

650 4275 978 4343 omnipotens
1033 4277 1085 4330 in
1144 4276 1494 4331 oll‘erentibus
1551 4276 1813 4331 mentium
1871 4277 2041 4346 magis
2098 4285 2221 4331 vota

650 4365 977 4431 consideret,
1007 4382 1170 4436 quam
1228 4368 1514 4436 strepitum
1567 4367 1715 4422 vocis
1764 4369 2040 4432 attendat;
2093 4368 2222 4437 quid

654 4454 700 4507 in
730 4460 840 4512 suis
884 4459 1134 4514 obtinere
1176 4459 1432 4528 precibus
1462 4458 1656 4522 valeat,
1700 4458 1791 4527 qui
1845 4460 1985 4527 quod
2030 4460 2221 4521 nescit,

655 4548 928 4617 implorat?
984 4550 1193 4617 Quibus
1247 4550 1376 4620 quid
1436 4550 1579 4603 aliud
1637 4552 1858 4605 evenire
1925 4552 2223 4621 putandum

654 4646 750 4702 est,
798 4640 899 4693 nisi
951 4639 1097 4708 quod
1154 4640 1259 4694 illis
1313 4640 1687 4695 sacerdotibus
1738 4640 2047 4710 contigerit,
2089 4655 2224 4711 quos

656 4736 768 4795 post
810 4732 1180 4797 captivitatem
1228 4731 1510 4787 Israelitici
1535 4731 1711 4802 populi
1760 4747 1855 4787 rex
1884 4733 2226 4805 Assyriorum

659 4819 706 4870 in
734 4820 959 4875 urbibus
1008 4820 1271 4876 Samaria:
1318 4822 1691 4886 constituerat,
1746 4832 1802 4878 et
1834 4822 2003 4879 divini
2052 4823 2228 4879 cultus

661 4912 1008 4965 caeremonias
1037 4908 1400 4982 ignorabant?
1436 4909 1567 4965 Nam
1596 4926 1718 4965 cum
1761 4912 2032 4967 nescirent
2060 4912 2229 4967 Deum

656 4996 798 5064 juxta
849 5002 1102 5071 legalium
1145 4999 1524 5055 mandatorum
1560 5002 1967 5057 observantiam
2026 5002 2225 5067 colere,

662 5084 865 5143 leonum
901 5105 999 5145 eos
1041 5091 1217 5146 rabies
1261 5090 1581 5160 perimebat.
1624 5089 1921 5160 Scriptura:
1965 5091 2229 5162 siquidem

665 5178 769 5233 tunc
798 5183 963 5236 verba
995 5190 1121 5236 sunt
1149 5200 1163 5235 :
1214 5201 1233 5233 ι
1263 5180 1683 5252 Nuntiatumque
1716 5192 1801 5237 est
1830 5183 1941 5253 regi
1984 5184 2233 5254 Assyrio.

666 5284 799 5341 rum,
838 5282 1033 5344 gentes
1082 5289 1216 5343 quas
1267 5272 1609 5339 transtulisti,
1659 5284 1715 5329 et
1769 5275 2015 5329 habitare
2060 5274 2232 5329 fecisti

2321 4094 2585 4148 idolorum
2612 4095 2870 4159 servitus,
2894 4104 3221 4149 venerentur
3248 4095 3464 4166 (Ep/tes.
3511 4097 3607 4167 v);
3641 4096 3731 4150 alii
3764 4099 3905 4165 rapi-

2322 4185 2426 4249 nis,
2474 4184 2561 4238 alii
2616 4184 2893 4253 perjuriis,
2942 4184 3035 4238 alii
3095 4184 3421 4249 homicidiis;
3481 4185 3573 4240 alii
3627 4186 3903 4242 veneﬁciis

2321 4276 2582 4345 sacrilega
2629 4274 2917 4329 devotione
2947 4275 3290 4341 deserviant;
3325 4284 3378 4330 et
3428 4276 3507 4330 sic
3539 4277 3769 4331 diversis
3795 4278 3905 4332 cri-

2324 4372 2577 4434 minibus,
2614 4380 2871 4440 tauquam
2923 4370 3251 4433 simulacris,
3298 4380 3353 4425 et
3382 4370 3721 4441 sculptilibus
3749 4373 3907 4427 obse-

2325 4463 2513 4533 quium
2531 4464 2809 4518 servitutis
2834 4463 3173 4532 impendant.
3192 4459 3577 4533 Unusquisqoe
3594 4462 3748 4532 cujus
3770 4479 3905 4532 Opus

2324 4552 2476 4619 facit,
2529 4552 2673 4607 illius
2718 4562 2776 4608 et
2818 4566 3008 4608 servus
3044 4550 3386 4622 appellatur,
3420 4552 3486 4607 de
3531 4552 3730 4621 quibus
3773 4553 3907 4606 dicit

2324 4643 2655 4713 Apostolus:
2692 4660 2711 4696 ι
2753 4643 2890 4711 Quia
2922 4642 3143 4700 tradidit
3187 4643 3307 4699 illos
3352 4643 3495 4698 Deus
3537 4644 3593 4698 in
3633 4642 3905 4697 desideria

2326 4734 2511 4789 cordis
2539 4748 2752 4799 eorum,
2782 4734 2837 4788 in
2874 4733 3304 4798 immunditiam,
3334 4742 3395 4788 ut
3419 4733 3764 4789 contumeliis
3787 4733 3906 4788 alii.

2326 4823 2475 4878 ciant
2502 4838 2728 4893 corpora
2756 4837 2853 4877 sua
2879 4822 2933 4877 in
2965 4822 3295 4893 semetipsis,
3318 4823 3410 4891 qui
3436 4831 3909 4877 commutaverunt

2328 4915 2613 4969 veritatem
2647 4914 2742 4969 Dei
2783 4914 2839 4968 in
2886 4913 3249 4979 mendacium,
3282 4922 3339 4969 et
3372 4914 3678 4979 coluerunt,
3709 4922 3765 4967 et
3796 4927 3913 4967 ser~

2330 5003 2548 5058 vierunt
2589 5010 2855 5058 creatura:
2884 5002 3063 5073 potius
3111 5017 3275 5073 quam
3306 5001 3553 5058 Creatori
3585 5001 3764 5075 (Rom.
3790 5002 3852 5071 ι).
3886 5021 3905 5053 ο

2331 5091 2432 5159 Qui
2474 5092 2729 5146 nimirum
2770 5106 2867 5161 per
2917 5091 3109 5155 tidem,
3166 5106 3328 5161 quam
3388 5099 3607 5157 tenent,
3658 5089 3915 5145 Ecclesia

2332 5185 2630 5256 parietibus
2684 5184 3031 5240 includuntur
3053 5224 3066 5249 ,
3099 5184 3193 5237 sed
3222 5196 3320 5253 per
3364 5182 3609 5251 reproba:
3633 5182 3760 5236 vitae
3800 5196 3886 5235 me

2336 5275 2523 5339 ritum,
2548 5276 2890 5330 extrinsecus
2915 5282 3059 5329 sunt.
3094 5290 3112 5325 ι
3148 5272 3489 5329 Confitentur
3516 5274 3661 5329 enim
3678 5287 3737 5327 se
3753 5284 3915 5327 nosse

667 5360 715 5414 in
739 5364 1049 5421 civitatibus
1076 5365 1352 5429 Samarim,
1378 5366 1627 5436 ignorant
1647 5365 1885 5436 legitima
1916 5366 2012 5419 Dei
2046 5374 2223 5431 terrae;
2259 5359 2307 5417 D
2333 5364 2526 5429 Deum,
2554 5365 2715 5419 lactis
2740 5372 2923 5418 autem
2971 5370 3171 5434 negant
3215 5361 3346 5432 (Tit.
3372 5364 3432 5419 il.
3471 5383 3489 5415 ι
3538 5361 3690 5416 Fidei
3718 5360 3918 5430 quippe

668 5458 717 5505 et
746 5451 970 5510 immisit
1009 5456 1063 5509 in
1091 5471 1185 5511 eos
1218 5456 1475 5510 Dominus
1523 5455 1724 5521 leones,
1751 5465 1807 5511 et
1839 5471 1966 5511 ecce
2016 5454 2226 5510 interii-

668 5539 808 5596 ciunt
833 5559 950 5609 eos,
991 5559 1059 5599 eo
1106 5543 1246 5613 quod
1280 5545 1533 5615 ignorent
1577 5546 1741 5599 ritum
1798 5543 1892 5598 Dei
1942 5542 2228 5611 terrieUV

670 5626 785 5702 Reg.
820 5636 982 5706 xvii).
1034 5656 1052 5687 ι
1095 5634 1287 5691 Petrus
1317 5644 1499 5690 autem
1552 5636 1726 5691 dicit:
1761 5656 1778 5688 ι
1823 5636 1956 5703 Quia
1988 5636 2233 5691 diabolus

673 5733 915 5796 tanquam
941 5728 1027 5783 leo
1058 5729 1291 5798 rugiens,
1323 5729 1517 5784 circuit
1540 5744 1787 5799 querens
1830 5740 1989 5797 quem
2011 5730 2233 5783 devoret

2335 5456 2498 5510 verba
2530 5454 2894 5524 praetendunt,
2942 5455 3035 5510 sed
3074 5454 3370 5524 impietatis
3414 5454 3672 5523 operibus
3703 5452 3918 5507 inhian-

2336 5544 2713 5599 terinsistunt.
2748 5544 2900 5599 Unde
2942 5553 2997 5599 et
3020 5543 3132 5597 illic
3154 5542 3381 5613 legitur:
3418 5562 3435 5595 ι
3468 5541 3713 5597 Fuerunt
3756 5542 3920 5612 igitur

2337 5642 2524 5706 gentes
2548 5634 2665 5688 ista:
2697 5635 2951 5688 timentes
2973 5633 3189 5702 quidem
3224 5632 3412 5697 Deum,
3439 5632 3532 5687 sed
3566 5631 3921 5688 nihilominus

2337 5736 2391 5784 et
2412 5727 2568 5783 idolis
2590 5727 2701 5783 suis
2730 5727 3027 5783 servientes
3056 5723 3107 5798 (l
3124 5722 3163 5778 ν
3194 5722 3324 5795 Reg.
3354 5726 3488 5793 xiv).
3518 5743 3535 5777 ι
3569 5723 3717 5791 Osos
3736 5721 3919 5791 utique

4844 6190 5158 6390 4
