5664 6668
2171 485 2280 542 ι99

2581 489 2643 543 8.
2680 488 2880 544 PETRI
2923 488 3198 545 DAMI'ANI
3235 489 3384 545 OPP.
3425 489 3660 547 TOMUS
3688 488 3821 545 SEU
3864 488 4044 546 PARS
4074 488 4162 545 Ill.
4203 519 4270 529 —
4306 485 4666 545 OPUSCULA
4713 483 4916 544 VARIA

311 31 2258 266 '—

252 137 264 146 ι.

299 151 362 162 εει-

5287 491 5390 548 500

2180 600 2451 667 redarguit
2510 599 2721 657 Veritas
2761 601 2903 670 ipsa,
2935 613 3056 654 cum
3102 600 3262 656 dicit:
3295 619 3312 652 ι
3349 600 3516 656 Nemo
3547 608 3725 670 potest
3753 602 3800 663 Α
3829 617 4053 657 censura
4085 609 4353 668 coerceat,
4377 603 4460 656 vel
4489 600 4585 656 sub
4605 601 4812 671 pudica:
4833 599 5219 669 quodammodo
5246 601 5388 659 locu-

2173 688 2381 744 duobus
2406 688 2634 742 dominis
2660 688 2860 742 servire
2892 689 3103 757 (Matth.
3131 693 3226 757 vi).
3251 711 3269 742 ›

2552 774 2732 845 .505
2751 775 2975 832 CAPUT
3011 776 3291 834 PRIMUM.

2169 867 2324 933 Quod
2355 868 2579 936 imperiti
2619 884 2718 921 non
2754 878 2871 921 sunt
2899 871 2966 923 ad
2997 873 3340 924 sacerdotium
3378 871 3729 938 promerendi.

2238 955 2371 1009 Cum
2408 971 2536 1026 ergo
2569 971 2664 1026 per
2690 956 3024 1012 sacerdotum
3052 959 3356 1014 vecordium
3407 959 3733 1028 imperitiam

2163 1045 2319 1113 plebs
2375 1045 2583 1098 indocta
2634 1045 2906 1115 depereat,
2942 1061 3041 1116 par
3084 1046 3276 1112 fuerat,
3309 1055 3368 1099 ut
3417 1047 3734 1116 episcopalis

2165 1132 2406 1200 gravitas
2445 1147 2473 1184 a
2519 1133 2704 1186 talium
2748 1150 2807 1188 se
2839 1136 3170 1204 promotione
3213 1138 3584 1205 suspenderet,
3635 1151 3735 1190 nec

2166 1219 2374 1274 alienos
2420 1235 2675 1276 excessus
2723 1223 2773 1277 in
2833 1239 2890 1277 se
2956 1229 3238 1277 temeraria
3314 1227 3734 1295 praecipitatione

2163 1313 2516 1379 transferret;
2573 1316 2864 1384 praesertim
2935 1332 3057 1371 cum
3114 1318 3398 1373 Timotheo
3449 1320 3735 1389 Apostolus

2163 1402 2346 1458 dicat:
2381 1422 2400 1455 ε
2440 1406 2627 1460 Manus
2651 1407 2756 1462 cito
2787 1409 2984 1463 nemini
3017 1411 3356 1479 imposueris,
3393 1429 3564 1481 neque
3585 1428 3735 1468 com-

2165 1492 2525 1547 municaveris
2579 1497 2812 1562 peccatis
2867 1497 3057 1552 alienis
3103 1499 3258 1565 (Tim.
3302 1501 3379 1570 v).
3422 1520 3437 1551 ι
3484 1501 3735 1568 Quisquis

2162 1581 2308 1635 enim
2341 1581 2422 1636 vel
2453 1583 2680 1652 turpiter
2704 1584 2933 1653 lapsum,
2973 1587 3057 1642 vel
3082 1589 3274 1644 divinze
3305 1590 3435 1659 legis
3490 1592 3735 1660 ignarum

2163 1675 2232 1728 ad
2265 1690 2475 1730 sacrum
2508 1679 2752 1746 provehit
2785 1679 3048 1744 ordinem,
3076 1680 3190 1747 ejus
3217 1697 3274 1735 se
3300 1682 3536 1751 peccatis
3567 1683 3736 1736 invol-

2163 1766 2266 1829 vit,
2306 1767 2391 1820 cui
2428 1770 2683 1836 peccandi
2736 1771 3014 1825 materiam
3067 1773 3230 1826 tradit
3288 1788 3302 1824 :
3345 1781 3398 1827 et
3430 1789 3534 1827 non
3579 1776 3737 1829 modo

2163 1856 2253 1911 his
2283 1872 2360 1919 se,
2396 1858 2591 1926 quibus
2614 1859 2699 1913 ille
2719 1858 2829 1927 jam
2862 1860 3127 1915 involutus
3147 1869 3230 1914 est
3256 1862 3575 1916 criminibus
3595 1865 3734 1918 obli-

2166 1955 2275 2014 gat,
2295 1949 2385 2000 sed
2415 1949 2496 2001 his
2523 1951 2706 2012 etiam,
2736 1967 2853 2018 qua:
2878 1953 3262 2007 commissurus
3283 1962 3388 2018 est,
3417 1967 3514 2022 per
3537 1955 3731 2008 antici-
3764 1930 3808 1990 Β

2165 2036 2438 2105 pationem
2467 2039 2759 2093 obnoxium
2790 2050 2962 2109 parat.

2238 2126 2336 2179 Est
2371 2126 2533 2189 aliud,
2567 2128 2706 2196 quod
2755 2129 2882 2183 mihi
2931 2131 2995 2184 de
3051 2133 3418 2187 sacerdotibus
3470 2132 3739 2187 saecularis

2168 2212 2376 2267 ordinis
2403 2213 2677 2282 displicet;
2728 2217 2849 2283 quia
2891 2217 3030 2270 sicut
3081 2215 3424 2274 mularibus
3472 2225 3626 2276 mista
3658 2235 3740 2273 re-

2168 2302 2428 2370 gionarizn
2473 2303 2742 2356 civilitatis
2794 2304 3126 2367 habitatione
3171 2308 3466 2372 collimant,
3505 2310 3574 2363 ita
3598 2311 3740 2364 nihi-

2167 2393 2401 2449 Iominus
2440 2393 2682 2464 plerique
2711 2397 2776 2449 ab
2807 2411 2991 2451 eorum
3021 2400 3431 2454 conversatione
3456 2410 3509 2454 et
3552 2402 3738 2455 incon-

2170 2485 2299 2540 ditis
2329 2485 2568 2540 moribus
2599 2502 2700 2539 non
2728 2487 3071 2552 discordant;
3109 2489 3253 2544 curis
3282 2491 3626 2545 saecularibus
3655 2493 3738 2544 in-

2169 2574 2482 2629 diﬂ‘erenter
2506 2576 2821 2641 inserviunt,
2851 2579 2918 2630 ab
2956 2578 3111 2633 otiosi
3151 2593 3208 2632 se
3238 2581 3499 2636 sermonis
3529 2581 3743 2650 ineptiis

2175 2681 2288 2720 non
2315 2676 2691 2734 compescunt;
2725 2666 2831 2721 imo
2857 2683 2952 2737 per
2972 2668 3093 2723 lites
3121 2678 3175 2723 et
3215 2669 3392 2738 jurgia
3430 2669 3745 2738 frequenter

2167 2777 2198 2810 a
2256 2759 2621 2826 proximarum
2662 2775 2877 2813 suorum
2927 2761 3188 2814 charitate
3226 2763 3486 2824 resiliunt,
3521 2771 3574 2815 et
3619 2777 3739 2815 cum

2164 2846 2375 2910 livoris,
2392 2846 2474 2898 vel
2501 2846 2783 2915 cujuslibet
2801 2855 3024 2901 terrente
3038 2848 3486 2917 concupiscentia
3501 2847 3742 2903 ﬂammas

2165 2935 2220 2988 in
2249 2935 2358 2990 suis
2404 2937 2706 3003 pectoribus
2753 2937 2958 2993 fervere
2987 2953 3091 2991 non
3123 2938 3391 3001 nesciunt,
3419 2939 3741 2994 venerandis

2170 3037 2350 3079 tamen
2377 3026 2633 3080 altaribus
2662 3041 2720 3080 se
2759 3027 3094 3095 impudenter
3121 3029 3391 3098 ingerunt,
3423 3036 3478 3083 et
3527 3027 3594 3081 ab
3620 3019 3749 3081 oﬂ'e?

2169 3114 2324 3168 rendi
2349 3113 2674 3193 sacrosancti
2707 3111 2975 3169 libaminis
2997 3114 3296 3170 ministerio
3327 3131 3434 3170 non
3460 3117 3740 3170 recedunt.

2170 3203 2287 3256 Non
2317 3204 2668 3267 attendentes,
2701 3203 2840 3272 quod
2876 3204 2966 3258 [iiii
3014 3205 3192 3259 Aaron
3241 3205 3441 3260 idcirco
3504 3206 3743 3260 cmlestis

3835 691 3993 746 tionis
4019 693 4378 746 moderamine
4412 693 4588 746 sobria
4620 693 4778 747 verba
4807 694 5100 762 depromat.

3905 780 4061 850 506
4086 781 4210 834 illud
4237 783 4397 834 etiam
4441 791 4649 850 quanta:
4694 782 5020 836 confusionis
5049 784 5388 851 opprobrium

3833 884 3933 935 est,
3963 877 4102 940 quod
4129 874 4364 926 nonnulli
4388 875 4528 927 circa
4565 873 4702 926 sacri
4733 873 4918 925 altaris
4961 874 5205 928 utensilia
5236 884 5392 930 tanta

3833 963 4165 1033 negligentia:
4187 975 4329 1027 sunt,
4353 974 4407 1017 et
4438 973 4543 1017 tam
4573 964 4751 1030 segnis
4779 964 5015 1025 incuriae,
5047 973 5103 1016 ut
5122 973 5390 1029 stanneos.

3833 1057 3912 1108 vel
3938 1056 4099 1108 etiam
4125 1056 4371 1124 supparis
4405 1055 4769 1122 cujuscunque
4805 1055 5003 1108 metalli
5027 1055 5220 1108 calices
5241 1055 5394 1124 longo

3833 1146 3934 1198 situ
3976 1145 4304 1197 scabredinis
4333 1145 4700 1198 inhorrescere
4730 1144 4996 1213 patienter
5019 1144 5306 1210 aspiciant;
5339 1143 5393 1196 in

3832 1234 4074 1302 squalido
4123 1233 4286 1288 linteo
4343 1233 4679 1287 Dominicum
4722 1247 4915 1301 corpus
4965 1232 5189 1288 offerant
5234 1241 5290 1286 et
5315 1233 5395 1286 in-

3833 1324 4081 1387 v'olvant;
4110 1332 4163 1375 et
4193 1321 4332 1390 quod
4360 1337 4463 1374 non
4490 1321 4803 1390 dignaretur
4831 1330 5019 1388 potens
5043 1320 5282 1388 quilibet,
5305 1320 5393 1386 qui

3836 1424 4012 1467 tamen
4045 1414 4243 1466 vermis
4277 1422 4379 1476 est,
4416 1413 4648 1481 propriis
4685 1412 4939 1464 adhibere
4981 1411 5151 1472 labiis,
5201 1409 5251 1462 in
5297 1409 5394 1463 hoc

3835 1507 3918 1560 isti
3963 1521 4156 1574 corpus
4191 1520 4294 1558 non
4323 1513 4573 1558 verentur
4609 1504 4884 1571 imponere
4914 1500 5225 1554 Salvatoris.
5259 1498 5392 1563 Quid

3833 1614 3993 1668 porro
4056 1598 4121 1649 de
4176 1596 4463 1650 conscissis
4513 1610 4574 1648 ac
4639 1592 5068 1663 putrescentibus
5123 1598 5393 1644 sacrorum

3835 1690 4082 1743 altarium
4124 1689 4392 1758 prandcis,
4423 1687 4550 1755 quid
4592 1687 4656 1738 de
4685 1685 4913 1760 diversis
4956 1683 5097 1735 vasis
5134 1681 5198 1733 ad
5229 1681 5395 1734 eccle-

3837 1779 4050 1833 siastica
4100 1777 4396 1829 ministeria
4460 1774 4816 1834 necessariis,
4873 1770 4996 1839 quid
5048 1771 5271 1837 denique
5333 1769 5399 1822 de

3837 1867 4252 1924 sacerdotalibus
4301 1865 4521 1933 eloquar
4567 1862 4926 1917 indumentis?
4955 1861 5087 1926 Quid
5132 1868 5401 1928 postremo

3838 1962 3903 2016 de
3951 1961 4226 2014 codicibus
4262 1959 4459 2021 dicam,
4508 1959 4560 2010 in
4594 1956 4787 2024 quibus
4831 1955 5078 2007 nimirum
5124 1955 5234 2019 haec
5289 1953 5397 2020 ipsa

3837 2066 4051 2118 quoque
4081 2050 4255 2117 legere
4309 2046 4565 2100 inoffense
4595 2062 4700 2100 non
4729 2060 5032 2111 possumus,
5058 2060 5173 2112 quae
5229 2043 5394 2096 tenaci

3839 2140 4014 2192 adhuc
4043 2136 4302 2190 memoria
4363 2133 4735 2188 reservamus?
4769 2131 4896 2197 Quae
4924 2131 5171 2184 nimirum
5202 2131 5392 2188 omnia,

3838 2230 4006 2285 oculis
4050 2227 4285 2295 subjecta
4341 2225 4706 2288 cernentibus,
4763 2231 4818 2276 et
4871 2222 5078 2276 levibus
5124 2221 5397 2274 excutiunt

3843 2323 4028 2381 risum,
4057 2326 4110 2370 et
4135 2317 4406 2384 sapientes
4435 2322 4726 2382 provocant
4780 2311 4847 2365 ad
4902 2311 5213 2364 lamentum.
5254 2308 5400 2362 llude

3839 2414 4024 2481 primae
4054 2409 4338 2476 dignitatis
4383 2403 4751 2459 sacerdotibus
4778 2401 4930 2455 valde
4956 2401 5246 2455 cavendum
5300 2409 5400 2462 est,

3842 2509 3892 2554 et
3928 2498 4240 2553 terribiliter
4299 2493 4718 2556 formidandum,
4752 2505 4817 2545 ne
4847 2491 4986 2558 quod
5023 2491 5088 2543 ab
5138 2489 5264 2552 illis,
5313 2489 5404 2555 qui

3843 2591 4092 2644 videntur
4120 2588 4362 2647 subesse,
4413 2581 4766 2651 delinquitur;
4803 2581 4869 2633 ab
4919 2580 5003 2633 his
5053 2579 5141 2645 qui
5183 2576 5404 2646 potioris

3844 2689 3967 2734 sunt
3997 2680 4211 2748 gradus,
4243 2675 4509 2743 etquibus
4540 2674 4654 2727 bmc
4695 2669 5008 2738 corrigenda
5044 2678 5186 2731 sunt,
5225 2666 5399 2733 requi-

3845 2780 4010 2822 ratur.
4045 2766 4230 2818 Nullus
4281 2763 4436 2832 plane
4467 2760 4797 2821 mortalium,
4849 2765 4908 2812 ut
4943 2757 5207 2820 existimo,
5238 2753 5406 2822 majus

3836 2859 4039 2932 aliquid
4088 2860 4139 2910 in
4181 2856 4375 2909 divinis
4420 2853 4626 2922 peragit
4683 2849 5052 2911 sacramentis,
5100 2863 5256 2916 quam
5309 2846 5401 2912 ipsi

3844 2937 4056 3018 quoque
4085 2949 4171 3015 qui
4227 2945 4498 2997 saecularis
4527 2952 4653 2996 sunt
4701 2941 4903 2994 ordinis
4937 2939 5256 2994 sacerdotes.
5282 2937 5408 2989 Esto

3846 3037 4126 3105 siquidem,
4159 3034 4298 3100 quod
4330 3031 4668 3100 patriarchae,
4699 3027 5150 3096 velmetropolitre
5166 3025 5404 3093 quilibet,

3845 3138 3900 3183 et
3923 3127 4156 3195 episcOpi
4183 3133 4522 3184 consecrent,
4549 3122 4786 3175 divinum
4827 3119 5062 3173 chrisma
5101 3116 5406 3178 conficiant,

3847 3227 3900 3269 et
3924 3226 4136 3275 cetera,
4175 3229 4292 3281 qua:
4317 3213 4426 3265 suis
4456 3209 4761 3278 specialiter
4783 3215 5094 3276 competunt
5118 3204 5406 3274 privilegiis

2173 3293 2314 3360 ignis
2343 3292 2591 3346 incendio
2616 3295 2942 3345 concremati
2967 3306 3110 3358 sunt,
3141 3294 3264 3361 quia
3309 3295 3536 3348 alienum
3570 3295 3744 3364 ignem
3774 3292 3817 3352 C
3849 3306 4214 3373 experimenta
4241 3310 4575 3370 percurram.
4596 3298 4699 3352 Sed
4725 3311 4900 3366 neque
4919 3296 5218 3365 episc0pus,
5241 3309 5409 3360 neque

2169 3381 2367 3438 oﬂerre
2397 3383 2447 3435 in
2483 3382 2578 3436 Dei
2609 3383 2874 3438 sacrificio
2902 3394 3356 3453 praesumpserant
3381 3404 3394 3439 :
3428 3403 3446 3436 ι
3474 3385 3742 3454 Arreptis,

2174 3473 2350 3540 inquit
2374 3472 2672 3542 Scriptura.
2706 3471 2914 3536 Nadab,
2951 3484 3007 3527 et
3065 3474 3202 3528 Abiu
3233 3475 3326 3528 ﬂlii
3355 3475 3532 3528 Aaron
3568 3476 3744 3530 thuri-

2169 3563 2311 3617 bulis
2358 3563 2490 3622 suis,
2531 3573 2827 3629 posuerunt
2878 3563 3076 3634 ignem,
3105 3572 3160 3617 et
3185 3564 3464 3620 incensum
3495 3566 3744 3635 desuper,

2172 3653 2461 3710 nﬂ’erentes
2492 3670 2674 3723 coram
2706 3655 2930 3711 Domino
2977 3658 3153 3727 ignem
3194 3657 3446 3723 alienum,
3475 3658 3617 3726 quod
3666 3657 3748 3713 eis

2170 3752 2499 3815 praeceptum
2522 3759 2628 3798 non
2659 3743 2974 3815 erat(Levit.
3009 3744 3086 3814 x);
3120 3764 3140 3797 ι
3173 3761 3403 3815 moxque
3425 3745 3697 3817 subjungit
3730 3764 3743 3798 :

2175 3856 2196 3886 ε
2233 3835 2300 3891 Et
2345 3851 2594 3907 egressus
2643 3838 2780 3907 ignis
2837 3853 2867 3890 a
2927 3839 3151 3895 Domino
3207 3841 3486 3894 devoravit
3516 3855 3631 3905 eos,
3694 3849 3747 3895 et

2174 3929 2371 3980 mortui
2399 3936 2525 3980 sunt
2561 3941 2746 3981 coram
2790 3926 3016 3982 Domino
3043 3927 3248 3998 (Ibid.).
3293 3948 3312 3981 ι
3345 3927 3480 3982 Nam
3506 3943 3630 3983 cum
3682 3930 3749 3982 ad

2174 4013 2504 4070 oﬂ'crendnm
2537 4017 2642 4072 Deo
2673 4016 2930 4072 terribilis
2975 4019 3304 4072 sacramenti
3334 4018 3567 4074 libamen
3598 4031 3752 4072 acce-

2175 4102 2374 4165 dimus,
2405 4105 2700 4158 cavendum
2729 4105 2882 4159 valde
2903 4114 3003 4168 est,
3035 4119 3101 4158 ne
3131 4103 3362 4158 alienum
3411 4105 3609 4176 ignem,
3648 4105 3751 4160 hoc

2177 4202 2279 4254 cst,
2299 4192 2533 4248 libidinis
2555 4194 2846 4258 ﬂammam,
2872 4194 2956 4248 vel
2984 4193 3349 4263 cujuscunque
3372 4195 3486 4247 vitii
3512 4194 3750 4249 fomitem

2179 4283 2320 4334 inter
2357 4281 2618 4336 salutares
2670 4283 2872 4337 hostias
2916 4281 3242 4338 deferamus.
3292 4283 3397 4338 Sed
3443 4284 3535 4339 ille
3576 4285 3754 4354 potius

2178 4371 2319 4441 ignis
2348 4373 2400 4425 in
2435 4374 3030 4428 nostrarummentinm
3083 4374 3373 4429 thuribulis
3430 4375 3639 4440 ardeat,
3665 4375 3752 4430 illa

2180 4472 2276 4514 cor
2296 4471 2538 4516 nostrum
2563 4463 2728 4516 divini
2752 4465 2951 4518 amoris
2997 4462 3208 4516 ﬂamma
3237 4465 3552 4530 succendat,
3584 4480 3746 4535 quam

2182 4553 2276 4606 Dei
2303 4554 2522 4621 spiritus
2537 4569 2631 4621 per
2658 4555 2976 4609 invisibiiem
2995 4557 3218 4624 gratiam
3243 4556 3441 4611 nostris
3456 4557 3753 4611 visceribus

3847 3396 4108 3456 chrisma,
4156 3408 4328 3460 neque
4365 3390 4505 3443 aliud
4535 3390 4660 3457 quid
4705 3389 4759 3442 in
4810 3386 5188 3442 ecclesiasticis
5229 3399 5407 3437 sacra-

3850 3484 4045 3538 mentis
4092 3479 4265 3547 majus
4303 3494 4461 3548 quam
4489 3492 4687 3546 corpus
4740 3486 4794 3530 et
4820 3475 5038 3544 sanguis
5062 3474 5141 3527 est
5173 3473 5406 3526 Salvato-

3853 3577 3946 3630 ris.
3998 3575 4070 3627 Ea
4123 3588 4271 3641 ergo,
4324 3586 4442 3640 qua:
4489 3571 4697 3639 potiora
4745 3575 4800 3621 et
4849 3565 5152 3620 sublimiora
5206 3571 5327 3616 sunt
5358 3562 5409 3615 in

3849 3665 4111 3729 Ecclesia,
4148 3660 4448 3732 presbyteri
4495 3675 4619 3713 cum
4644 3657 4935 3728 pontificali
4963 3656 5219 3726 dignitate
5249 3653 5409 3722 parti-

3847 3759 4054 3828 eipant.
4117 3754 4186 3808 Et
4241 3751 4489 3821 quamvis
4559 3749 4670 3802 suis
4750 3747 4948 3816 quique
5021 3743 5278 3798 limitibus
5328 3740 5409 3806 ju-

3847 3848 4077 3903 beantur
4142 3857 4261 3897 esse
4321 3839 4608 3903 contenti,
4675 3836 4834 3891 iidem
4885 3834 4984 3904 ipsi
5043 3833 5131 3903 qui
5180 3841 5305 3885 sunt
5357 3831 5408 3884 in

3849 3936 4170 4008 quibusdam
4200 3945 4479 4002 suppares,
4507 3931 4559 3983 in
4581 3925 5054 3982 excellentioribus
5075 3923 5234 3977 rebus
5265 3921 5409 3974 inve-

3851 4030 4072 4084 niuntur
4105 4021 4358 4094 aquales.

4476 4108 4702 4164 CAPUT
4737 4106 4799 4161 ll.

3856 4208 4007 4274 Quod
4030 4204 4204 4260 nullus
4227 4202 4434 4273 gravius
4463 4209 4635 4281 peccat
4663 4213 4817 4322 quam
4844 4193 5106 4266 presbyter
5128 4189 5318 4253 malus,
5335 4187 5416 4240 vel

4498 4286 4677 4322 tinum
4706 4285 4783 4322 us.

4498 4285 4783 4339 imperitus.

3926 4367 4111 4424 Nullus
4158 4365 4321 4435 igitur
4353 4361 4568 4433 gravius
4596 4357 4940 4414 convincitur
4985 4366 5207 4423 peccare
5251 4363 5414 4418 quam

3856 4461 4154 4532 presbyter,
4208 4455 4297 4524 qui
4348 4453 4432 4508 vel
4485 4467 4580 4514 per
4630 4447 4975 4518 inperitiam,
5011 4443 5092 4498 vel
5137 4442 5414 4532 reprobate

3859 4530 4018 4603 vitam
4034 4590 4046 4610 ,
4059 4549 4183 4601 dum
4199 4546 4415 4613 indigne
4437 4541 4722 4600 ministrat,
4741 4547 5001 4608 quantum
5017 4535 5080 4588 ad
5095 4549 5152 4587 se
5170 4530 5416 4586 salutaris

2184 4617 2550 4698 administrat.
2587 4644 2919 4700 Adtnonendi
2947 4617 3074 4700 su‘nt
3102 4647 3280 4716 itaque
3306 4648 3396 4716 qui
3422 4648 3590 4702 sacris
3616 4647 3753 4700 alta—
3780 4647 3830 4706 D
3857 4641 4088 4694 νίειὶῐηεε
4136 4642 4472 4690 sacramenta
4516 4628 4867 4684 εοηιθηιῖηίιι-
4916 4624 5075 4716 “eiii
5107 4621 5280 4716 Planc}
5336 4617 5417 4672 ’ἐι

2182 4735 2332 4789 ribus
2382 4735 2694 4790 ministrare
2742 4736 3049 4806 disponunt,
3102 4747 3161 4790 ut
3208 4753 3310 4790 non
3364 4738 3519 4791 modo
3562 4752 3654 4792 cor
3685 4737 3753 4792 ab

2183 4825 2522 4880 :estuantium
2573 4827 2881 4894 passionum
2911 4828 3033 4897 igne
3083 4829 3411 4893 custodiant,
3441 4829 3532 4881 sed
3591 4828 3750 4880 etiam

2183 4920 2445 4987 linguam,
2475 4933 2593 4986 quae
2623 4919 2760 4972 inter
2783 4918 2950 4974 Deum
2982 4928 3034 4971 et
3084 4935 3182 4975 nos
3213 4920 3609 4990 quodammodo
3641 4934 3752 4974 me-

2182 5008 2382 5060 diatrix
2414 5017 2516 5070 est,
2566 5022 2596 5060 a
2635 5009 2948 5077 supervacui
2989 5011 3254 5065 sermonis
3301 5011 3517 5064 levitate
3544 5023 3754 5076 compe-

2183 5109 2358 5151 scant.
2383 5098 2576 5152 Petrus
2624 5098 2766 5152 cnim
2792 5099 3002 5167 (Matth.
3052 5116 3208 5165 xxvr;
3251 5099 3419 5153 Marc.
3471 5115 3594 5162 xtv;
3623 5097 3751 5153 Luc.

2188 5205 2300 5242 xxn
2322 5205 2335 5252 ;
2360 5189 2516 5242 Joan.
2546 5190 2690 5258 χιιι),
2727 5189 2852 5257 quia
2893 5205 3038 5244 ream
3066 5205 3234 5251 suam,
3267 5190 3503 5259 linguam
3526 5189 3754 5252 scilicet,

2193 5277 2482 5344 deliquisse
2510 5279 2778 5346 cognovit,
2831 5276 2943 5344 ejus
2971 5278 3107 5332 inter
3136 5294 3194 5334 se
3223 5287 3278 5333 et
3308 5278 3474 5332 Deum
3504 5286 3759 5345 tanquam

2193 5366 2521 5419 mediatricis
2554 5366 2752 5420 habere
2778 5366 3130 5433 patrocinium
3183 5368 3479 5431 recusavit;
3509 5368 3602 5422 sed
3632 5367 3760 5421 dum

2196 5469 2375 5507 amare
2405 5456 2566 5520 ﬂevit,
2617 5455 3069 5510 reconciliationis
3097 5472 3204 5510 sua:
3233 5473 3381 5525 spem
3406 5458 3458 5511 in
3497 5458 3762 5527 lacryma-

2202 5559 2318 5597 rum
2365 5546 2753 5600 interventione
2781 5547 3082 5610 constituit,
3115 5557 3169 5600 et
3199 5549 3388 5613 oculis,
3426 5550 3617 5619 quibus
3652 5565 3758 5604 non

2201 5644 2535 5706 peccaverat,
2572 5637 2778 5690 veniam
2831 5638 3158 5706 impetravit.
3193 5638 3274 5690 Sit
3317 5653 3446 5706 ergo
3496 5656 3662 5709 usque
3694 5640 3762 5692 ad

2201 5727 2484 5781 missarum
2526 5727 2825 5797 peragenda
2868 5727 3117 5797 mysteria
3151 5727 3313 5781 saliva
3344 5727 3536 5797 lingua:
3566 5737 3764 5784 nostra:

2203 5819 2356 5890 virgo
2382 5819 2464 5875 vel
2494 5828 2665 5885 casta,
2696 5827 2754 5873 ut
2781 5819 2864 5875 vel
2894 5835 2952 5874 se
2978 5819 3078 5874 sub
3109 5819 3352 5887 virginali
3383 5819 3766 5874 taciturnitatis

3862 4727 4161 4784 sublimiori
4200 4725 4393 4792 cuique
4417 4737 4659 4791 personre
4697 4721 4741 4774 si
4771 4717 4890 4785 quis
4916 4730 5010 4785 per
5031 4713 5214 4766 vitium
5239 4711 5417 4762 detra-

3859 4804 4055 4874 ctionis
4081 4815 4403 4884 obloquitur,
4428 4813 4511 4865 vel
4535 4812 4696 4864 etiam
4735 4809 4786 4860 in
4830 4803 5148 4874 diripienda,
5174 4801 5286 4855 sive
5327 4800 5422 4853 de-

3862 4907 4128 4962 moliendo
4163 4919 4340 4959 rerum
4368 4916 4586 4956 suarum
4634 4897 4890 4951 facultate
4939 4901 5226 4963 grassatur,
5271 4889 5422 4944 facile

3864 4996 4001 5049 redit
4044 4995 4093 5047 in
4133 4993 4382 5062 gratiam,
4411 4990 4453 5043 si
4496 4989 4652 5056 digne
4683 4984 5020 5040 satisfaciens
5061 4980 5309 5039 emendat
5338 4978 5422 5032 of-

3865 5089 4088 5141 fensam.
4117 5088 4185 5138 At
4224 5085 4265 5138 si
4296 5083 4541 5137 manibus
4571 5078 4802 5137 excedit,
4835 5076 4878 5130 si
4909 5076 4961 5128 in
5001 5073 5115 5141 ejus
5141 5085 5423 5141 personam

3866 5179 4116 5232 audacter
4143 5177 4366 5246 prosilit,
4395 5175 4437 5226 si
4460 5171 4726 5226 hostiliter
4756 5168 4933 5230 irruit,
4966 5165 5088 5234 quia
5116 5177 5218 5217 non
5264 5175 5425 5229 pecu-

3867 5271 4058 5331 niaria,
4085 5270 4176 5323 sed
4214 5263 4509 5320 criminalis
4554 5270 4848 5321 estcausa,
4897 5254 5027 5310 nihil
5071 5253 5136 5306 ah
5175 5267 5238 5305 eo
5286 5250 5425 5303 aliud

3865 5360 4115 5428 exigitur,
4164 5370 4323 5423 quam
4351 5352 4583 5406 vindicta
4616 5369 4627 5401 :
4659 5357 4712 5400 et
4741 5362 4844 5400 non
4890 5344 5174 5428 jaminter
5222 5353 5316 5394 eos
5363 5339 5428 5428 de

3869 5427 4208 5516 reparatione
4265 5450 4555 5508 sequestra:
4604 5438 4748 5505 pacis
4800 5427 5019 5503 agitur,
5071 5429 5160 5484 sed
5207 5429 5271 5482 de
5315 5427 5426 5481 sola

3866 5540 4123 5592 duntaxat
4171 5532 4397 5602 augendi
4443 5531 4645 5584 fenoris
4692 5528 4891 5580 ultione
4933 5532 5209 5577 tractatur.
5243 5519 5316 5574 Ita
5349 5520 5425 5570 ni-

3869 5629 4060 5680 mirum
4091 5626 4232 5677 aliud
4254 5633 4338 5676 est
4368 5623 4417 5676 in
4454 5622 4620 5675 Deum
4652 5634 4746 5687 per
4769 5617 5009 5670 diversos
5031 5611 5213 5666 modos
5242 5611 5428 5664 huma-

3869 5734 3949 5771 me
3969 5716 4272 5786 fragilitatis
4295 5712 4573 5774 excedere,
4597 5708 4739 5763 aliud
4765 5709 4816 5760 in
4843 5702 5167 5761 sacrosancti
5190 5698 5426 5769 corporis

3871 5812 3982 5877 ejus
4013 5819 4063 5864 et
4110 5805 4387 5876 sanguinis
4415 5803 4682 5860 oblatione
4724 5813 4967 5870 peccare.
4998 5795 5148 5851 Sicut
5177 5789 5320 5848 aliud
5347 5798 5427 5844 est
