  <div class='ocr_page' id='page_1' title='image "/cluster/home/n/w/nwhite01/storage/ocr_20150623/144-145/uc1.31175001639262/791.png"; bbox 0 0 4540 6352; ppageno 0'>
   <div class='ocr_carea' id='block_1_1' title="bbox 765 376 867 430">
    <p class='ocr_par' dir='ltr' id='par_1_1' title="bbox 765 376 867 430">
     <span class='ocr_line' id='line_1_1' title="bbox 765 376 867 430; baseline 0.01 -2"><span class='ocrx_word' id='word_1_1' title='bbox 765 376 867 430; x_wconf 72' lang='lat'><strong>503</strong></span> 
     </span>
    </p>
   </div>
   <div class='ocr_carea' id='block_1_2' title="bbox 1179 364 3520 434">
    <p class='ocr_par' dir='ltr' id='par_1_2' title="bbox 1179 364 3520 434">
     <span class='ocr_line' id='line_1_2' title="bbox 1179 364 3520 434; baseline -0.004 -3"><span class='ocrx_word' id='word_1_2' title='bbox 1179 373 1236 431; x_wconf 83' lang='lat' dir='ltr'><strong>S.</strong></span> <span class='ocrx_word' id='word_1_3' title='bbox 1275 375 1472 429; x_wconf 80' lang='lat' dir='ltr'><strong>PETRI</strong></span> <span class='ocrx_word' id='word_1_4' title='bbox 1513 371 1788 428; x_wconf 66' lang='lat' dir='ltr'><strong>DAMlANl</strong></span> <span class='ocrx_word' id='word_1_5' title='bbox 1830 371 1979 426; x_wconf 79' lang='lat' dir='ltr'>OPP.</span> <span class='ocrx_word' id='word_1_6' title='bbox 2034 370 2265 434; x_wconf 70' lang='lat' dir='ltr'><strong>TOMUS</strong></span> <span class='ocrx_word' id='word_1_7' title='bbox 2297 370 2426 425; x_wconf 86' lang='lat' dir='ltr'><strong>SEU</strong></span> <span class='ocrx_word' id='word_1_8' title='bbox 2463 369 2639 424; x_wconf 73' lang='lat' dir='ltr'><strong>PARS</strong></span> <span class='ocrx_word' id='word_1_9' title='bbox 2677 367 2762 422; x_wconf 89' lang='lat' dir='ltr'><strong>Ill.</strong></span> <span class='ocrx_word' id='word_1_10' title='bbox 2795 396 2863 407; x_wconf 92' lang='lat'>—</span> <span class='ocrx_word' id='word_1_11' title='bbox 2893 364 3253 423; x_wconf 75' lang='lat' dir='ltr'><strong>OPUSCULA</strong></span> <span class='ocrx_word' id='word_1_12' title='bbox 3291 366 3520 427; x_wconf 74' lang='lat' dir='ltr'><strong>VARIA.</strong></span> 
     </span>
    </p>
   </div>
   <div class='ocr_carea' id='block_1_3' title="bbox 3889 370 4000 429">
    <p class='ocr_par' dir='ltr' id='par_1_3' title="bbox 3889 370 4000 429">
     <span class='ocr_line' id='line_1_3' title="bbox 3889 370 4000 429; baseline 0 -3"><span class='ocrx_word' id='word_1_13' title='bbox 3889 370 4000 429; x_wconf 72' lang='grc' dir='ltr'>ωι</span> 
     </span>
    </p>
   </div>
   <div class='ocr_carea' id='block_1_4' title="bbox 765 474 4001 554">
    <p class='ocr_par' dir='ltr' id='par_1_4' title="bbox 765 474 4001 554">
     <span class='ocr_line' id='line_1_4' title="bbox 765 474 4001 554; baseline -0.001 -18"><span class='ocrx_word' id='word_1_14' title='bbox 765 484 1061 554; x_wconf 83' lang='lat' dir='ltr'><strong>augendam</strong></span> <span class='ocrx_word' id='word_1_15' title='bbox 1090 484 1143 537; x_wconf 92' lang='lat' dir='ltr'><strong>in</strong></span> <span class='ocrx_word' id='word_1_16' title='bbox 1184 492 1609 550; x_wconf 72' lang='lat' dir='ltr'><strong>terrenoquzestn</strong></span> <span class='ocrx_word' id='word_1_17' title='bbox 1628 496 1916 547; x_wconf 82' lang='lat' dir='ltr'><strong>paucorum</strong></span> <span class='ocrx_word' id='word_1_18' title='bbox 1936 480 2213 532; x_wconf 82' lang='lat' dir='ltr'><strong>hominum</strong></span> <span class='ocrx_word' id='word_1_19' title='bbox 2239 477 2317 530; x_wconf 78' lang='lat' dir='ltr'><strong>t&#39;a-</strong></span> <span class='ocrx_word' id='word_1_20' title='bbox 2348 481 2393 537; x_wconf 77' lang='grc' dir='ltr'>Α</span> <span class='ocrx_word' id='word_1_21' title='bbox 2424 493 2525 531; x_wconf 86' lang='lat' dir='ltr'><strong>non</strong></span> <span class='ocrx_word' id='word_1_22' title='bbox 2561 476 2769 540; x_wconf 80' lang='lat' dir='ltr'><strong>flerent,</strong></span> <span class='ocrx_word' id='word_1_23' title='bbox 2792 474 3063 554; x_wconf 75' lang='lat' dir='ltr'><strong>quidpiam</strong></span> <span class='ocrx_word' id='word_1_24' title='bbox 3101 474 3327 539; x_wconf 85' lang='lat' dir='ltr'><strong>fecerit;</strong></span> <span class='ocrx_word' id='word_1_25' title='bbox 3361 476 3405 531; x_wconf 90' lang='lat' dir='ltr'><strong>si</strong></span> <span class='ocrx_word' id='word_1_26' title='bbox 3450 476 3729 541; x_wconf 82' lang='lat' dir='ltr'><strong>sacerdos.</strong></span> <span class='ocrx_word' id='word_1_27' title='bbox 3777 480 3871 549; x_wconf 87' lang='lat' dir='ltr'><strong>qui</strong></span> <span class='ocrx_word' id='word_1_28' title='bbox 3911 490 4001 536; x_wconf 85' lang='lat' dir='ltr'><strong>est</strong></span> 
     </span>
    </p>
   </div>
   <div class='ocr_carea' id='block_1_5' title="bbox 766 567 2320 639">
    <p class='ocr_par' dir='ltr' id='par_1_5' title="bbox 766 567 2320 639">
     <span class='ocr_line' id='line_1_5' title="bbox 766 567 2320 639; baseline -0.005 -12"><span class='ocrx_word' id='word_1_29' title='bbox 766 573 1041 627; x_wconf 88' lang='lat' dir='ltr'><strong>cultatem.</strong></span> <span class='ocrx_word' id='word_1_30' title='bbox 1066 571 1279 626; x_wconf 85' lang='lat' dir='ltr'><strong>interim</strong></span> <span class='ocrx_word' id='word_1_31' title='bbox 1306 571 1442 639; x_wconf 86' lang='lat' dir='ltr'><strong>quod</strong></span> <span class='ocrx_word' id='word_1_32' title='bbox 1462 585 1609 623; x_wconf 85' lang='lat' dir='ltr'><strong>mens</strong></span> <span class='ocrx_word' id='word_1_33' title='bbox 1624 579 1813 634; x_wconf 86' lang='lat' dir='ltr'><strong>scatet,</strong></span> <span class='ocrx_word' id='word_1_34' title='bbox 1832 570 2165 637; x_wconf 84' lang='lat' dir='ltr'><strong>supprimere</strong></span> <span class='ocrx_word' id='word_1_35' title='bbox 2179 567 2320 630; x_wconf 84' lang='lat' dir='ltr'><strong>volo,</strong></span> 
     </span>
    </p>
   </div>
   <div class='ocr_carea' id='block_1_6' title="bbox 762 656 2325 729">
    <p class='ocr_par' dir='ltr' id='par_1_6' title="bbox 762 656 2325 729">
     <span class='ocr_line' id='line_1_6' title="bbox 762 656 2325 729; baseline -0.004 -15"><span class='ocrx_word' id='word_1_36' title='bbox 762 659 923 729; x_wconf 78' lang='lat'><strong>509</strong></span> <span class='ocrx_word' id='word_1_37' title='bbox 950 674 1049 714; x_wconf 90' lang='lat' dir='ltr'><strong>nec</strong></span> <span class='ocrx_word' id='word_1_38' title='bbox 1085 660 1263 713; x_wconf 82' lang='lat' dir='ltr'><strong>valeo:</strong></span> <span class='ocrx_word' id='word_1_39' title='bbox 1298 658 1581 713; x_wconf 83' lang='lat' dir='ltr'><strong>scintillam</strong></span> <span class='ocrx_word' id='word_1_40' title='bbox 1615 656 1758 711; x_wconf 84' lang='lat' dir='ltr'><strong>zelus</strong></span> <span class='ocrx_word' id='word_1_41' title='bbox 1789 658 2022 719; x_wconf 66' lang='lat' dir='ltr'><strong>excutit,</strong></span> <span class='ocrx_word' id='word_1_42' title='bbox 2054 656 2185 708; x_wconf 75' lang='lat' dir='ltr'><strong>dum</strong></span> <span class='ocrx_word' id='word_1_43' title='bbox 2234 670 2325 709; x_wconf 87' lang='lat' dir='ltr'><strong>ca-</strong></span> 
     </span>
    </p>
   </div>
   <div class='ocr_carea' id='block_1_7' title="bbox 762 743 2325 809">
    <p class='ocr_par' dir='ltr' id='par_1_7' title="bbox 762 743 2325 809">
     <span class='ocr_line' id='line_1_7' title="bbox 762 743 2325 809; baseline -0.001 -12"><span class='ocrx_word' id='word_1_44' title='bbox 762 747 963 799; x_wconf 89' lang='lat' dir='ltr'><strong>minum</strong></span> <span class='ocrx_word' id='word_1_45' title='bbox 1000 746 1338 800; x_wconf 70' lang='lat' dir='ltr'><strong>conscientia:</strong></span> <span class='ocrx_word' id='word_1_46' title='bbox 1379 745 1527 797; x_wconf 89' lang='lat' dir='ltr'><strong>dolor</strong></span> <span class='ocrx_word' id='word_1_47' title='bbox 1570 745 1821 798; x_wconf 39' lang='lat' dir='ltr'><strong>incendit.</strong></span> <span class='ocrx_word' id='word_1_48' title='bbox 1865 743 1999 809; x_wconf 83' lang='lat' dir='ltr'><strong>Quid</strong></span> <span class='ocrx_word' id='word_1_49' title='bbox 2035 744 2182 795; x_wconf 80' lang='lat' dir='ltr'><strong>enim</strong></span> <span class='ocrx_word' id='word_1_50' title='bbox 2220 743 2325 797; x_wconf 89' lang='lat' dir='ltr'><strong>erit</strong></span> 
     </span>
    </p>
   </div>
   <div class='ocr_carea' id='block_1_8' title="bbox 759 832 2323 903">
    <p class='ocr_par' dir='ltr' id='par_1_8' title="bbox 759 832 2323 903">
     <span class='ocr_line' id='line_1_8' title="bbox 759 832 2323 903; baseline -0.002 -16"><span class='ocrx_word' id='word_1_51' title='bbox 759 834 825 887; x_wconf 89' lang='lat' dir='ltr'><strong>de</strong></span> <span class='ocrx_word' id='word_1_52' title='bbox 880 834 1118 903; x_wconf 90' lang='lat' dir='ltr'><strong>quolibet</strong></span> <span class='ocrx_word' id='word_1_53' title='bbox 1174 849 1434 902; x_wconf 72' lang='lat' dir='ltr'><strong>supremre</strong></span> <span class='ocrx_word' id='word_1_54' title='bbox 1489 834 1846 885; x_wconf 89' lang='lat' dir='ltr'><strong>damnationis</strong></span> <span class='ocrx_word' id='word_1_55' title='bbox 1897 833 2178 901; x_wconf 68' lang='lat' dir='ltr'><strong>episcopo,</strong></span> <span class='ocrx_word' id='word_1_56' title='bbox 2232 832 2323 900; x_wconf 88' lang='lat' dir='ltr'><strong>qtti</strong></span> 
     </span>
    </p>
   </div>
   <div class='ocr_carea' id='block_1_9' title="bbox 757 919 2323 991">
    <p class='ocr_par' dir='ltr' id='par_1_9' title="bbox 757 919 2323 991">
     <span class='ocr_line' id='line_1_9' title="bbox 757 919 2323 991; baseline 0.002 -20"><span class='ocrx_word' id='word_1_57' title='bbox 757 919 908 989; x_wconf 91' lang='lat' dir='ltr'><strong>lapso</strong></span> <span class='ocrx_word' id='word_1_58' title='bbox 956 924 1149 991; x_wconf 89' lang='lat' dir='ltr'><strong>cuique</strong></span> <span class='ocrx_word' id='word_1_59' title='bbox 1200 923 1511 991; x_wconf 73' lang='lat' dir='ltr'><strong>presbytero</strong></span> <span class='ocrx_word' id='word_1_60' title='bbox 1560 922 1691 976; x_wconf 83' lang='lat' dir='ltr'><strong>tollit</strong></span> <span class='ocrx_word' id='word_1_61' title='bbox 1742 922 1977 984; x_wconf 90' lang='lat' dir='ltr'><strong>lucrum,</strong></span> <span class='ocrx_word' id='word_1_62' title='bbox 2021 930 2075 975; x_wconf 91' lang='lat' dir='ltr'><strong>et</strong></span> <span class='ocrx_word' id='word_1_63' title='bbox 2114 922 2323 977; x_wconf 64' lang='lat' dir='ltr'><strong>sterili-</strong></span> 
     </span>
    </p>
   </div>
   <div class='ocr_carea' id='block_1_10' title="bbox 758 1008 2325 1076">
    <p class='ocr_par' dir='ltr' id='par_1_10' title="bbox 758 1008 2325 1076">
     <span class='ocr_line' id='line_1_10' title="bbox 758 1008 2325 1076; baseline 0.002 -16"><span class='ocrx_word' id='word_1_64' title='bbox 758 1008 915 1061; x_wconf 89' lang='lat' dir='ltr'><strong>eandi</strong></span> <span class='ocrx_word' id='word_1_65' title='bbox 971 1010 1145 1062; x_wconf 90' lang='lat' dir='ltr'><strong>reddit</strong></span> <span class='ocrx_word' id='word_1_66' title='bbox 1187 1008 1455 1063; x_wconf 77' lang='lat' dir='ltr'><strong>officium?</strong></span> <span class='ocrx_word' id='word_1_67' title='bbox 1508 1012 1609 1064; x_wconf 91' lang='lat' dir='ltr'><strong>Iste</strong></span> <span class='ocrx_word' id='word_1_68' title='bbox 1650 1010 1760 1076; x_wconf 87' lang='lat' dir='ltr'><strong>jam</strong></span> <span class='ocrx_word' id='word_1_69' title='bbox 1810 1025 1916 1064; x_wconf 91' lang='lat' dir='ltr'><strong>non</strong></span> <span class='ocrx_word' id='word_1_70' title='bbox 1960 1012 2325 1065; x_wconf 75' lang='lat' dir='ltr'><strong>communicat</strong></span> 
     </span>
    </p>
   </div>
   <div class='ocr_carea' id='block_1_11' title="bbox 758 1097 2322 1167">
    <p class='ocr_par' dir='ltr' id='par_1_11' title="bbox 758 1097 2322 1167">
     <span class='ocr_line' id='line_1_11' title="bbox 758 1097 2322 1167; baseline 0.003 -16"><span class='ocrx_word' id='word_1_71' title='bbox 758 1097 993 1165; x_wconf 81' lang='lat' dir='ltr'><strong>peccatis</strong></span> <span class='ocrx_word' id='word_1_72' title='bbox 1031 1097 1253 1162; x_wconf 87' lang='lat' dir='ltr'><strong>alienis,</strong></span> <span class='ocrx_word' id='word_1_73' title='bbox 1294 1100 1387 1152; x_wconf 85' lang='lat' dir='ltr'><strong>sed</strong></span> <span class='ocrx_word' id='word_1_74' title='bbox 1432 1108 1615 1153; x_wconf 80' lang='lat' dir='ltr'><strong>auctor</strong></span> <span class='ocrx_word' id='word_1_75' title='bbox 1653 1100 1870 1152; x_wconf 76' lang='lat' dir='ltr'><strong>existit:</strong></span> <span class='ocrx_word' id='word_1_76' title='bbox 1919 1100 2026 1153; x_wconf 89' lang='lat' dir='ltr'><strong>imo</strong></span> <span class='ocrx_word' id='word_1_77' title='bbox 2066 1107 2322 1167; x_wconf 76' lang='lat' dir='ltr'><strong>tanquam</strong></span> 
     </span>
    </p>
   </div>
   <div class='ocr_carea' id='block_1_12' title="bbox 756 1184 2319 1254">
    <p class='ocr_par' dir='ltr' id='par_1_12' title="bbox 756 1184 2319 1254">
     <span class='ocr_line' id='line_1_12' title="bbox 756 1184 2319 1254; baseline 0 -14"><span class='ocrx_word' id='word_1_78' title='bbox 756 1184 1246 1250; x_wconf 83' lang='lat' dir='ltr'><strong>Judaslscariotes,</strong></span> <span class='ocrx_word' id='word_1_79' title='bbox 1282 1187 1442 1239; x_wconf 87' lang='lat' dir='ltr'><strong>tradit</strong></span> <span class='ocrx_word' id='word_1_80' title='bbox 1487 1186 1661 1254; x_wconf 81' lang='lat' dir='ltr'><strong>impiis</strong></span> <span class='ocrx_word' id='word_1_81' title='bbox 1704 1185 1950 1241; x_wconf 86' lang='lat' dir='ltr'><strong>manibus</strong></span> <span class='ocrx_word' id='word_1_82' title='bbox 1988 1186 2319 1243; x_wconf 74' lang='lat' dir='ltr'><strong>Salvatorem</strong></span> 
     </span>
    </p>
   </div>
   <div class='ocr_carea' id='block_1_13' title="bbox 756 1274 2319 1342">
    <p class='ocr_par' dir='ltr' id='par_1_13' title="bbox 756 1274 2319 1342">
     <span class='ocr_line' id='line_1_13' title="bbox 756 1274 2319 1342; baseline 0.003 -17"><span class='ocrx_word' id='word_1_83' title='bbox 756 1282 977 1342; x_wconf 83' lang='lat' dir='ltr'><strong>prOptcr</strong></span> <span class='ocrx_word' id='word_1_84' title='bbox 1002 1275 1119 1329; x_wconf 90' lang='lat' dir='ltr'><strong>vilis</strong></span> <span class='ocrx_word' id='word_1_85' title='bbox 1146 1276 1381 1341; x_wconf 76' lang='lat' dir='ltr'><strong>pecunia:</strong></span> <span class='ocrx_word' id='word_1_86' title='bbox 1408 1274 1763 1341; x_wconf 84' lang='lat' dir='ltr'><strong>quantitatem</strong></span> <span class='ocrx_word' id='word_1_87' title='bbox 1787 1292 1801 1339; x_wconf 90' lang='lat'><strong>;</strong></span> <span class='ocrx_word' id='word_1_88' title='bbox 1834 1275 2105 1332; x_wconf 83' lang='lat' dir='ltr'><strong>Christum</strong></span> <span class='ocrx_word' id='word_1_89' title='bbox 2149 1274 2319 1329; x_wconf 78' lang='lat' dir='ltr'><strong>venali</strong></span> 
     </span>
    </p>
   </div>
   <div class='ocr_carea' id='block_1_14' title="bbox 756 1365 2322 1435">
    <p class='ocr_par' dir='ltr' id='par_1_14' title="bbox 756 1365 2322 1435">
     <span class='ocr_line' id='line_1_14' title="bbox 756 1365 2322 1435; baseline 0.002 -17"><span class='ocrx_word' id='word_1_90' title='bbox 756 1366 1083 1419; x_wconf 91' lang='lat' dir='ltr'><strong>commercio</strong></span> <span class='ocrx_word' id='word_1_91' title='bbox 1122 1365 1398 1423; x_wconf 85' lang='lat' dir='ltr'><strong>distrahit.</strong></span> <span class='ocrx_word' id='word_1_92' title='bbox 1446 1373 1499 1417; x_wconf 77' lang='lat' dir='ltr'><strong>et</strong></span> <span class='ocrx_word' id='word_1_93' title='bbox 1541 1380 1637 1432; x_wconf 89' lang='lat' dir='ltr'><strong>pro</strong></span> <span class='ocrx_word' id='word_1_94' title='bbox 1672 1380 1854 1420; x_wconf 90' lang='lat' dir='ltr'><strong>amore</strong></span> <span class='ocrx_word' id='word_1_95' title='bbox 1889 1367 2130 1435; x_wconf 70' lang='lat' dir='ltr'><strong>pecunia:</strong></span> <span class='ocrx_word' id='word_1_96' title='bbox 2159 1367 2322 1421; x_wconf 88' lang='lat' dir='ltr'><strong>tradit</strong></span> 
     </span>
    </p>
   </div>
   <div class='ocr_carea' id='block_1_15' title="bbox 757 1454 2320 1523">
    <p class='ocr_par' dir='ltr' id='par_1_15' title="bbox 757 1454 2320 1523">
     <span class='ocr_line' id='line_1_15' title="bbox 757 1454 2320 1523; baseline 0.003 -16"><span class='ocrx_word' id='word_1_97' title='bbox 757 1464 1029 1508; x_wconf 86' lang='lat' dir='ltr'><strong>auctorem</strong></span> <span class='ocrx_word' id='word_1_98' title='bbox 1065 1456 1203 1509; x_wconf 64' lang='lat' dir='ltr'><strong>vitae.</strong></span> <span class='ocrx_word' id='word_1_99' title='bbox 1238 1454 1303 1508; x_wconf 88' lang='lat' dir='ltr'><strong>Et</strong></span> <span class='ocrx_word' id='word_1_100' title='bbox 1344 1456 1444 1509; x_wconf 85' lang='lat' dir='ltr'><strong>iste</strong></span> <span class='ocrx_word' id='word_1_101' title='bbox 1473 1457 1715 1523; x_wconf 89' lang='lat' dir='ltr'><strong>protinus</strong></span> <span class='ocrx_word' id='word_1_102' title='bbox 1758 1458 1996 1510; x_wconf 91' lang='lat' dir='ltr'><strong>omnium</strong></span> <span class='ocrx_word' id='word_1_103' title='bbox 2031 1457 2320 1513; x_wconf 81' lang='lat' dir='ltr'><strong>criminum</strong></span> 
     </span>
    </p>
   </div>
   <div class='ocr_carea' id='block_1_16' title="bbox 756 1542 2321 1612">
    <p class='ocr_par' dir='ltr' id='par_1_16' title="bbox 756 1542 2321 1612">
     <span class='ocr_line' id='line_1_16' title="bbox 756 1542 2321 1612; baseline 0.004 -18"><span class='ocrx_word' id='word_1_104' title='bbox 756 1556 897 1607; x_wconf 83' lang='lat' dir='ltr'><strong>reus,</strong></span> <span class='ocrx_word' id='word_1_105' title='bbox 935 1558 1029 1611; x_wconf 93' lang='lat' dir='ltr'><strong>pro</strong></span> <span class='ocrx_word' id='word_1_106' title='bbox 1069 1544 1260 1612; x_wconf 87' lang='lat' dir='ltr'><strong>quibus</strong></span> <span class='ocrx_word' id='word_1_107' title='bbox 1308 1542 1396 1597; x_wconf 89' lang='lat' dir='ltr'><strong>ille</strong></span> <span class='ocrx_word' id='word_1_108' title='bbox 1446 1542 1619 1597; x_wconf 83' lang='lat' dir='ltr'><strong>fuerat</strong></span> <span class='ocrx_word' id='word_1_109' title='bbox 1668 1544 2087 1610; x_wconf 78' lang='lat' dir='ltr'><strong>sacerdotalibus</strong></span> <span class='ocrx_word' id='word_1_110' title='bbox 2140 1544 2321 1601; x_wconf 89' lang='lat' dir='ltr'><strong>infulis</strong></span> 
     </span>
    </p>
   </div>
   <div class='ocr_carea' id='block_1_17' title="bbox 756 1632 1053 1685">
    <p class='ocr_par' dir='ltr' id='par_1_17' title="bbox 756 1632 1053 1685">
     <span class='ocr_line' id='line_1_17' title="bbox 756 1632 1053 1685; baseline -0.003 -1"><span class='ocrx_word' id='word_1_111' title='bbox 756 1632 1053 1685; x_wconf 79' lang='lat' dir='ltr'><strong>exuendus.</strong></span> 
     </span>
    </p>
   </div>
   <div class='ocr_carea' id='block_1_18' title="bbox 831 1720 2316 1789">
    <p class='ocr_par' dir='ltr' id='par_1_18' title="bbox 831 1720 2316 1789">
     <span class='ocr_line' id='line_1_18' title="bbox 831 1720 2316 1789; baseline 0.001 -15"><span class='ocrx_word' id='word_1_112' title='bbox 831 1720 897 1774; x_wconf 89' lang='lat' dir='ltr'><strong>Ut</strong></span> <span class='ocrx_word' id='word_1_113' title='bbox 924 1735 1053 1787; x_wconf 90' lang='lat' dir='ltr'><strong>ergo</strong></span> <span class='ocrx_word' id='word_1_114' title='bbox 1086 1720 1251 1789; x_wconf 87' lang='lat' dir='ltr'><strong>stylus</strong></span> <span class='ocrx_word' id='word_1_115' title='bbox 1274 1721 1337 1773; x_wconf 89' lang='lat' dir='ltr'><strong>ad</strong></span> <span class='ocrx_word' id='word_1_116' title='bbox 1365 1722 1484 1784; x_wconf 88' lang='lat' dir='ltr'><strong>hoc,</strong></span> <span class='ocrx_word' id='word_1_117' title='bbox 1513 1722 1653 1773; x_wconf 89' lang='lat' dir='ltr'><strong>unde</strong></span> <span class='ocrx_word' id='word_1_118' title='bbox 1679 1720 1950 1789; x_wconf 79' lang='lat' dir='ltr'><strong>digressus</strong></span> <span class='ocrx_word' id='word_1_119' title='bbox 1978 1731 2086 1785; x_wconf 87' lang='lat' dir='ltr'><strong>est,</strong></span> <span class='ocrx_word' id='word_1_120' title='bbox 2120 1723 2316 1786; x_wconf 87' lang='lat' dir='ltr'><strong>redeat,</strong></span> 
     </span>
    </p>
   </div>
   <div class='ocr_carea' id='block_1_19' title="bbox 2426 552 4000 633">
    <p class='ocr_par' dir='ltr' id='par_1_19' title="bbox 2426 552 4000 633">
     <span class='ocr_line' id='line_1_19' title="bbox 2426 552 4000 633; baseline 0.003 -16"><span class='ocrx_word' id='word_1_121' title='bbox 2426 574 2637 629; x_wconf 87' lang='lat' dir='ltr'><strong>unctus,</strong></span> <span class='ocrx_word' id='word_1_122' title='bbox 2664 552 2979 633; x_wconf 74' lang='lat' dir='ltr'><strong>peccaverit,</strong></span> <span class='ocrx_word' id='word_1_123' title='bbox 3024 562 3334 629; x_wconf 85' lang='lat' dir='ltr'><strong>delinquere</strong></span> <span class='ocrx_word' id='word_1_124' title='bbox 3374 562 3581 617; x_wconf 91' lang='lat' dir='ltr'><strong>faciens</strong></span> <span class='ocrx_word' id='word_1_125' title='bbox 3609 565 3889 633; x_wconf 89' lang='lat' dir='ltr'><strong>populum,</strong></span> <span class='ocrx_word' id='word_1_126' title='bbox 3915 566 4000 621; x_wconf 81' lang='lat' dir='ltr'><strong>of-</strong></span> 
     </span>
    </p>
   </div>
   <div class='ocr_carea' id='block_1_20' title="bbox 2424 650 4003 721">
    <p class='ocr_par' dir='ltr' id='par_1_20' title="bbox 2424 650 4003 721">
     <span class='ocr_line' id='line_1_20' title="bbox 2424 650 4003 721; baseline 0.003 -16"><span class='ocrx_word' id='word_1_127' title='bbox 2424 654 2558 707; x_wconf 84' lang='lat' dir='ltr'><strong>feret</strong></span> <span class='ocrx_word' id='word_1_128' title='bbox 2584 666 2681 721; x_wconf 91' lang='lat' dir='ltr'><strong>pro</strong></span> <span class='ocrx_word' id='word_1_129' title='bbox 2711 659 2931 721; x_wconf 87' lang='lat' dir='ltr'><strong>peccato</strong></span> <span class='ocrx_word' id='word_1_130' title='bbox 2959 666 3056 705; x_wconf 91' lang='lat' dir='ltr'><strong>suo</strong></span> <span class='ocrx_word' id='word_1_131' title='bbox 3083 650 3307 704; x_wconf 89' lang='lat' dir='ltr'><strong>vitulum</strong></span> <span class='ocrx_word' id='word_1_132' title='bbox 3334 651 3737 705; x_wconf 88' lang='lat' dir='ltr'><strong>immaculatum</strong></span> <span class='ocrx_word' id='word_1_133' title='bbox 3769 654 4003 711; x_wconf 79' lang='lat' dir='ltr'><strong>Domino</strong></span> 
     </span>
    </p>
   </div>
   <div class='ocr_carea' id='block_1_21' title="bbox 2426 730 4001 813">
    <p class='ocr_par' dir='ltr' id='par_1_21' title="bbox 2426 730 4001 813">
     <span class='ocr_line' id='line_1_21' title="bbox 2426 730 4001 813; baseline 0.002 -20"><span class='ocrx_word' id='word_1_134' title='bbox 2426 742 2608 813; x_wconf 76' lang='lat' dir='ltr'><strong>(Leuit.</strong></span> <span class='ocrx_word' id='word_1_135' title='bbox 2642 730 2737 810; x_wconf 79' lang='lat' dir='ltr'><strong>tv).</strong></span> <span class='ocrx_word' id='word_1_136' title='bbox 2773 760 2793 792; x_wconf 75' lang='grc' dir='ltr'><strong>ι</strong></span> <span class='ocrx_word' id='word_1_137' title='bbox 2831 740 2911 793; x_wconf 80' lang='lat' dir='ltr'><strong>Ex</strong></span> <span class='ocrx_word' id='word_1_138' title='bbox 2942 741 3133 807; x_wconf 87' lang='lat' dir='ltr'><strong>quibus</strong></span> <span class='ocrx_word' id='word_1_139' title='bbox 3160 740 3338 793; x_wconf 82' lang='lat' dir='ltr'><strong>verbis</strong></span> <span class='ocrx_word' id='word_1_140' title='bbox 3368 740 3495 794; x_wconf 89' lang='lat' dir='ltr'><strong>illud</strong></span> <span class='ocrx_word' id='word_1_141' title='bbox 3528 738 3881 796; x_wconf 88' lang='lat' dir='ltr'><strong>formidolose</strong></span> <span class='ocrx_word' id='word_1_142' title='bbox 3904 757 4001 796; x_wconf 88' lang='lat' dir='ltr'><strong>no-</strong></span> 
     </span>
    </p>
   </div>
   <div class='ocr_carea' id='block_1_22' title="bbox 2427 828 3998 899">
    <p class='ocr_par' dir='ltr' id='par_1_22' title="bbox 2427 828 3998 899">
     <span class='ocr_line' id='line_1_22' title="bbox 2427 828 3998 899; baseline 0.001 -16"><span class='ocrx_word' id='word_1_143' title='bbox 2427 831 2637 884; x_wconf 86' lang='lat' dir='ltr'><strong>tandum</strong></span> <span class='ocrx_word' id='word_1_144' title='bbox 2662 838 2765 895; x_wconf 89' lang='lat' dir='ltr'><strong>est,</strong></span> <span class='ocrx_word' id='word_1_145' title='bbox 2792 831 2934 899; x_wconf 91' lang='lat' dir='ltr'><strong>quod</strong></span> <span class='ocrx_word' id='word_1_146' title='bbox 2959 830 3032 881; x_wconf 88' lang='lat' dir='ltr'><strong>ait</strong></span> <span class='ocrx_word' id='word_1_147' title='bbox 3056 848 3069 881; x_wconf 91' lang='lat'><strong>:</strong></span> <span class='ocrx_word' id='word_1_148' title='bbox 3106 847 3124 880; x_wconf 70' lang='grc' dir='ltr'>ι</span> <span class='ocrx_word' id='word_1_149' title='bbox 3161 828 3216 883; x_wconf 92' lang='lat' dir='ltr'><strong>Si</strong></span> <span class='ocrx_word' id='word_1_150' title='bbox 3242 830 3515 894; x_wconf 81' lang='lat' dir='ltr'><strong>sacerdos,</strong></span> <span class='ocrx_word' id='word_1_151' title='bbox 3541 830 3633 898; x_wconf 92' lang='lat' dir='ltr'><strong>qui</strong></span> <span class='ocrx_word' id='word_1_152' title='bbox 3662 840 3859 885; x_wconf 80' lang='lat' dir='ltr'><strong>unctus</strong></span> <span class='ocrx_word' id='word_1_153' title='bbox 3891 841 3998 897; x_wconf 90' lang='lat' dir='ltr'><strong>est,</strong></span> 
     </span>
    </p>
   </div>
   <div class='ocr_carea' id='block_1_23' title="bbox 2422 918 3999 990">
    <p class='ocr_par' dir='ltr' id='par_1_23' title="bbox 2422 918 3999 990">
     <span class='ocr_line' id='line_1_23' title="bbox 2422 918 3999 990; baseline 0.001 -17"><span class='ocrx_word' id='word_1_154' title='bbox 2422 920 2747 989; x_wconf 83' lang='lat' dir='ltr'><strong>peccaverit,</strong></span> <span class='ocrx_word' id='word_1_155' title='bbox 2792 919 3101 987; x_wconf 89' lang='lat' dir='ltr'><strong>delinquere</strong></span> <span class='ocrx_word' id='word_1_156' title='bbox 3167 918 3367 972; x_wconf 87' lang='lat' dir='ltr'><strong>faciens</strong></span> <span class='ocrx_word' id='word_1_157' title='bbox 3434 919 3736 988; x_wconf 87' lang='lat' dir='ltr'><strong>populum;</strong></span> <span class='ocrx_word' id='word_1_158' title='bbox 3798 940 3818 973; x_wconf 74' lang='grc' dir='ltr'><strong><em>ι</em></strong></span> <span class='ocrx_word' id='word_1_159' title='bbox 3871 922 3999 990; x_wconf 84' lang='lat' dir='ltr'><strong>quia</strong></span> 
     </span>
    </p>
   </div>
   <div class='ocr_carea' id='block_1_24' title="bbox 2421 1006 3997 1074">
    <p class='ocr_par' dir='ltr' id='par_1_24' title="bbox 2421 1006 3997 1074">
     <span class='ocr_line' id='line_1_24' title="bbox 2421 1006 3997 1074; baseline 0.002 -14"><span class='ocrx_word' id='word_1_160' title='bbox 2421 1006 2670 1060; x_wconf 90' lang='lat' dir='ltr'><strong>nimirum</strong></span> <span class='ocrx_word' id='word_1_161' title='bbox 2709 1006 2977 1071; x_wconf 89' lang='lat' dir='ltr'><strong>sacerdos,</strong></span> <span class='ocrx_word' id='word_1_162' title='bbox 3025 1006 3113 1073; x_wconf 91' lang='lat' dir='ltr'><strong>qui</strong></span> <span class='ocrx_word' id='word_1_163' title='bbox 3152 1006 3320 1074; x_wconf 80' lang='lat' dir='ltr'><strong>legem</strong></span> <span class='ocrx_word' id='word_1_164' title='bbox 3354 1006 3446 1060; x_wconf 88' lang='lat' dir='ltr'><strong>Dei</strong></span> <span class='ocrx_word' id='word_1_165' title='bbox 3484 1008 3781 1063; x_wconf 86' lang='lat' dir='ltr'><strong>nesciendo</strong></span> <span class='ocrx_word' id='word_1_166' title='bbox 3826 1010 3997 1065; x_wconf 77' lang='lat' dir='ltr'><strong>delin-</strong></span> 
     </span>
    </p>
   </div>
   <div class='ocr_carea' id='block_1_25' title="bbox 2420 1094 4002 1164">
    <p class='ocr_par' dir='ltr' id='par_1_25' title="bbox 2420 1094 4002 1164">
     <span class='ocr_line' id='line_1_25' title="bbox 2420 1094 4002 1164; baseline 0.005 -18"><span class='ocrx_word' id='word_1_167' title='bbox 2420 1094 2555 1162; x_wconf 87' lang='lat' dir='ltr'><strong>quit,</strong></span> <span class='ocrx_word' id='word_1_168' title='bbox 2597 1094 2708 1148; x_wconf 91' lang='lat' dir='ltr'><strong>suis</strong></span> <span class='ocrx_word' id='word_1_169' title='bbox 2749 1094 2913 1148; x_wconf 90' lang='lat' dir='ltr'><strong>etiam</strong></span> <span class='ocrx_word' id='word_1_170' title='bbox 2958 1094 3209 1163; x_wconf 86' lang='lat' dir='ltr'><strong>populum</strong></span> <span class='ocrx_word' id='word_1_171' title='bbox 3261 1095 3314 1149; x_wconf 90' lang='lat' dir='ltr'><strong>in</strong></span> <span class='ocrx_word' id='word_1_172' title='bbox 3360 1098 3599 1164; x_wconf 85' lang='lat' dir='ltr'><strong>peccatis</strong></span> <span class='ocrx_word' id='word_1_173' title='bbox 3644 1098 3898 1164; x_wconf 85' lang='lat' dir='ltr'><strong>involvit,</strong></span> <span class='ocrx_word' id='word_1_174' title='bbox 3945 1107 4002 1154; x_wconf 85' lang='lat' dir='ltr'><strong>et</strong></span> 
     </span>
    </p>
   </div>
   <div class='ocr_carea' id='block_1_26' title="bbox 2420 1184 4002 1253">
    <p class='ocr_par' dir='ltr' id='par_1_26' title="bbox 2420 1184 4002 1253">
     <span class='ocr_line' id='line_1_26' title="bbox 2420 1184 4002 1253; baseline 0.004 -17"><span class='ocrx_word' id='word_1_175' title='bbox 2420 1199 2555 1252; x_wconf 86' lang='lat' dir='ltr'><strong>quos</strong></span> <span class='ocrx_word' id='word_1_176' title='bbox 2583 1185 2767 1239; x_wconf 88' lang='lat' dir='ltr'><strong>doctus</strong></span> <span class='ocrx_word' id='word_1_177' title='bbox 2800 1184 3044 1239; x_wconf 86' lang='lat' dir='ltr'><strong>relevare</strong></span> <span class='ocrx_word' id='word_1_178' title='bbox 3072 1193 3339 1253; x_wconf 87' lang='lat' dir='ltr'><strong>potuerat,</strong></span> <span class='ocrx_word' id='word_1_179' title='bbox 3370 1200 3552 1241; x_wconf 87' lang='lat' dir='ltr'><strong>secum</strong></span> <span class='ocrx_word' id='word_1_180' title='bbox 3581 1186 3745 1241; x_wconf 89' lang='lat' dir='ltr'><strong>simul</strong></span> <span class='ocrx_word' id='word_1_181' title='bbox 3768 1202 3871 1243; x_wconf 70' lang='lat' dir='ltr'><strong>per</strong></span> <span class='ocrx_word' id='word_1_182' title='bbox 3900 1188 4002 1243; x_wconf 78' lang='lat' dir='ltr'><strong>int-</strong></span> 
     </span>
    </p>
   </div>
   <div class='ocr_carea' id='block_1_27' title="bbox 2418 1274 2901 1344">
    <p class='ocr_par' dir='ltr' id='par_1_27' title="bbox 2418 1274 2901 1344">
     <span class='ocr_line' id='line_1_27' title="bbox 2418 1274 2901 1344; baseline -0.002 -16"><span class='ocrx_word' id='word_1_183' title='bbox 2418 1274 2665 1344; x_wconf 86' lang='lat' dir='ltr'><strong>peritiam</strong></span> <span class='ocrx_word' id='word_1_184' title='bbox 2694 1283 2901 1343; x_wconf 88' lang='lat' dir='ltr'><strong>gravat.</strong></span> 
     </span>
    </p>
   </div>
   <div class='ocr_carea' id='block_1_28' title="bbox 2490 1364 4000 1437">
    <p class='ocr_par' dir='ltr' id='par_1_28' title="bbox 2490 1364 4000 1437">
     <span class='ocr_line' id='line_1_28' title="bbox 2490 1364 4000 1437; baseline 0.003 -17"><span class='ocrx_word' id='word_1_185' title='bbox 2490 1364 2568 1420; x_wconf 87' lang='lat' dir='ltr'><strong>Tu</strong></span> <span class='ocrx_word' id='word_1_186' title='bbox 2602 1380 2748 1429; x_wconf 85' lang='lat' dir='ltr'><strong>vero,</strong></span> <span class='ocrx_word' id='word_1_187' title='bbox 2777 1365 3080 1419; x_wconf 88' lang='lat' dir='ltr'><strong>venerande</strong></span> <span class='ocrx_word' id='word_1_188' title='bbox 3107 1365 3211 1429; x_wconf 90' lang='lat' dir='ltr'><strong>vir,</strong></span> <span class='ocrx_word' id='word_1_189' title='bbox 3239 1380 3398 1435; x_wconf 89' lang='lat' dir='ltr'><strong>quem</strong></span> <span class='ocrx_word' id='word_1_190' title='bbox 3429 1374 3482 1420; x_wconf 90' lang='lat' dir='ltr'><strong>et</strong></span> <span class='ocrx_word' id='word_1_191' title='bbox 3510 1367 3613 1420; x_wconf 87' lang='lat' dir='ltr'><strong>vita</strong></span> <span class='ocrx_word' id='word_1_192' title='bbox 3648 1368 4000 1437; x_wconf 70' lang='lat' dir='ltr'><strong>prmclarnm,</strong></span> 
     </span>
    </p>
   </div>
   <div class='ocr_carea' id='block_1_29' title="bbox 2418 1455 4000 1524">
    <p class='ocr_par' dir='ltr' id='par_1_29' title="bbox 2418 1455 4000 1524">
     <span class='ocr_line' id='line_1_29' title="bbox 2418 1455 4000 1524; baseline 0.001 -13"><span class='ocrx_word' id='word_1_193' title='bbox 2418 1466 2472 1511; x_wconf 88' lang='lat' dir='ltr'><strong>et</strong></span> <span class='ocrx_word' id='word_1_194' title='bbox 2504 1456 2747 1511; x_wconf 87' lang='lat' dir='ltr'><strong>doctrina</strong></span> <span class='ocrx_word' id='word_1_195' title='bbox 2788 1455 3176 1523; x_wconf 89' lang='lat' dir='ltr'><strong>conspicuum:</strong></span> <span class='ocrx_word' id='word_1_196' title='bbox 3223 1464 3277 1510; x_wconf 89' lang='lat' dir='ltr'><strong>et</strong></span> <span class='ocrx_word' id='word_1_197' title='bbox 3332 1456 3475 1524; x_wconf 87' lang='lat' dir='ltr'><strong>quod</strong></span> <span class='ocrx_word' id='word_1_198' title='bbox 3525 1456 3610 1511; x_wconf 84' lang='lat' dir='ltr'><strong>bis</strong></span> <span class='ocrx_word' id='word_1_199' title='bbox 3648 1459 4000 1524; x_wconf 69' lang='lat' dir='ltr'><strong>praestantius</strong></span> 
     </span>
    </p>
   </div>
   <div class='ocr_carea' id='block_1_30' title="bbox 2417 1542 4003 1615">
    <p class='ocr_par' dir='ltr' id='par_1_30' title="bbox 2417 1542 4003 1615">
     <span class='ocr_line' id='line_1_30' title="bbox 2417 1542 4003 1615; baseline 0.001 -15"><span class='ocrx_word' id='word_1_200' title='bbox 2417 1554 2517 1609; x_wconf 90' lang='lat' dir='ltr'><strong>est,</strong></span> <span class='ocrx_word' id='word_1_201' title='bbox 2550 1543 2807 1615; x_wconf 83' lang='lat' dir='ltr'><strong>spiritalis</strong></span> <span class='ocrx_word' id='word_1_202' title='bbox 2839 1543 2937 1597; x_wconf 84' lang='lat' dir='ltr'><strong>zeli</strong></span> <span class='ocrx_word' id='word_1_203' title='bbox 2969 1542 3148 1597; x_wconf 80' lang='lat' dir='ltr'><strong>fervor</strong></span> <span class='ocrx_word' id='word_1_204' title='bbox 3179 1544 3356 1599; x_wconf 88' lang='lat' dir='ltr'><strong>reddit</strong></span> <span class='ocrx_word' id='word_1_205' title='bbox 3394 1558 3704 1610; x_wconf 80' lang='lat' dir='ltr'><strong>accensum,</strong></span> <span class='ocrx_word' id='word_1_206' title='bbox 3750 1546 3834 1600; x_wconf 88' lang='lat' dir='ltr'><strong>sic</strong></span> <span class='ocrx_word' id='word_1_207' title='bbox 3879 1546 4003 1603; x_wconf 78' lang='lat' dir='ltr'><strong>aliis</strong></span> 
     </span>
    </p>
   </div>
   <div class='ocr_carea' id='block_1_31' title="bbox 2412 1630 4002 1705">
    <p class='ocr_par' dir='ltr' id='par_1_31' title="bbox 2412 1630 4002 1705">
     <span class='ocr_line' id='line_1_31' title="bbox 2412 1630 4002 1705; baseline 0.004 -21"><span class='ocrx_word' id='word_1_208' title='bbox 2412 1634 2684 1703; x_wconf 87' lang='lat' dir='ltr'><strong>juttiorum</strong></span> <span class='ocrx_word' id='word_1_209' title='bbox 2716 1632 3025 1686; x_wconf 90' lang='lat' dir='ltr'><strong>memineris</strong></span> <span class='ocrx_word' id='word_1_210' title='bbox 3055 1630 3303 1701; x_wconf 74' lang='lat' dir='ltr'><strong>delegare</strong></span> <span class='ocrx_word' id='word_1_211' title='bbox 3332 1632 3657 1697; x_wconf 89' lang='lat' dir='ltr'><strong>custodiam,</strong></span> <span class='ocrx_word' id='word_1_212' title='bbox 3690 1642 3751 1687; x_wconf 88' lang='lat' dir='ltr'><strong>ut</strong></span> <span class='ocrx_word' id='word_1_213' title='bbox 3780 1642 3838 1688; x_wconf 90' lang='lat' dir='ltr'><strong>et</strong></span> <span class='ocrx_word' id='word_1_214' title='bbox 3882 1634 4002 1705; x_wconf 80' lang='lat' dir='ltr'><strong>ipse</strong></span> 
     </span>
    </p>
   </div>
   <div class='ocr_carea' id='block_1_32' title="bbox 2420 1719 3998 1790">
    <p class='ocr_par' dir='ltr' id='par_1_32' title="bbox 2420 1719 3998 1790">
     <span class='ocr_line' id='line_1_32' title="bbox 2420 1719 3998 1790; baseline 0.003 -17"><span class='ocrx_word' id='word_1_215' title='bbox 2420 1721 2729 1790; x_wconf 87' lang='lat' dir='ltr'><strong>frequenter</strong></span> <span class='ocrx_word' id='word_1_216' title='bbox 2780 1720 2886 1774; x_wconf 90' lang='lat' dir='ltr'><strong>huc</strong></span> <span class='ocrx_word' id='word_1_217' title='bbox 2935 1719 3165 1785; x_wconf 85' lang='lat' dir='ltr'><strong>illucque</strong></span> <span class='ocrx_word' id='word_1_218' title='bbox 3212 1720 3518 1775; x_wconf 89' lang='lat' dir='ltr'><strong>discurrere</strong></span> <span class='ocrx_word' id='word_1_219' title='bbox 3565 1736 3672 1775; x_wconf 90' lang='lat' dir='ltr'><strong>non</strong></span> <span class='ocrx_word' id='word_1_220' title='bbox 3746 1723 3998 1778; x_wconf 82' lang='lat' dir='ltr'><strong>omittas.</strong></span> 
     </span>
    </p>
   </div>
   <div class='ocr_carea' id='block_1_33' title="bbox 754 1809 3998 1879">
    <p class='ocr_par' dir='ltr' id='par_1_33' title="bbox 754 1809 3998 1879">
     <span class='ocr_line' id='line_1_33' title="bbox 754 1809 3998 1879; baseline 0.004 -22"><span class='ocrx_word' id='word_1_221' title='bbox 754 1809 968 1862; x_wconf 85' lang='lat' dir='ltr'><strong>videtur</strong></span> <span class='ocrx_word' id='word_1_222' title='bbox 996 1811 1165 1872; x_wconf 84' lang='lat' dir='ltr'><strong>nobis,</strong></span> <span class='ocrx_word' id='word_1_223' title='bbox 1200 1811 1243 1862; x_wconf 89' lang='lat' dir='ltr'><strong>si</strong></span> <span class='ocrx_word' id='word_1_224' title='bbox 1272 1810 1462 1879; x_wconf 85' lang='lat' dir='ltr'><strong>placet,</strong></span> <span class='ocrx_word' id='word_1_225' title='bbox 1499 1811 1599 1862; x_wconf 87' lang='lat' dir='ltr'><strong>hoc</strong></span> <span class='ocrx_word' id='word_1_226' title='bbox 1632 1810 1894 1878; x_wconf 88' lang='lat' dir='ltr'><strong>episcopis</strong></span> <span class='ocrx_word' id='word_1_227' title='bbox 1922 1813 2176 1865; x_wconf 82' lang='lat' dir='ltr'><strong>utendum</strong></span> <span class='ocrx_word' id='word_1_228' title='bbox 2203 1827 2321 1867; x_wconf 89' lang='lat' dir='ltr'><strong>esse</strong></span> <span class='ocrx_word' id='word_1_229' title='bbox 2353 1812 2394 1869; x_wconf 78' lang='grc' dir='ltr'><strong>Β</strong></span> <span class='ocrx_word' id='word_1_230' title='bbox 2426 1812 2649 1864; x_wconf 78' lang='lat' dir='ltr'><strong>Faciens</strong></span> <span class='ocrx_word' id='word_1_231' title='bbox 2713 1810 2854 1878; x_wconf 91' lang='lat' dir='ltr'><strong>quod</strong></span> <span class='ocrx_word' id='word_1_232' title='bbox 2909 1810 3155 1863; x_wconf 90' lang='lat' dir='ltr'><strong>hortatur</strong></span> <span class='ocrx_word' id='word_1_233' title='bbox 3208 1809 3460 1865; x_wconf 89' lang='lat' dir='ltr'><strong>Salomon</strong></span> <span class='ocrx_word' id='word_1_234' title='bbox 3516 1810 3569 1864; x_wconf 91' lang='lat' dir='ltr'><strong>in</strong></span> <span class='ocrx_word' id='word_1_235' title='bbox 3623 1810 3939 1867; x_wconf 78' lang='lat' dir='ltr'><strong>Proverbiis</strong></span> <span class='ocrx_word' id='word_1_236' title='bbox 3981 1829 3998 1870; x_wconf 87' lang='lat'><strong>:</strong></span> 
     </span>
    </p>
   </div>
   <div class='ocr_carea' id='block_1_34' title="bbox 754 1898 2312 1968">
    <p class='ocr_par' dir='ltr' id='par_1_34' title="bbox 754 1898 2312 1968">
     <span class='ocr_line' id='line_1_34' title="bbox 754 1898 2312 1968; baseline 0.003 -18"><span class='ocrx_word' id='word_1_237' title='bbox 754 1898 997 1961; x_wconf 89' lang='lat' dir='ltr'><strong>consilio,</strong></span> <span class='ocrx_word' id='word_1_238' title='bbox 1028 1907 1088 1951; x_wconf 91' lang='lat' dir='ltr'><strong>ut</strong></span> <span class='ocrx_word' id='word_1_239' title='bbox 1116 1898 1357 1965; x_wconf 84' lang='lat' dir='ltr'><strong>indignos</strong></span> <span class='ocrx_word' id='word_1_240' title='bbox 1406 1913 1469 1952; x_wconf 90' lang='lat' dir='ltr'><strong>ac</strong></span> <span class='ocrx_word' id='word_1_241' title='bbox 1507 1900 1733 1965; x_wconf 89' lang='lat' dir='ltr'><strong>turpiter</strong></span> <span class='ocrx_word' id='word_1_242' title='bbox 1762 1899 1939 1968; x_wconf 89' lang='lat' dir='ltr'><strong>lapsos</strong></span> <span class='ocrx_word' id='word_1_243' title='bbox 1968 1901 2312 1955; x_wconf 56' lang='lat' dir='ltr'><strong>administra.</strong></span> 
     </span>
    </p>
   </div>
   <div class='ocr_carea' id='block_1_35' title="bbox 753 1986 2315 2058">
    <p class='ocr_par' dir='ltr' id='par_1_35' title="bbox 753 1986 2315 2058">
     <span class='ocr_line' id='line_1_35' title="bbox 753 1986 2315 2058; baseline 0.004 -21"><span class='ocrx_word' id='word_1_244' title='bbox 753 1987 898 2039; x_wconf 90' lang='lat' dir='ltr'><strong>tione</strong></span> <span class='ocrx_word' id='word_1_245' title='bbox 929 1986 1282 2053; x_wconf 85' lang='lat' dir='ltr'><strong>suspendant;</strong></span> <span class='ocrx_word' id='word_1_246' title='bbox 1326 2001 1486 2055; x_wconf 89' lang='lat' dir='ltr'><strong>super</strong></span> <span class='ocrx_word' id='word_1_247' title='bbox 1522 2001 1614 2041; x_wconf 86' lang='lat' dir='ltr'><strong>eos</strong></span> <span class='ocrx_word' id='word_1_248' title='bbox 1643 1997 1842 2049; x_wconf 89' lang='lat' dir='ltr'><strong>autem,</strong></span> <span class='ocrx_word' id='word_1_249' title='bbox 1875 1988 1964 2056; x_wconf 91' lang='lat' dir='ltr'><strong>qui</strong></span> <span class='ocrx_word' id='word_1_250' title='bbox 2008 2004 2315 2058; x_wconf 64' lang='lat' dir='ltr'><strong>permanseo</strong></span> 
     </span>
    </p>
   </div>
   <div class='ocr_carea' id='block_1_36' title="bbox 753 2075 2316 2145">
    <p class='ocr_par' dir='ltr' id='par_1_36' title="bbox 753 2075 2316 2145">
     <span class='ocr_line' id='line_1_36' title="bbox 753 2075 2316 2145; baseline 0.003 -19"><span class='ocrx_word' id='word_1_251' title='bbox 753 2075 881 2135; x_wconf 85' lang='lat' dir='ltr'><strong>rint.</strong></span> <span class='ocrx_word' id='word_1_252' title='bbox 933 2075 1148 2129; x_wconf 80' lang='lat' dir='ltr'><strong>idoneos</strong></span> <span class='ocrx_word' id='word_1_253' title='bbox 1188 2093 1217 2128; x_wconf 88' lang='lat' dir='ltr'><strong>a</strong></span> <span class='ocrx_word' id='word_1_254' title='bbox 1263 2075 1428 2129; x_wconf 89' lang='lat' dir='ltr'><strong>latere</strong></span> <span class='ocrx_word' id='word_1_255' title='bbox 1470 2091 1567 2130; x_wconf 89' lang='lat' dir='ltr'><strong>suo</strong></span> <span class='ocrx_word' id='word_1_256' title='bbox 1612 2076 1771 2139; x_wconf 87' lang='lat' dir='ltr'><strong>viros,</strong></span> <span class='ocrx_word' id='word_1_257' title='bbox 1817 2078 1907 2145; x_wconf 91' lang='lat' dir='ltr'><strong>qui</strong></span> <span class='ocrx_word' id='word_1_258' title='bbox 1951 2091 2045 2130; x_wconf 90' lang='lat' dir='ltr'><strong>eos</strong></span> <span class='ocrx_word' id='word_1_259' title='bbox 2090 2077 2316 2132; x_wconf 82' lang='lat' dir='ltr'><strong>debeant</strong></span> 
     </span>
    </p>
   </div>
   <div class='ocr_carea' id='block_1_37' title="bbox 756 2164 2313 2232">
    <p class='ocr_par' dir='ltr' id='par_1_37' title="bbox 756 2164 2313 2232">
     <span class='ocr_line' id='line_1_37' title="bbox 756 2164 2313 2232; baseline 0.003 -17"><span class='ocrx_word' id='word_1_260' title='bbox 756 2164 1063 2232; x_wconf 86' lang='lat' dir='ltr'><strong>frequenter</strong></span> <span class='ocrx_word' id='word_1_261' title='bbox 1105 2164 1370 2228; x_wconf 85' lang='lat' dir='ltr'><strong>invisere,</strong></span> <span class='ocrx_word' id='word_1_262' title='bbox 1419 2174 1474 2218; x_wconf 87' lang='lat' dir='ltr'><strong>et</strong></span> <span class='ocrx_word' id='word_1_263' title='bbox 1512 2166 1781 2219; x_wconf 88' lang='lat' dir='ltr'><strong>custodire</strong></span> <span class='ocrx_word' id='word_1_264' title='bbox 1823 2166 2173 2219; x_wconf 89' lang='lat' dir='ltr'><strong>constituant.</strong></span> <span class='ocrx_word' id='word_1_265' title='bbox 2219 2168 2313 2220; x_wconf 84' lang='lat' dir='ltr'><strong>Cui</strong></span> 
     </span>
    </p>
   </div>
   <div class='ocr_carea' id='block_1_38' title="bbox 753 2254 2313 2323">
    <p class='ocr_par' dir='ltr' id='par_1_38' title="bbox 753 2254 2313 2323">
     <span class='ocr_line' id='line_1_38' title="bbox 753 2254 2313 2323; baseline 0.001 -15"><span class='ocrx_word' id='word_1_266' title='bbox 753 2255 926 2308; x_wconf 83' lang='lat' dir='ltr'><strong>simile</strong></span> <span class='ocrx_word' id='word_1_267' title='bbox 959 2270 1050 2309; x_wconf 82' lang='lat' dir='ltr'><strong>rex</strong></span> <span class='ocrx_word' id='word_1_268' title='bbox 1099 2255 1257 2308; x_wconf 90' lang='lat' dir='ltr'><strong>etiam</strong></span> <span class='ocrx_word' id='word_1_269' title='bbox 1286 2255 1625 2323; x_wconf 81' lang='lat' dir='ltr'><strong>Assyriorum</strong></span> <span class='ocrx_word' id='word_1_270' title='bbox 1657 2254 1799 2318; x_wconf 84' lang='lat' dir='ltr'><strong>fecit,</strong></span> <span class='ocrx_word' id='word_1_271' title='bbox 1828 2270 1949 2308; x_wconf 90' lang='lat' dir='ltr'><strong>cum</strong></span> <span class='ocrx_word' id='word_1_272' title='bbox 1979 2256 2313 2309; x_wconf 88' lang='lat' dir='ltr'><strong>sacerdotem</strong></span> 
     </span>
    </p>
   </div>
   <div class='ocr_carea' id='block_1_39' title="bbox 755 2344 2315 2399">
    <p class='ocr_par' dir='ltr' id='par_1_39' title="bbox 755 2344 2315 2399">
     <span class='ocr_line' id='line_1_39' title="bbox 755 2344 2315 2399; baseline 0.002 -3"><span class='ocrx_word' id='word_1_273' title='bbox 755 2346 823 2397; x_wconf 88' lang='lat' dir='ltr'><strong>ad</strong></span> <span class='ocrx_word' id='word_1_274' title='bbox 855 2346 1189 2399; x_wconf 87' lang='lat' dir='ltr'><strong>instruendos</strong></span> <span class='ocrx_word' id='word_1_275' title='bbox 1216 2354 1439 2399; x_wconf 75' lang='lat' dir='ltr'><strong>caeteros</strong></span> <span class='ocrx_word' id='word_1_276' title='bbox 1468 2344 1763 2398; x_wconf 87' lang='lat' dir='ltr'><strong>Samariam</strong></span> <span class='ocrx_word' id='word_1_277' title='bbox 1803 2344 2122 2398; x_wconf 86' lang='lat' dir='ltr'><strong>destinavit:</strong></span> <span class='ocrx_word' id='word_1_278' title='bbox 2160 2365 2177 2396; x_wconf 76' lang='grc' dir='ltr'>ι</span> <span class='ocrx_word' id='word_1_279' title='bbox 2212 2346 2315 2399; x_wconf 81' lang='lat' dir='ltr'><strong>Du-</strong></span> 
     </span>
    </p>
   </div>
   <div class='ocr_carea' id='block_1_40' title="bbox 754 2433 2316 2502">
    <p class='ocr_par' dir='ltr' id='par_1_40' title="bbox 754 2433 2316 2502">
     <span class='ocr_line' id='line_1_40' title="bbox 754 2433 2316 2502; baseline 0.002 -17"><span class='ocrx_word' id='word_1_280' title='bbox 754 2433 875 2491; x_wconf 61' lang='lat' dir='ltr'><strong>cit&quot;,</strong></span> <span class='ocrx_word' id='word_1_281' title='bbox 910 2452 926 2482; x_wconf 86' lang='grc'><strong>›</strong></span> <span class='ocrx_word' id='word_1_282' title='bbox 958 2434 1147 2501; x_wconf 89' lang='lat' dir='ltr'><strong>inquit,</strong></span> <span class='ocrx_word' id='word_1_283' title='bbox 1168 2451 1183 2481; x_wconf 86' lang='grc'><strong><em>‹</em></strong></span> <span class='ocrx_word' id='word_1_284' title='bbox 1218 2433 1323 2486; x_wconf 91' lang='lat' dir='ltr'><strong>illic</strong></span> <span class='ocrx_word' id='word_1_285' title='bbox 1348 2449 1506 2492; x_wconf 88' lang='lat' dir='ltr'><strong>unum</strong></span> <span class='ocrx_word' id='word_1_286' title='bbox 1530 2434 1593 2486; x_wconf 90' lang='lat' dir='ltr'><strong>de</strong></span> <span class='ocrx_word' id='word_1_287' title='bbox 1619 2434 2005 2497; x_wconf 84' lang='lat' dir='ltr'><strong>sacerdotibus,</strong></span> <span class='ocrx_word' id='word_1_288' title='bbox 2036 2449 2171 2502; x_wconf 85' lang='lat' dir='ltr'><strong>quos</strong></span> <span class='ocrx_word' id='word_1_289' title='bbox 2196 2435 2316 2489; x_wconf 86' lang='lat' dir='ltr'><strong>inde</strong></span> 
     </span>
    </p>
   </div>
   <div class='ocr_carea' id='block_1_41' title="bbox 756 2523 2318 2589">
    <p class='ocr_par' dir='ltr' id='par_1_41' title="bbox 756 2523 2318 2589">
     <span class='ocr_line' id='line_1_41' title="bbox 756 2523 2318 2589; baseline 0.001 -13"><span class='ocrx_word' id='word_1_290' title='bbox 756 2524 994 2589; x_wconf 69' lang='lat' dir='ltr'><strong>captivos</strong></span> <span class='ocrx_word' id='word_1_291' title='bbox 1034 2523 1344 2587; x_wconf 76' lang='lat' dir='ltr'><strong>adduxistis,</strong></span> <span class='ocrx_word' id='word_1_292' title='bbox 1389 2532 1447 2576; x_wconf 89' lang='lat' dir='ltr'><strong>ttt</strong></span> <span class='ocrx_word' id='word_1_293' title='bbox 1493 2524 1698 2577; x_wconf 90' lang='lat' dir='ltr'><strong>habitet</strong></span> <span class='ocrx_word' id='word_1_294' title='bbox 1744 2539 1864 2578; x_wconf 90' lang='lat' dir='ltr'><strong>cum</strong></span> <span class='ocrx_word' id='word_1_295' title='bbox 1907 2524 2005 2587; x_wconf 90' lang='lat' dir='ltr'><strong>eis,</strong></span> <span class='ocrx_word' id='word_1_296' title='bbox 2040 2534 2093 2576; x_wconf 90' lang='lat' dir='ltr'><strong>et</strong></span> <span class='ocrx_word' id='word_1_297' title='bbox 2130 2524 2318 2578; x_wconf 89' lang='lat' dir='ltr'><strong>doceat</strong></span> 
     </span>
    </p>
   </div>
   <div class='ocr_carea' id='block_1_42' title="bbox 753 2611 2319 2683">
    <p class='ocr_par' dir='ltr' id='par_1_42' title="bbox 753 2611 2319 2683">
     <span class='ocr_line' id='line_1_42' title="bbox 753 2611 2319 2683; baseline 0.001 -18"><span class='ocrx_word' id='word_1_298' title='bbox 753 2628 848 2667; x_wconf 88' lang='lat' dir='ltr'><strong>eos</strong></span> <span class='ocrx_word' id='word_1_299' title='bbox 898 2613 1131 2681; x_wconf 77' lang='lat' dir='ltr'><strong>legitima</strong></span> <span class='ocrx_word' id='word_1_300' title='bbox 1178 2613 1269 2665; x_wconf 56' lang='lat' dir='ltr'><strong>Dei</strong></span> <span class='ocrx_word' id='word_1_301' title='bbox 1322 2622 1475 2665; x_wconf 67' lang='lat' dir='ltr'><strong>terra:</strong></span> <span class='ocrx_word' id='word_1_302' title='bbox 1502 2611 1605 2681; x_wconf 87' lang='lat' dir='ltr'><strong>(IV</strong></span> <span class='ocrx_word' id='word_1_303' title='bbox 1632 2611 1754 2680; x_wconf 76' lang='lat' dir='ltr'><strong>Reg.</strong></span> <span class='ocrx_word' id='word_1_304' title='bbox 1787 2612 1938 2683; x_wconf 81' lang='lat' dir='ltr'><strong>xvtt).</strong></span> <span class='ocrx_word' id='word_1_305' title='bbox 1980 2632 1996 2663; x_wconf 72' lang='grc' dir='ltr'><strong><em>ι</em></strong></span> <span class='ocrx_word' id='word_1_306' title='bbox 2032 2612 2132 2680; x_wconf 86' lang='lat' dir='ltr'><strong>Qui</strong></span> <span class='ocrx_word' id='word_1_307' title='bbox 2163 2612 2319 2666; x_wconf 85' lang='lat' dir='ltr'><strong>nimi—</strong></span> 
     </span>
    </p>
   </div>
   <div class='ocr_carea' id='block_1_43' title="bbox 756 2700 2318 2768">
    <p class='ocr_par' dir='ltr' id='par_1_43' title="bbox 756 2700 2318 2768">
     <span class='ocr_line' id='line_1_43' title="bbox 756 2700 2318 2768; baseline 0.001 -16"><span class='ocrx_word' id='word_1_308' title='bbox 756 2717 871 2753; x_wconf 85' lang='lat' dir='ltr'><strong>rum</strong></span> <span class='ocrx_word' id='word_1_309' title='bbox 903 2703 1175 2764; x_wconf 63' lang='lat' dir='ltr'><strong>sacerdos,</strong></span> <span class='ocrx_word' id='word_1_310' title='bbox 1204 2701 1341 2753; x_wconf 88' lang='lat' dir='ltr'><strong>sicut</strong></span> <span class='ocrx_word' id='word_1_311' title='bbox 1370 2700 1643 2768; x_wconf 88' lang='lat' dir='ltr'><strong>Scriptura</strong></span> <span class='ocrx_word' id='word_1_312' title='bbox 1668 2702 2027 2767; x_wconf 88' lang='lat' dir='ltr'><strong>prosequitur,</strong></span> <span class='ocrx_word' id='word_1_313' title='bbox 2058 2702 2318 2754; x_wconf 88' lang='lat' dir='ltr'><strong>habitavit</strong></span> 
     </span>
    </p>
   </div>
   <div class='ocr_carea' id='block_1_44' title="bbox 753 2788 2314 2856">
    <p class='ocr_par' dir='ltr' id='par_1_44' title="bbox 753 2788 2314 2856">
     <span class='ocr_line' id='line_1_44' title="bbox 753 2788 2314 2856; baseline 0 -15"><span class='ocrx_word' id='word_1_314' title='bbox 753 2790 805 2842; x_wconf 89' lang='lat' dir='ltr'><strong>in</strong></span> <span class='ocrx_word' id='word_1_315' title='bbox 836 2790 1034 2853; x_wconf 83' lang='lat' dir='ltr'><strong>Bethel,</strong></span> <span class='ocrx_word' id='word_1_316' title='bbox 1077 2799 1132 2843; x_wconf 87' lang='lat' dir='ltr'><strong>ct</strong></span> <span class='ocrx_word' id='word_1_317' title='bbox 1171 2789 1395 2842; x_wconf 86' lang='lat' dir='ltr'><strong>docebat</strong></span> <span class='ocrx_word' id='word_1_318' title='bbox 1438 2790 1701 2856; x_wconf 89' lang='lat' dir='ltr'><strong>quomodo</strong></span> <span class='ocrx_word' id='word_1_319' title='bbox 1743 2789 1978 2842; x_wconf 85' lang='lat' dir='ltr'><strong>colerent</strong></span> <span class='ocrx_word' id='word_1_320' title='bbox 2011 2788 2314 2843; x_wconf 90' lang='lat' dir='ltr'><strong>Dominum.</strong></span> 
     </span>
    </p>
   </div>
   <div class='ocr_carea' id='block_1_45' title="bbox 752 2876 2320 2947">
    <p class='ocr_par' dir='ltr' id='par_1_45' title="bbox 752 2876 2320 2947">
     <span class='ocr_line' id='line_1_45' title="bbox 752 2876 2320 2947; baseline -0.001 -17"><span class='ocrx_word' id='word_1_321' title='bbox 752 2878 811 2930; x_wconf 82' lang='lat' dir='ltr'><strong>In</strong></span> <span class='ocrx_word' id='word_1_322' title='bbox 848 2878 1030 2931; x_wconf 90' lang='lat' dir='ltr'><strong>Bethel</strong></span> <span class='ocrx_word' id='word_1_323' title='bbox 1077 2893 1224 2947; x_wconf 82' lang='lat' dir='ltr'><strong>ergo,</strong></span> <span class='ocrx_word' id='word_1_324' title='bbox 1272 2879 1368 2931; x_wconf 80' lang='lat' dir='ltr'><strong>hoc</strong></span> <span class='ocrx_word' id='word_1_325' title='bbox 1398 2886 1498 2940; x_wconf 89' lang='lat' dir='ltr'><strong>est,</strong></span> <span class='ocrx_word' id='word_1_326' title='bbox 1544 2878 1595 2930; x_wconf 89' lang='lat' dir='ltr'><strong>in</strong></span> <span class='ocrx_word' id='word_1_327' title='bbox 1625 2876 1782 2929; x_wconf 89' lang='lat' dir='ltr'><strong>domo</strong></span> <span class='ocrx_word' id='word_1_328' title='bbox 1827 2877 1941 2939; x_wconf 86' lang='lat' dir='ltr'><strong>Dei,</strong></span> <span class='ocrx_word' id='word_1_329' title='bbox 1974 2876 2193 2944; x_wconf 84' lang='lat' dir='ltr'><strong>dignum</strong></span> <span class='ocrx_word' id='word_1_330' title='bbox 2238 2886 2320 2929; x_wconf 88' lang='lat' dir='ltr'><strong>est</strong></span> 
     </span>
    </p>
   </div>
   <div class='ocr_carea' id='block_1_46' title="bbox 754 2964 2320 3036">
    <p class='ocr_par' dir='ltr' id='par_1_46' title="bbox 754 2964 2320 3036">
     <span class='ocr_line' id='line_1_46' title="bbox 754 2964 2320 3036; baseline -0.003 -17"><span class='ocrx_word' id='word_1_331' title='bbox 754 2968 1016 3036; x_wconf 85' lang='lat' dir='ltr'><strong>potiorem</strong></span> <span class='ocrx_word' id='word_1_332' title='bbox 1048 2967 1351 3033; x_wconf 51' lang='lat' dir='ltr'><strong>quempiam</strong></span> <span class='ocrx_word' id='word_1_333' title='bbox 1380 2967 1686 3035; x_wconf 56' lang='lat' dir='ltr'><strong>praesidere,</strong></span> <span class='ocrx_word' id='word_1_334' title='bbox 1734 2967 1821 3035; x_wconf 83' lang='lat' dir='ltr'><strong>qui</strong></span> <span class='ocrx_word' id='word_1_335' title='bbox 1857 2965 2203 3019; x_wconf 87' lang='lat' dir='ltr'><strong>sacerdotalis</strong></span> <span class='ocrx_word' id='word_1_336' title='bbox 2242 2964 2320 3017; x_wconf 85' lang='lat' dir='ltr'><strong>of-</strong></span> 
     </span>
    </p>
   </div>
   <div class='ocr_carea' id='block_1_47' title="bbox 754 3048 2316 3125">
    <p class='ocr_par' dir='ltr' id='par_1_47' title="bbox 754 3048 2316 3125">
     <span class='ocr_line' id='line_1_47' title="bbox 754 3048 2316 3125; baseline -0.002 -16"><span class='ocrx_word' id='word_1_337' title='bbox 754 3056 863 3109; x_wconf 81' lang='lat' dir='ltr'><strong>ficii</strong></span> <span class='ocrx_word' id='word_1_338' title='bbox 899 3056 1091 3125; x_wconf 80' lang='lat' dir='ltr'><strong>regulis</strong></span> <span class='ocrx_word' id='word_1_339' title='bbox 1137 3066 1360 3109; x_wconf 73' lang='lat' dir='ltr'><strong>cmtcros</strong></span> <span class='ocrx_word' id='word_1_340' title='bbox 1396 3056 1563 3123; x_wconf 89' lang='lat' dir='ltr'><strong>possit</strong></span> <span class='ocrx_word' id='word_1_341' title='bbox 1608 3056 1864 3109; x_wconf 87' lang='lat' dir='ltr'><strong>imbuere.</strong></span> <span class='ocrx_word' id='word_1_342' title='bbox 1901 3048 2027 3107; x_wconf 68' lang='lat' dir='ltr'><strong>Nam</strong></span> <span class='ocrx_word' id='word_1_343' title='bbox 2060 3055 2212 3108; x_wconf 84' lang='lat' dir='ltr'><strong>valde</strong></span> <span class='ocrx_word' id='word_1_344' title='bbox 2256 3055 2316 3107; x_wconf 83' lang='lat' dir='ltr'><strong>ti-</strong></span> 
     </span>
    </p>
   </div>
   <div class='ocr_carea' id='block_1_48' title="bbox 2426 1899 3998 1965">
    <p class='ocr_par' dir='ltr' id='par_1_48' title="bbox 2426 1899 3998 1965">
     <span class='ocr_line' id='line_1_48' title="bbox 2426 1899 3998 1965; baseline 0.004 -15"><span class='ocrx_word' id='word_1_345' title='bbox 2426 1920 2443 1950; x_wconf 82' lang='lat'><strong>(</strong></span> <span class='ocrx_word' id='word_1_346' title='bbox 2482 1900 2748 1963; x_wconf 89' lang='lat' dir='ltr'><strong>Discurre,</strong></span> <span class='ocrx_word' id='word_1_347' title='bbox 2790 1899 3005 1963; x_wconf 84' lang='lat' dir='ltr'><strong>festina,</strong></span> <span class='ocrx_word' id='word_1_348' title='bbox 3054 1900 3253 1952; x_wconf 90' lang='lat' dir='ltr'><strong>suscita</strong></span> <span class='ocrx_word' id='word_1_349' title='bbox 3296 1902 3527 1953; x_wconf 90' lang='lat' dir='ltr'><strong>amicum</strong></span> <span class='ocrx_word' id='word_1_350' title='bbox 3569 1909 3745 1965; x_wconf 90' lang='lat' dir='ltr'><strong>tuum,</strong></span> <span class='ocrx_word' id='word_1_351' title='bbox 3794 1917 3867 1956; x_wconf 86' lang='lat' dir='ltr'><strong>ne</strong></span> <span class='ocrx_word' id='word_1_352' title='bbox 3911 1902 3998 1956; x_wconf 60' lang='lat' dir='ltr'><strong>deo</strong></span> 
     </span>
    </p>
   </div>
   <div class='ocr_carea' id='block_1_49' title="bbox 2422 1988 4002 2059">
    <p class='ocr_par' dir='ltr' id='par_1_49' title="bbox 2422 1988 4002 2059">
     <span class='ocr_line' id='line_1_49' title="bbox 2422 1988 4002 2059; baseline 0.001 -16"><span class='ocrx_word' id='word_1_353' title='bbox 2422 1992 2565 2046; x_wconf 88' lang='lat' dir='ltr'><strong>deris</strong></span> <span class='ocrx_word' id='word_1_354' title='bbox 2608 2005 2853 2044; x_wconf 90' lang='lat' dir='ltr'><strong>somnum</strong></span> <span class='ocrx_word' id='word_1_355' title='bbox 2890 1988 3060 2043; x_wconf 87' lang='lat' dir='ltr'><strong>oculis</strong></span> <span class='ocrx_word' id='word_1_356' title='bbox 3097 1988 3238 2052; x_wconf 50' lang='lat' dir='ltr'><strong>tuis,</strong></span> <span class='ocrx_word' id='word_1_357' title='bbox 3271 2003 3340 2041; x_wconf 88' lang='lat' dir='ltr'><strong>ne</strong></span> <span class='ocrx_word' id='word_1_358' title='bbox 3385 1988 3679 2043; x_wconf 88' lang='lat' dir='ltr'><strong>dormitent</strong></span> <span class='ocrx_word' id='word_1_359' title='bbox 3726 1989 4002 2059; x_wconf 71' lang='lat' dir='ltr'><strong>palpebrae</strong></span> 
     </span>
    </p>
   </div>
   <div class='ocr_carea' id='block_1_50' title="bbox 2425 2078 4001 2149">
    <p class='ocr_par' dir='ltr' id='par_1_50' title="bbox 2425 2078 4001 2149">
     <span class='ocr_line' id='line_1_50' title="bbox 2425 2078 4001 2149; baseline -0.001 -16"><span class='ocrx_word' id='word_1_360' title='bbox 2425 2091 2525 2133; x_wconf 80' lang='lat' dir='ltr'><strong>true</strong></span> <span class='ocrx_word' id='word_1_361' title='bbox 2558 2079 2736 2147; x_wconf 77' lang='lat' dir='ltr'><strong>(Prov.</strong></span> <span class='ocrx_word' id='word_1_362' title='bbox 2781 2080 2877 2142; x_wconf 87' lang='lat' dir='ltr'><strong>vt).</strong></span> <span class='ocrx_word' id='word_1_363' title='bbox 2928 2096 2947 2129; x_wconf 73' lang='grc' dir='ltr'><strong><em>ι</em></strong></span> <span class='ocrx_word' id='word_1_364' title='bbox 2988 2078 3117 2130; x_wconf 86' lang='lat' dir='ltr'><strong>lllud</strong></span> <span class='ocrx_word' id='word_1_365' title='bbox 3159 2092 3372 2146; x_wconf 89' lang='lat' dir='ltr'><strong>quoque</strong></span> <span class='ocrx_word' id='word_1_366' title='bbox 3414 2092 3518 2130; x_wconf 91' lang='lat' dir='ltr'><strong>non</strong></span> <span class='ocrx_word' id='word_1_367' title='bbox 3559 2079 3814 2143; x_wconf 80' lang='lat' dir='ltr'><strong>excidat,</strong></span> <span class='ocrx_word' id='word_1_368' title='bbox 3855 2080 4001 2149; x_wconf 89' lang='lat' dir='ltr'><strong>quod</strong></span> 
     </span>
    </p>
   </div>
   <div class='ocr_carea' id='block_1_51' title="bbox 2418 2167 3995 2237">
    <p class='ocr_par' dir='ltr' id='par_1_51' title="bbox 2418 2167 3995 2237">
     <span class='ocr_line' id='line_1_51' title="bbox 2418 2167 3995 2237; baseline 0 -15"><span class='ocrx_word' id='word_1_369' title='bbox 2418 2169 2752 2237; x_wconf 81' lang='lat' dir='ltr'><strong>postmodum</strong></span> <span class='ocrx_word' id='word_1_370' title='bbox 2800 2168 2961 2221; x_wconf 81' lang='lat' dir='ltr'><strong>dicit:</strong></span> <span class='ocrx_word' id='word_1_371' title='bbox 3015 2187 3033 2217; x_wconf 69' lang='grc' dir='ltr'><strong>ε</strong></span> <span class='ocrx_word' id='word_1_372' title='bbox 3090 2167 3229 2219; x_wconf 86' lang='lat' dir='ltr'><strong>Erue</strong></span> <span class='ocrx_word' id='word_1_373' title='bbox 3278 2182 3400 2230; x_wconf 87' lang='lat' dir='ltr'><strong>eos,</strong></span> <span class='ocrx_word' id='word_1_374' title='bbox 3444 2168 3535 2235; x_wconf 91' lang='lat' dir='ltr'><strong>qui</strong></span> <span class='ocrx_word' id='word_1_375' title='bbox 3586 2167 3866 2222; x_wconf 88' lang='lat' dir='ltr'><strong>ducuntur</strong></span> <span class='ocrx_word' id='word_1_376' title='bbox 3922 2171 3995 2223; x_wconf 87' lang='lat' dir='ltr'><strong>ad</strong></span> 
     </span>
    </p>
   </div>
   <div class='ocr_carea' id='block_1_52' title="bbox 2419 2254 3997 2327">
    <p class='ocr_par' dir='ltr' id='par_1_52' title="bbox 2419 2254 3997 2327">
     <span class='ocr_line' id='line_1_52' title="bbox 2419 2254 3997 2327; baseline 0 -16"><span class='ocrx_word' id='word_1_377' title='bbox 2419 2269 2670 2319; x_wconf 79' lang='lat' dir='ltr'><strong>mortem,</strong></span> <span class='ocrx_word' id='word_1_378' title='bbox 2703 2266 2754 2309; x_wconf 88' lang='lat' dir='ltr'><strong>ct</strong></span> <span class='ocrx_word' id='word_1_379' title='bbox 2783 2258 2871 2327; x_wconf 84' lang='lat' dir='ltr'><strong>qui</strong></span> <span class='ocrx_word' id='word_1_380' title='bbox 2905 2256 3187 2309; x_wconf 88' lang='lat' dir='ltr'><strong>trahuntur</strong></span> <span class='ocrx_word' id='word_1_381' title='bbox 3215 2256 3281 2307; x_wconf 90' lang='lat' dir='ltr'><strong>ad</strong></span> <span class='ocrx_word' id='word_1_382' title='bbox 3313 2255 3585 2308; x_wconf 80' lang='lat' dir='ltr'><strong>interitum</strong></span> <span class='ocrx_word' id='word_1_383' title='bbox 3614 2254 3854 2309; x_wconf 84' lang='lat' dir='ltr'><strong>liberare</strong></span> <span class='ocrx_word' id='word_1_384' title='bbox 3887 2273 3997 2311; x_wconf 83' lang='lat' dir='ltr'><strong>non</strong></span> 
     </span>
    </p>
   </div>
   <div class='ocr_carea' id='block_1_53' title="bbox 2420 2344 4003 2418">
    <p class='ocr_par' dir='ltr' id='par_1_53' title="bbox 2420 2344 4003 2418">
     <span class='ocr_line' id='line_1_53' title="bbox 2420 2344 4003 2418; baseline 0.001 -16"><span class='ocrx_word' id='word_1_385' title='bbox 2420 2364 2596 2403; x_wconf 84' lang='lat' dir='ltr'><strong>cesses</strong></span> <span class='ocrx_word' id='word_1_386' title='bbox 2645 2346 2823 2418; x_wconf 80' lang='lat' dir='ltr'><strong>(Prov.</strong></span> <span class='ocrx_word' id='word_1_387' title='bbox 2875 2348 3039 2413; x_wconf 75' lang='lat' dir='ltr'><strong>xxrv).</strong></span> <span class='ocrx_word' id='word_1_388' title='bbox 3098 2366 3115 2397; x_wconf 79' lang='grc' dir='ltr'><strong><em>ι</em></strong></span> <span class='ocrx_word' id='word_1_389' title='bbox 3177 2344 3276 2400; x_wconf 85' lang='lat' dir='ltr'><strong>Ubi</strong></span> <span class='ocrx_word' id='word_1_390' title='bbox 3333 2346 3539 2399; x_wconf 86' lang='lat' dir='ltr'><strong>scilicet</strong></span> <span class='ocrx_word' id='word_1_391' title='bbox 3590 2354 3644 2399; x_wconf 91' lang='lat' dir='ltr'><strong>et</strong></span> <span class='ocrx_word' id='word_1_392' title='bbox 3713 2349 4003 2403; x_wconf 58' lang='lat' dir='ltr'><strong>excusatio</strong></span> 
     </span>
    </p>
   </div>
   <div class='ocr_carea' id='block_1_54' title="bbox 2420 2431 4001 2502">
    <p class='ocr_par' dir='ltr' id='par_1_54' title="bbox 2420 2431 4001 2502">
     <span class='ocr_line' id='line_1_54' title="bbox 2420 2431 4001 2502; baseline -0.001 -12"><span class='ocrx_word' id='word_1_393' title='bbox 2420 2436 2638 2499; x_wconf 90' lang='lat' dir='ltr'><strong>tollitur,</strong></span> <span class='ocrx_word' id='word_1_394' title='bbox 2687 2450 2806 2489; x_wconf 90' lang='lat' dir='ltr'><strong>cum</strong></span> <span class='ocrx_word' id='word_1_395' title='bbox 2859 2435 3167 2502; x_wconf 80' lang='lat' dir='ltr'><strong>subjungit:</strong></span> <span class='ocrx_word' id='word_1_396' title='bbox 3221 2451 3237 2482; x_wconf 71' lang='grc' dir='ltr'>ι</span> <span class='ocrx_word' id='word_1_397' title='bbox 3300 2433 3355 2485; x_wconf 84' lang='lat' dir='ltr'><strong>Si</strong></span> <span class='ocrx_word' id='word_1_398' title='bbox 3396 2434 3636 2485; x_wconf 67' lang='lat' dir='ltr'><strong>(lixm‘is:</strong></span> <span class='ocrx_word' id='word_1_399' title='bbox 3688 2431 3847 2487; x_wconf 71' lang='lat' dir='ltr'><strong>Vires</strong></span> <span class='ocrx_word' id='word_1_400' title='bbox 3893 2451 4001 2489; x_wconf 89' lang='lat' dir='ltr'><strong>non</strong></span> 
     </span>
    </p>
   </div>
   <div class='ocr_carea' id='block_1_55' title="bbox 2418 2525 3998 2594">
    <p class='ocr_par' dir='ltr' id='par_1_55' title="bbox 2418 2525 3998 2594">
     <span class='ocr_line' id='line_1_55' title="bbox 2418 2525 3998 2594; baseline -0.001 -13"><span class='ocrx_word' id='word_1_401' title='bbox 2418 2534 2729 2593; x_wconf 86' lang='lat' dir='ltr'><strong>suppetunt,</strong></span> <span class='ocrx_word' id='word_1_402' title='bbox 2767 2526 2853 2594; x_wconf 87' lang='lat' dir='ltr'><strong>qui</strong></span> <span class='ocrx_word' id='word_1_403' title='bbox 2894 2527 3158 2593; x_wconf 82' lang='lat' dir='ltr'><strong>inspector</strong></span> <span class='ocrx_word' id='word_1_404' title='bbox 3184 2534 3267 2577; x_wconf 88' lang='lat' dir='ltr'><strong>est</strong></span> <span class='ocrx_word' id='word_1_405' title='bbox 3313 2526 3520 2593; x_wconf 77' lang='lat' dir='ltr'><strong>cordis,</strong></span> <span class='ocrx_word' id='word_1_406' title='bbox 3574 2526 3687 2593; x_wconf 89' lang='lat' dir='ltr'><strong>ipse</strong></span> <span class='ocrx_word' id='word_1_407' title='bbox 3738 2525 3998 2593; x_wconf 83' lang='lat' dir='ltr'><strong>intelligit</strong></span> 
     </span>
    </p>
   </div>
   <div class='ocr_carea' id='block_1_56' title="bbox 2420 2611 3996 2681">
    <p class='ocr_par' dir='ltr' id='par_1_56' title="bbox 2420 2611 3996 2681">
     <span class='ocr_line' id='line_1_56' title="bbox 2420 2611 3996 2681; baseline 0.001 -16"><span class='ocrx_word' id='word_1_408' title='bbox 2420 2615 2601 2681; x_wconf 78' lang='lat' dir='ltr'><strong>(Ibid).</strong></span> <span class='ocrx_word' id='word_1_409' title='bbox 2634 2632 2651 2664; x_wconf 77' lang='grc' dir='ltr'><strong><em>ι</em></strong></span> <span class='ocrx_word' id='word_1_410' title='bbox 2687 2613 2775 2666; x_wconf 88' lang='lat' dir='ltr'><strong>Sic</strong></span> <span class='ocrx_word' id='word_1_411' title='bbox 2799 2628 2924 2681; x_wconf 87' lang='lat' dir='ltr'><strong>ergo</strong></span> <span class='ocrx_word' id='word_1_412' title='bbox 2951 2626 3109 2680; x_wconf 88' lang='lat' dir='ltr'><strong>super</strong></span> <span class='ocrx_word' id='word_1_413' title='bbox 3135 2611 3479 2665; x_wconf 87' lang='lat' dir='ltr'><strong>commissum</strong></span> <span class='ocrx_word' id='word_1_414' title='bbox 3512 2625 3727 2679; x_wconf 78' lang='lat' dir='ltr'><strong>gregem</strong></span> <span class='ocrx_word' id='word_1_415' title='bbox 3762 2612 3996 2681; x_wconf 77' lang='lat' dir='ltr'><strong>insignis</strong></span> 
     </span>
    </p>
   </div>
   <div class='ocr_carea' id='block_1_57' title="bbox 2417 2702 3990 2772">
    <p class='ocr_par' dir='ltr' id='par_1_57' title="bbox 2417 2702 3990 2772">
     <span class='ocr_line' id='line_1_57' title="bbox 2417 2702 3990 2772; baseline 0.001 -16"><span class='ocrx_word' id='word_1_416' title='bbox 2417 2714 2599 2772; x_wconf 71' lang='lat' dir='ltr'><strong>pastor</strong></span> <span class='ocrx_word' id='word_1_417' title='bbox 2636 2703 2881 2772; x_wconf 81' lang='lat' dir='ltr'><strong>invigila,</strong></span> <span class='ocrx_word' id='word_1_418' title='bbox 2919 2713 2973 2755; x_wconf 92' lang='lat' dir='ltr'><strong>ut</strong></span> <span class='ocrx_word' id='word_1_419' title='bbox 3011 2712 3064 2755; x_wconf 90' lang='lat' dir='ltr'><strong>et</strong></span> <span class='ocrx_word' id='word_1_420' title='bbox 3111 2703 3331 2771; x_wconf 79' lang='lat' dir='ltr'><strong>ignavos</strong></span> <span class='ocrx_word' id='word_1_421' title='bbox 3375 2703 3634 2769; x_wconf 85' lang='lat' dir='ltr'><strong>opiliones</strong></span> <span class='ocrx_word' id='word_1_422' title='bbox 3676 2702 3743 2756; x_wconf 89' lang='lat' dir='ltr'><strong>ab</strong></span> <span class='ocrx_word' id='word_1_423' title='bbox 3797 2718 3990 2757; x_wconf 84' lang='lat' dir='ltr'><strong>ecrum</strong></span> 
     </span>
    </p>
   </div>
   <div class='ocr_carea' id='block_1_58' title="bbox 2419 2793 3990 2861">
    <p class='ocr_par' dir='ltr' id='par_1_58' title="bbox 2419 2793 3990 2861">
     <span class='ocr_line' id='line_1_58' title="bbox 2419 2793 3990 2861; baseline -0.001 -14"><span class='ocrx_word' id='word_1_424' title='bbox 2419 2809 2543 2847; x_wconf 84' lang='lat' dir='ltr'><strong>cura</strong></span> <span class='ocrx_word' id='word_1_425' title='bbox 2594 2808 2897 2854; x_wconf 87' lang='lat' dir='ltr'><strong>removeas,</strong></span> <span class='ocrx_word' id='word_1_426' title='bbox 2948 2804 3000 2845; x_wconf 90' lang='lat' dir='ltr'><strong>et</strong></span> <span class='ocrx_word' id='word_1_427' title='bbox 3050 2793 3159 2859; x_wconf 81' lang='lat' dir='ltr'><strong>ipse</strong></span> <span class='ocrx_word' id='word_1_428' title='bbox 3203 2808 3321 2845; x_wconf 89' lang='lat' dir='ltr'><strong>cum</strong></span> <span class='ocrx_word' id='word_1_429' title='bbox 3373 2793 3537 2845; x_wconf 73' lang='lat' dir='ltr'><strong>David</strong></span> <span class='ocrx_word' id='word_1_430' title='bbox 3587 2793 3990 2861; x_wconf 73' lang='lat' dir='ltr'><strong>insurgentium</strong></span> 
     </span>
    </p>
   </div>
   <div class='ocr_carea' id='block_1_59' title="bbox 2419 2881 3996 2951">
    <p class='ocr_par' dir='ltr' id='par_1_59' title="bbox 2419 2881 3996 2951">
     <span class='ocr_line' id='line_1_59' title="bbox 2419 2881 3996 2951; baseline 0.001 -18"><span class='ocrx_word' id='word_1_431' title='bbox 2419 2896 2664 2937; x_wconf 85' lang='lat' dir='ltr'><strong>ursorum</strong></span> <span class='ocrx_word' id='word_1_432' title='bbox 2715 2890 2872 2948; x_wconf 89' lang='lat' dir='ltr'><strong>atque</strong></span> <span class='ocrx_word' id='word_1_433' title='bbox 2896 2881 3104 2933; x_wconf 87' lang='lat' dir='ltr'><strong>leonum</strong></span> <span class='ocrx_word' id='word_1_434' title='bbox 3134 2882 3302 2933; x_wconf 88' lang='lat' dir='ltr'><strong>rictus</strong></span> <span class='ocrx_word' id='word_1_435' title='bbox 3325 2882 3648 2950; x_wconf 77' lang='lat' dir='ltr'><strong>infringasU</strong></span> <span class='ocrx_word' id='word_1_436' title='bbox 3672 2881 3801 2951; x_wconf 80' lang='lat' dir='ltr'><strong>Reg.</strong></span> <span class='ocrx_word' id='word_1_437' title='bbox 3828 2882 3996 2951; x_wconf 78' lang='lat' dir='ltr'><strong>xvii):</strong></span> 
     </span>
    </p>
   </div>
   <div class='ocr_carea' id='block_1_60' title="bbox 2421 2968 3996 3037">
    <p class='ocr_par' dir='ltr' id='par_1_60' title="bbox 2421 2968 3996 3037">
     <span class='ocr_line' id='line_1_60' title="bbox 2421 2968 3996 3037; baseline 0.004 -16"><span class='ocrx_word' id='word_1_438' title='bbox 2421 2970 2531 3022; x_wconf 86' lang='lat' dir='ltr'><strong>sive</strong></span> <span class='ocrx_word' id='word_1_439' title='bbox 2557 2972 2716 3022; x_wconf 88' lang='lat' dir='ltr'><strong>etiam</strong></span> <span class='ocrx_word' id='word_1_440' title='bbox 2741 2986 2862 3021; x_wconf 89' lang='lat' dir='ltr'><strong>cum</strong></span> <span class='ocrx_word' id='word_1_441' title='bbox 2886 2968 3153 3022; x_wconf 77' lang='lat' dir='ltr'><strong>Abraham</strong></span> <span class='ocrx_word' id='word_1_442' title='bbox 3182 2978 3461 3037; x_wconf 87' lang='lat' dir='ltr'><strong>postquam</strong></span> <span class='ocrx_word' id='word_1_443' title='bbox 3492 2971 3645 3023; x_wconf 73' lang='lat' dir='ltr'><strong>czcsis</strong></span> <span class='ocrx_word' id='word_1_444' title='bbox 3671 2971 3996 3027; x_wconf 83' lang='lat' dir='ltr'><strong>Amalecitis</strong></span> 
     </span>
    </p>
   </div>
   <div class='ocr_carea' id='block_1_61' title="bbox 2423 3056 3999 3125">
    <p class='ocr_par' dir='ltr' id='par_1_61' title="bbox 2423 3056 3999 3125">
     <span class='ocr_line' id='line_1_61' title="bbox 2423 3056 3999 3125; baseline 0.006 -18"><span class='ocrx_word' id='word_1_445' title='bbox 2423 3056 2642 3110; x_wconf 82' lang='lat' dir='ltr'><strong>fratrem</strong></span> <span class='ocrx_word' id='word_1_446' title='bbox 2692 3064 2838 3108; x_wconf 90' lang='lat' dir='ltr'><strong>tuum</strong></span> <span class='ocrx_word' id='word_1_447' title='bbox 2888 3056 3021 3109; x_wconf 87' lang='lat' dir='ltr'><strong>Loth</strong></span> <span class='ocrx_word' id='word_1_448' title='bbox 3071 3057 3135 3109; x_wconf 90' lang='lat' dir='ltr'><strong>de</strong></span> <span class='ocrx_word' id='word_1_449' title='bbox 3176 3057 3303 3124; x_wconf 87' lang='lat' dir='ltr'><strong>jugo</strong></span> <span class='ocrx_word' id='word_1_450' title='bbox 3355 3058 3683 3125; x_wconf 82' lang='lat' dir='ltr'><strong>captivitatis</strong></span> <span class='ocrx_word' id='word_1_451' title='bbox 3738 3061 3999 3117; x_wconf 77' lang='lat' dir='ltr'><strong>eduxeris</strong></span> 
     </span>
    </p>
   </div>
   <div class='ocr_carea' id='block_1_62' title="bbox 754 3124 3998 3214">
    <p class='ocr_par' dir='ltr' id='par_1_62' title="bbox 754 3124 3998 3214">
     <span class='ocr_line' id='line_1_62' title="bbox 754 3124 3998 3214; baseline 0.001 -15"><span class='ocrx_word' id='word_1_452' title='bbox 754 3146 1005 3199; x_wconf 85' lang='lat' dir='ltr'><strong>mendum</strong></span> <span class='ocrx_word' id='word_1_453' title='bbox 1051 3154 1151 3208; x_wconf 83' lang='lat' dir='ltr'><strong>est,</strong></span> <span class='ocrx_word' id='word_1_454' title='bbox 1183 3145 1322 3213; x_wconf 91' lang='lat' dir='ltr'><strong>quod</strong></span> <span class='ocrx_word' id='word_1_455' title='bbox 1361 3161 1455 3212; x_wconf 90' lang='lat' dir='ltr'><strong>per</strong></span> <span class='ocrx_word' id='word_1_456' title='bbox 1490 3144 1700 3213; x_wconf 83' lang='lat' dir='ltr'><strong>Moysen</strong></span> <span class='ocrx_word' id='word_1_457' title='bbox 1739 3145 1975 3198; x_wconf 88' lang='lat' dir='ltr'><strong>dicitur:</strong></span> <span class='ocrx_word' id='word_1_458' title='bbox 2026 3164 2042 3195; x_wconf 74' lang='grc' dir='ltr'>ι</span> <span class='ocrx_word' id='word_1_459' title='bbox 2098 3144 2313 3206; x_wconf 74' lang='lat' dir='ltr'><strong>Anima,</strong></span> <span class='ocrx_word' id='word_1_460' title='bbox 2345 3124 2387 3183; x_wconf 84' lang='lat' dir='ltr'><strong>C</strong></span> <span class='ocrx_word' id='word_1_461' title='bbox 2421 3144 2571 3213; x_wconf 84' lang='lat' dir='ltr'><strong>(Gen.</strong></span> <span class='ocrx_word' id='word_1_462' title='bbox 2599 3185 2604 3190; x_wconf 94' lang='lat'><strong>.</strong></span> <span class='ocrx_word' id='word_1_463' title='bbox 2631 3145 2773 3212; x_wconf 74' lang='lat' dir='ltr'><strong>xiv),</strong></span> <span class='ocrx_word' id='word_1_464' title='bbox 2828 3145 2892 3197; x_wconf 86' lang='lat' dir='ltr'><strong>ad</strong></span> <span class='ocrx_word' id='word_1_465' title='bbox 2935 3144 3317 3198; x_wconf 84' lang='lat' dir='ltr'><strong>Melchisedech</strong></span> <span class='ocrx_word' id='word_1_466' title='bbox 3368 3159 3548 3214; x_wconf 85' lang='lat' dir='ltr'><strong>regem</strong></span> <span class='ocrx_word' id='word_1_467' title='bbox 3592 3146 3824 3213; x_wconf 69' lang='lat' dir='ltr'><strong>justitiaa</strong></span> <span class='ocrx_word' id='word_1_468' title='bbox 3872 3164 3998 3205; x_wconf 88' lang='lat' dir='ltr'><strong>cum</strong></span> 
     </span>
    </p>
   </div>
   <div class='ocr_carea' id='block_1_63' title="bbox 756 3234 2316 3304">
    <p class='ocr_par' dir='ltr' id='par_1_63' title="bbox 756 3234 2316 3304">
     <span class='ocr_line' id='line_1_63' title="bbox 756 3234 2316 3304; baseline -0.001 -16"><span class='ocrx_word' id='word_1_469' title='bbox 756 3249 874 3303; x_wconf 72' lang='lat' dir='ltr'><strong>qua:</strong></span> <span class='ocrx_word' id='word_1_470' title='bbox 914 3236 1213 3304; x_wconf 86' lang='lat' dir='ltr'><strong>peccaverit</strong></span> <span class='ocrx_word' id='word_1_471' title='bbox 1265 3250 1358 3304; x_wconf 87' lang='lat' dir='ltr'><strong>per</strong></span> <span class='ocrx_word' id='word_1_472' title='bbox 1405 3234 1751 3301; x_wconf 79' lang='lat' dir='ltr'><strong>ignorantiam</strong></span> <span class='ocrx_word' id='word_1_473' title='bbox 1821 3234 1883 3286; x_wconf 90' lang='lat' dir='ltr'><strong>de</strong></span> <span class='ocrx_word' id='word_1_474' title='bbox 1930 3234 2101 3286; x_wconf 80' lang='lat' dir='ltr'><strong>hostia</strong></span> <span class='ocrx_word' id='word_1_475' title='bbox 2151 3242 2205 3285; x_wconf 89' lang='lat' dir='ltr'><strong>et</strong></span> <span class='ocrx_word' id='word_1_476' title='bbox 2252 3236 2316 3286; x_wconf 86' lang='lat' dir='ltr'><strong>de</strong></span> 
     </span>
    </p>
   </div>
   <div class='ocr_carea' id='block_1_64' title="bbox 753 3321 2319 3395">
    <p class='ocr_par' dir='ltr' id='par_1_64' title="bbox 753 3321 2319 3395">
     <span class='ocr_line' id='line_1_64' title="bbox 753 3321 2319 3395; baseline -0.003 -18"><span class='ocrx_word' id='word_1_477' title='bbox 753 3323 1021 3379; x_wconf 66' lang='lat' dir='ltr'><strong>universis</strong></span> <span class='ocrx_word' id='word_1_478' title='bbox 1050 3343 1077 3373; x_wconf 87' lang='lat' dir='ltr'><strong>u</strong></span> <span class='ocrx_word' id='word_1_479' title='bbox 1101 3324 1307 3376; x_wconf 83' lang='lat' dir='ltr'><strong>nudatis</strong></span> <span class='ocrx_word' id='word_1_480' title='bbox 1339 3322 1498 3393; x_wconf 80' lang='lat'><strong>510</strong></span> <span class='ocrx_word' id='word_1_481' title='bbox 1537 3321 1770 3385; x_wconf 89' lang='lat' dir='ltr'><strong>Domini,</strong></span> <span class='ocrx_word' id='word_1_482' title='bbox 1807 3338 1924 3395; x_wconf 77' lang='lat' dir='ltr'><strong>qua:</strong></span> <span class='ocrx_word' id='word_1_483' title='bbox 1953 3321 2223 3391; x_wconf 76' lang='lat' dir='ltr'><strong>praecepit,</strong></span> <span class='ocrx_word' id='word_1_484' title='bbox 2261 3329 2319 3373; x_wconf 88' lang='lat' dir='ltr'><strong>ut</strong></span> 
     </span>
    </p>
   </div>
   <div class='ocr_carea' id='block_1_65' title="bbox 769 3524 1069 3541">
    <p class='ocr_par' dir='ltr' id='par_1_65' title="bbox 769 3524 1069 3541">
     <span class='ocr_line' id='line_1_65' title="bbox 769 3524 1069 3541; baseline 0 -3"><span class='ocrx_word' id='word_1_485' title='bbox 769 3524 1069 3541; x_wconf 60' lang='grc' dir='ltr'><strong>...ι-.-</strong></span> 
     </span>
    </p>
   </div>
   <div class='ocr_carea' id='block_1_66' title="bbox 2419 3233 3257 3303">
    <p class='ocr_par' dir='ltr' id='par_1_66' title="bbox 2419 3233 3257 3303">
     <span class='ocr_line' id='line_1_66' title="bbox 2419 3233 3257 3303; baseline -0.002 -16"><span class='ocrx_word' id='word_1_486' title='bbox 2419 3234 2720 3303; x_wconf 87' lang='lat' dir='ltr'><strong>triumphaJi</strong></span> <span class='ocrx_word' id='word_1_487' title='bbox 2754 3233 2919 3301; x_wconf 80' lang='lat' dir='ltr'><strong>gloria</strong></span> <span class='ocrx_word' id='word_1_488' title='bbox 2950 3235 3257 3287; x_wconf 81' lang='lat' dir='ltr'><strong>revertaris.</strong></span> 
     </span>
    </p>
   </div>
   <div class='ocr_carea' id='block_1_67' title="bbox 2747 3322 3651 3377">
    <p class='ocr_par' dir='ltr' id='par_1_67' title="bbox 2747 3322 3651 3377">
     <span class='ocr_line' id='line_1_67' title="bbox 2747 3322 3651 3377; baseline 0 -2"><span class='ocrx_word' id='word_1_489' title='bbox 2747 3323 2826 3375; x_wconf 84' lang='lat' dir='ltr'><strong>Sit</strong></span> <span class='ocrx_word' id='word_1_490' title='bbox 2860 3339 3041 3375; x_wconf 83' lang='lat' dir='ltr'><strong>nomen</strong></span> <span class='ocrx_word' id='word_1_491' title='bbox 3067 3322 3274 3377; x_wconf 76' lang='lat' dir='ltr'><strong>Domini</strong></span> <span class='ocrx_word' id='word_1_492' title='bbox 3308 3323 3651 3377; x_wconf 73' lang='lat' dir='ltr'><strong>benedictum.</strong></span> 
     </span>
    </p>
   </div>
   <div class='ocr_carea' id='block_1_68' title="bbox 3439 3531 3961 3557">
    <p class='ocr_par' dir='ltr' id='par_1_68' title="bbox 3439 3531 3961 3557">
     <span class='ocr_line' id='line_1_68' title="bbox 3439 3531 3961 3557; baseline 0.002 -1"><span class='ocrx_word' id='word_1_493' title='bbox 3439 3531 3961 3557; x_wconf 59' lang='lat'><strong>_‘—&#39;_—.</strong></span> 
     </span>
    </p>
   </div>
   <div class='ocr_carea' id='block_1_69' title="bbox 873 3649 3866 3786">
    <p class='ocr_par' dir='ltr' id='par_1_69' title="bbox 873 3649 3866 3786">
     <span class='ocr_line' id='line_1_69' title="bbox 873 3649 3866 3786; baseline 0.007 -19"><span class='ocrx_word' id='word_1_494' title='bbox 873 3649 1221 3727; x_wconf 64' lang='lat'><strong>511-513</strong></span> <span class='ocrx_word' id='word_1_495' title='bbox 1279 3666 2121 3780; x_wconf 83' lang='lat' dir='ltr'><strong>OPUSCULUM</strong></span> <span class='ocrx_word' id='word_1_496' title='bbox 2204 3667 2997 3783; x_wconf 76' lang='lat' dir='ltr'><strong>VICESIMUM</strong></span> <span class='ocrx_word' id='word_1_497' title='bbox 3086 3669 3866 3786; x_wconf 82' lang='lat' dir='ltr'><strong>SEPTIMUM.</strong></span> 
     </span>
    </p>
   </div>
   <div class='ocr_carea' id='block_1_70' title="bbox 916 3884 1671 3948">
    <p class='ocr_par' dir='ltr' id='par_1_70' title="bbox 916 3884 1671 3948">
     <span class='ocr_line' id='line_1_70' title="bbox 916 3884 1671 3948; baseline -0.007 0"><span class='ocrx_word' id='word_1_498' title='bbox 916 3884 1019 3948; x_wconf 85' lang='lat' dir='ltr'><strong>DE</strong></span> <span class='ocrx_word' id='word_1_499' title='bbox 1076 3884 1443 3945; x_wconf 83' lang='lat' dir='ltr'><strong>COMMUNI</strong></span> <span class='ocrx_word' id='word_1_500' title='bbox 1480 3885 1671 3943; x_wconf 79' lang='lat' dir='ltr'><strong>VlTA</strong></span> 
     </span>
    </p>
   </div>
   <div class='ocr_carea' id='block_1_71' title="bbox 1740 3882 3826 3949">
    <p class='ocr_par' dir='ltr' id='par_1_71' title="bbox 1740 3882 3826 3949">
     <span class='ocr_line' id='line_1_71' title="bbox 1740 3882 3826 3949; baseline 0.002 -6"><span class='ocrx_word' id='word_1_501' title='bbox 1740 3882 2336 3945; x_wconf 78' lang='lat' dir='ltr'><strong>CANONICOBUM.</strong></span> <span class='ocrx_word' id='word_1_502' title='bbox 2399 3885 2506 3944; x_wconf 82' lang='lat' dir='ltr'><strong>AD</strong></span> <span class='ocrx_word' id='word_1_503' title='bbox 2561 3884 2941 3945; x_wconf 82' lang='lat' dir='ltr'><strong>CLERICOS</strong></span> <span class='ocrx_word' id='word_1_504' title='bbox 2978 3885 3359 3946; x_wconf 82' lang='lat' dir='ltr'><strong>FANENSIS</strong></span> <span class='ocrx_word' id='word_1_505' title='bbox 3392 3884 3826 3949; x_wconf 70' lang='lat' dir='ltr'><strong>ECCLESIE.</strong></span> 
     </span>
    </p>
   </div>
   <div class='ocr_carea' id='block_1_72' title="bbox 750 4146 3996 4215">
    <p class='ocr_par' dir='ltr' id='par_1_72' title="bbox 750 4146 3996 4215">
     <span class='ocr_line' id='line_1_72' title="bbox 750 4146 3996 4215; baseline 0.004 -12"><span class='ocrx_word' id='word_1_506' title='bbox 750 4152 1148 4209; x_wconf 70' lang='lat' dir='ltr'><strong>Ancuusuruu.</strong></span> <span class='ocrx_word' id='word_1_507' title='bbox 1180 4176 1249 4190; x_wconf 90' lang='lat'>—</span> <span class='ocrx_word' id='word_1_508' title='bbox 1292 4146 1422 4201; x_wconf 89' lang='lat' dir='ltr'><strong>Orta</strong></span> <span class='ocrx_word' id='word_1_509' title='bbox 1462 4148 1792 4203; x_wconf 87' lang='lat' dir='ltr'><strong>dissensione</strong></span> <span class='ocrx_word' id='word_1_510' title='bbox 1825 4149 1961 4202; x_wconf 89' lang='lat' dir='ltr'><strong>inter</strong></span> <span class='ocrx_word' id='word_1_511' title='bbox 2006 4148 2277 4201; x_wconf 83' lang='lat' dir='ltr'><strong>Fanenses</strong></span> <span class='ocrx_word' id='word_1_512' title='bbox 2302 4147 2555 4202; x_wconf 83' lang='lat' dir='ltr'><strong>Ecclesiae</strong></span> <span class='ocrx_word' id='word_1_513' title='bbox 2598 4148 2905 4209; x_wconf 83' lang='lat' dir='ltr'><strong>canonicos.</strong></span> <span class='ocrx_word' id='word_1_514' title='bbox 2943 4146 3063 4203; x_wconf 87' lang='lat' dir='ltr'><strong>aliis</strong></span> <span class='ocrx_word' id='word_1_515' title='bbox 3113 4148 3165 4202; x_wconf 92' lang='lat' dir='ltr'><strong>in</strong></span> <span class='ocrx_word' id='word_1_516' title='bbox 3207 4164 3492 4205; x_wconf 80' lang='lat' dir='ltr'><strong>commune</strong></span> <span class='ocrx_word' id='word_1_517' title='bbox 3534 4153 3691 4207; x_wconf 90' lang='lat' dir='ltr'><strong>bonis</strong></span> <span class='ocrx_word' id='word_1_518' title='bbox 3736 4154 3996 4215; x_wconf 68' lang='lat' dir='ltr'><strong>Ecclesia</strong></span> 
     </span>
    </p>
   </div>
   <div class='ocr_carea' id='block_1_73' title="bbox 820 4217 3993 4294">
    <p class='ocr_par' dir='ltr' id='par_1_73' title="bbox 820 4217 3993 4294">
     <span class='ocr_line' id='line_1_73' title="bbox 820 4217 3993 4294; baseline 0.003 -22"><span class='ocrx_word' id='word_1_519' title='bbox 820 4220 1048 4294; x_wconf 77' lang='lat' dir='ltr'><strong>collatis,</strong></span> <span class='ocrx_word' id='word_1_520' title='bbox 1082 4219 1199 4271; x_wconf 88' lang='lat' dir='ltr'><strong>aliis</strong></span> <span class='ocrx_word' id='word_1_521' title='bbox 1238 4218 1595 4294; x_wconf 62' lang='lat' dir='ltr'><strong>seorsimsibi</strong></span> <span class='ocrx_word' id='word_1_522' title='bbox 1627 4220 1805 4294; x_wconf 67' lang='lat' dir='ltr'><strong>vivere</strong></span> <span class='ocrx_word' id='word_1_523' title='bbox 1831 4218 2160 4294; x_wconf 81' lang='lat' dir='ltr'><strong>_voletttiltus,</strong></span> <span class='ocrx_word' id='word_1_524' title='bbox 2205 4218 2390 4271; x_wconf 90' lang='lat' dir='ltr'><strong>scribit</strong></span> <span class='ocrx_word' id='word_1_525' title='bbox 2428 4218 2491 4268; x_wconf 83' lang='lat' dir='ltr'><strong>ad</strong></span> <span class='ocrx_word' id='word_1_526' title='bbox 2529 4231 2641 4277; x_wconf 90' lang='lat' dir='ltr'><strong>eos,</strong></span> <span class='ocrx_word' id='word_1_527' title='bbox 2684 4217 3034 4294; x_wconf 70' lang='lat' dir='ltr'><strong>hortaturque</strong></span> <span class='ocrx_word' id='word_1_528' title='bbox 3073 4226 3130 4271; x_wconf 87' lang='lat' dir='ltr'><strong>ut</strong></span> <span class='ocrx_word' id='word_1_529' title='bbox 3162 4218 3403 4294; x_wconf 76' lang='lat' dir='ltr'><strong>deposita</strong></span> <span class='ocrx_word' id='word_1_530' title='bbox 3447 4221 3590 4273; x_wconf 89' lang='lat' dir='ltr'><strong>omni</strong></span> <span class='ocrx_word' id='word_1_531' title='bbox 3622 4228 3993 4294; x_wconf 83' lang='lat' dir='ltr'><strong>contentione,</strong></span> 
     </span>
    </p>
   </div>
   <div class='ocr_carea' id='block_1_74' title="bbox 817 4285 3990 4356">
    <p class='ocr_par' dir='ltr' id='par_1_74' title="bbox 817 4285 3990 4356">
     <span class='ocr_line' id='line_1_74' title="bbox 817 4285 3990 4356; baseline 0.002 -17"><span class='ocrx_word' id='word_1_532' title='bbox 817 4288 1183 4356; x_wconf 81' lang='lat' dir='ltr'><strong>apostolorum</strong></span> <span class='ocrx_word' id='word_1_533' title='bbox 1239 4296 1292 4339; x_wconf 90' lang='lat' dir='ltr'><strong>et</strong></span> <span class='ocrx_word' id='word_1_534' title='bbox 1324 4286 1607 4355; x_wconf 78' lang='lat' dir='ltr'><strong>primitiva:</strong></span> <span class='ocrx_word' id='word_1_535' title='bbox 1641 4286 1891 4340; x_wconf 74' lang='lat' dir='ltr'><strong>Ecclesia:</strong></span> <span class='ocrx_word' id='word_1_536' title='bbox 1922 4301 2122 4356; x_wconf 86' lang='lat' dir='ltr'><strong>morem</strong></span> <span class='ocrx_word' id='word_1_537' title='bbox 2164 4296 2487 4352; x_wconf 87' lang='lat' dir='ltr'><strong>sequantur;</strong></span> <span class='ocrx_word' id='word_1_538' title='bbox 2523 4285 2764 4339; x_wconf 90' lang='lat' dir='ltr'><strong>canonici</strong></span> <span class='ocrx_word' id='word_1_539' title='bbox 2796 4300 2898 4356; x_wconf 89' lang='lat' dir='ltr'><strong>non</strong></span> <span class='ocrx_word' id='word_1_540' title='bbox 2944 4295 3050 4339; x_wconf 88' lang='lat' dir='ltr'><strong>tam</strong></span> <span class='ocrx_word' id='word_1_541' title='bbox 3083 4285 3316 4349; x_wconf 86' lang='lat' dir='ltr'><strong>nomine,</strong></span> <span class='ocrx_word' id='word_1_542' title='bbox 3360 4304 3519 4356; x_wconf 88' lang='lat' dir='ltr'><strong>quam</strong></span> <span class='ocrx_word' id='word_1_543' title='bbox 3552 4305 3609 4343; x_wconf 90' lang='lat' dir='ltr'><strong>re</strong></span> <span class='ocrx_word' id='word_1_544' title='bbox 3651 4306 3775 4346; x_wconf 86' lang='lat' dir='ltr'><strong>esse</strong></span> <span class='ocrx_word' id='word_1_545' title='bbox 3798 4285 3990 4351; x_wconf 55' lang='lat' dir='ltr'><strong>velint;</strong></span> 
     </span>
    </p>
   </div>
   <div class='ocr_carea' id='block_1_75' title="bbox 816 4355 3992 4432">
    <p class='ocr_par' dir='ltr' id='par_1_75' title="bbox 816 4355 3992 4432">
     <span class='ocr_line' id='line_1_75' title="bbox 816 4355 3992 4432; baseline 0.004 -25"><span class='ocrx_word' id='word_1_546' title='bbox 816 4355 967 4432; x_wconf 75' lang='lat' dir='ltr'><strong>Quod</strong></span> <span class='ocrx_word' id='word_1_547' title='bbox 994 4355 1175 4408; x_wconf 89' lang='lat' dir='ltr'><strong>multis</strong></span> <span class='ocrx_word' id='word_1_548' title='bbox 1198 4356 1355 4432; x_wconf 73' lang='lat' dir='ltr'><strong>etiam</strong></span> <span class='ocrx_word' id='word_1_549' title='bbox 1384 4356 1678 4432; x_wconf 76' lang='lat' dir='ltr'><strong>rationibus</strong></span> <span class='ocrx_word' id='word_1_550' title='bbox 1698 4356 1776 4409; x_wconf 91' lang='lat' dir='ltr'><strong>eis</strong></span> <span class='ocrx_word' id='word_1_551' title='bbox 1802 4355 2125 4432; x_wconf 75' lang='lat' dir='ltr'><strong>persuadere</strong></span> <span class='ocrx_word' id='word_1_552' title='bbox 2157 4362 2401 4432; x_wconf 77' lang='lat' dir='ltr'><strong>conatur,</strong></span> <span class='ocrx_word' id='word_1_553' title='bbox 2428 4370 2529 4432; x_wconf 86' lang='lat' dir='ltr'><strong>non</strong></span> <span class='ocrx_word' id='word_1_554' title='bbox 2561 4368 2717 4432; x_wconf 81' lang='lat' dir='ltr'><strong>posse</strong></span> <span class='ocrx_word' id='word_1_555' title='bbox 2748 4355 2891 4407; x_wconf 88' lang='lat' dir='ltr'><strong>enim</strong></span> <span class='ocrx_word' id='word_1_556' title='bbox 2929 4355 3072 4432; x_wconf 74' lang='lat' dir='ltr'><strong>inter</strong></span> <span class='ocrx_word' id='word_1_557' title='bbox 3104 4369 3197 4411; x_wconf 79' lang='lat' dir='ltr'><strong>eos</strong></span> <span class='ocrx_word' id='word_1_558' title='bbox 3222 4370 3344 4411; x_wconf 87' lang='lat' dir='ltr'><strong>esse</strong></span> <span class='ocrx_word' id='word_1_559' title='bbox 3381 4355 3630 4413; x_wconf 89' lang='lat' dir='ltr'><strong>unionem</strong></span> <span class='ocrx_word' id='word_1_560' title='bbox 3658 4362 3992 4432; x_wconf 88' lang='lat' dir='ltr'><strong>animorum,</strong></span> 
     </span>
    </p>
   </div>
   <div class='ocr_carea' id='block_1_76' title="bbox 825 4423 3045 4493">
    <p class='ocr_par' dir='ltr' id='par_1_76' title="bbox 825 4423 3045 4493">
     <span class='ocr_line' id='line_1_76' title="bbox 825 4423 3045 4493; baseline -0.001 -14"><span class='ocrx_word' id='word_1_561' title='bbox 825 4424 966 4480; x_wconf 86' lang='lat' dir='ltr'><strong>inter</strong></span> <span class='ocrx_word' id='word_1_562' title='bbox 993 4439 1127 4493; x_wconf 78' lang='lat' dir='ltr'><strong>quos</strong></span> <span class='ocrx_word' id='word_1_563' title='bbox 1154 4433 1237 4479; x_wconf 86' lang='lat' dir='ltr'><strong>est</strong></span> <span class='ocrx_word' id='word_1_564' title='bbox 1262 4423 1606 4489; x_wconf 84' lang='lat' dir='ltr'><strong>facultatum;</strong></span> <span class='ocrx_word' id='word_1_565' title='bbox 1638 4439 1702 4479; x_wconf 89' lang='lat' dir='ltr'><strong>ac</strong></span> <span class='ocrx_word' id='word_1_566' title='bbox 1730 4425 1892 4477; x_wconf 91' lang='lat' dir='ltr'><strong>multa</strong></span> <span class='ocrx_word' id='word_1_567' title='bbox 1912 4424 2012 4478; x_wconf 89' lang='lat' dir='ltr'><strong>alia</strong></span> <span class='ocrx_word' id='word_1_568' title='bbox 2052 4425 2102 4479; x_wconf 86' lang='lat' dir='ltr'><strong>in</strong></span> <span class='ocrx_word' id='word_1_569' title='bbox 2132 4424 2373 4478; x_wconf 88' lang='lat' dir='ltr'><strong>eamdem</strong></span> <span class='ocrx_word' id='word_1_570' title='bbox 2402 4425 2721 4479; x_wconf 87' lang='lat' dir='ltr'><strong>sententiam</strong></span> <span class='ocrx_word' id='word_1_571' title='bbox 2742 4424 3045 4489; x_wconf 90' lang='lat' dir='ltr'><strong>perscribit.</strong></span> 
     </span>
    </p>
   </div>
   <div class='ocr_carea' id='block_1_77' title="bbox 824 4555 3995 4630">
    <p class='ocr_par' dir='ltr' id='par_1_77' title="bbox 824 4555 3995 4630">
     <span class='ocr_line' id='line_1_77' title="bbox 824 4555 3995 4630; baseline 0.001 -17"><span class='ocrx_word' id='word_1_572' title='bbox 824 4559 1036 4613; x_wconf 82' lang='lat' dir='ltr'><strong>Sanctis</strong></span> <span class='ocrx_word' id='word_1_573' title='bbox 1088 4560 1141 4612; x_wconf 92' lang='lat' dir='ltr'><strong>in</strong></span> <span class='ocrx_word' id='word_1_574' title='bbox 1194 4557 1406 4613; x_wconf 90' lang='lat' dir='ltr'><strong>Christo</strong></span> <span class='ocrx_word' id='word_1_575' title='bbox 1458 4556 1710 4612; x_wconf 87' lang='lat' dir='ltr'><strong>fratribus</strong></span> <span class='ocrx_word' id='word_1_576' title='bbox 1750 4556 2011 4612; x_wconf 86' lang='lat' dir='ltr'><strong>Fanensis</strong></span> <span class='ocrx_word' id='word_1_577' title='bbox 2057 4556 2303 4613; x_wconf 73' lang='lat' dir='ltr'><strong>Ecclesia:</strong></span> <span class='ocrx_word' id='word_1_578' title='bbox 2332 4558 2381 4617; x_wconf 91' lang='lat' dir='ltr'><strong>D</strong></span> <span class='ocrx_word' id='word_1_579' title='bbox 2408 4564 2585 4624; x_wconf 85' lang='lat' dir='ltr'><strong>parat,</strong></span> <span class='ocrx_word' id='word_1_580' title='bbox 2636 4561 2790 4623; x_wconf 91' lang='lat' dir='ltr'><strong>turpe</strong></span> <span class='ocrx_word' id='word_1_581' title='bbox 2816 4566 2898 4610; x_wconf 87' lang='lat' dir='ltr'><strong>est</strong></span> <span class='ocrx_word' id='word_1_582' title='bbox 2926 4556 2971 4610; x_wconf 89' lang='lat' dir='ltr'><strong>si</strong></span> <span class='ocrx_word' id='word_1_583' title='bbox 3018 4555 3098 4611; x_wconf 87' lang='lat' dir='ltr'><strong>vel</strong></span> <span class='ocrx_word' id='word_1_584' title='bbox 3139 4558 3434 4612; x_wconf 88' lang='lat' dir='ltr'><strong>domestica</strong></span> <span class='ocrx_word' id='word_1_585' title='bbox 3479 4562 3848 4630; x_wconf 82' lang='lat' dir='ltr'><strong>conversatio,</strong></span> <span class='ocrx_word' id='word_1_586' title='bbox 3904 4567 3995 4622; x_wconf 85' lang='lat' dir='ltr'><strong>vel</strong></span> 
     </span>
    </p>
   </div>
   <div class='ocr_carea' id='block_1_78' title="bbox 756 4648 2094 4717">
    <p class='ocr_par' dir='ltr' id='par_1_78' title="bbox 756 4648 2094 4717">
     <span class='ocr_line' id='line_1_78' title="bbox 756 4648 2094 4717; baseline -0.002 -14"><span class='ocrx_word' id='word_1_587' title='bbox 756 4649 987 4713; x_wconf 87' lang='lat' dir='ltr'><strong>clericis,</strong></span> <span class='ocrx_word' id='word_1_588' title='bbox 1018 4648 1229 4703; x_wconf 76' lang='lat' dir='ltr'><strong>PETRUS</strong></span> <span class='ocrx_word' id='word_1_589' title='bbox 1258 4657 1504 4717; x_wconf 88' lang='lat' dir='ltr'><strong>peccator</strong></span> <span class='ocrx_word' id='word_1_590' title='bbox 1531 4649 1823 4703; x_wconf 89' lang='lat' dir='ltr'><strong>monachus</strong></span> <span class='ocrx_word' id='word_1_591' title='bbox 1852 4648 2094 4703; x_wconf 87' lang='lat' dir='ltr'><strong>salutem.</strong></span> 
     </span>
    </p>
   </div>
   <div class='ocr_carea' id='block_1_79' title="bbox 821 4735 2307 4805">
    <p class='ocr_par' dir='ltr' id='par_1_79' title="bbox 821 4735 2307 4805">
     <span class='ocr_line' id='line_1_79' title="bbox 821 4735 2307 4805; baseline -0.003 -11"><span class='ocrx_word' id='word_1_592' title='bbox 821 4741 918 4794; x_wconf 90' lang='lat' dir='ltr'><strong>Ditt</strong></span> <span class='ocrx_word' id='word_1_593' title='bbox 944 4747 1046 4802; x_wconf 91' lang='lat' dir='ltr'><strong>est,</strong></span> <span class='ocrx_word' id='word_1_594' title='bbox 1089 4739 1439 4801; x_wconf 89' lang='lat' dir='ltr'><strong>dilectissimi,</strong></span> <span class='ocrx_word' id='word_1_595' title='bbox 1485 4739 1626 4805; x_wconf 89' lang='lat' dir='ltr'><strong>quod</strong></span> <span class='ocrx_word' id='word_1_596' title='bbox 1670 4740 1720 4789; x_wconf 88' lang='lat' dir='ltr'><strong>in</strong></span> <span class='ocrx_word' id='word_1_597' title='bbox 1765 4738 1849 4791; x_wconf 88' lang='lat' dir='ltr'><strong>his</strong></span> <span class='ocrx_word' id='word_1_598' title='bbox 1882 4736 2121 4805; x_wconf 88' lang='lat' dir='ltr'><strong>partibus</strong></span> <span class='ocrx_word' id='word_1_599' title='bbox 2167 4735 2307 4789; x_wconf 85' lang='lat' dir='ltr'><strong>fama</strong></span> 
     </span>
    </p>
   </div>
   <div class='ocr_carea' id='block_1_80' title="bbox 749 4824 2309 4897">
    <p class='ocr_par' dir='ltr' id='par_1_80' title="bbox 749 4824 2309 4897">
     <span class='ocr_line' id='line_1_80' title="bbox 749 4824 2309 4897; baseline -0.002 -17"><span class='ocrx_word' id='word_1_600' title='bbox 749 4827 1006 4897; x_wconf 87' lang='lat' dir='ltr'><strong>vulgavit,</strong></span> <span class='ocrx_word' id='word_1_601' title='bbox 1052 4841 1157 4880; x_wconf 90' lang='lat' dir='ltr'><strong>non</strong></span> <span class='ocrx_word' id='word_1_602' title='bbox 1192 4840 1369 4895; x_wconf 73' lang='lat' dir='ltr'><strong>parva:</strong></span> <span class='ocrx_word' id='word_1_603' title='bbox 1407 4824 1692 4880; x_wconf 88' lang='lat' dir='ltr'><strong>simultatis</strong></span> <span class='ocrx_word' id='word_1_604' title='bbox 1726 4826 1863 4878; x_wconf 86' lang='lat' dir='ltr'><strong>inter</strong></span> <span class='ocrx_word' id='word_1_605' title='bbox 1900 4840 1994 4877; x_wconf 89' lang='lat' dir='ltr'><strong>vos</strong></span> <span class='ocrx_word' id='word_1_606' title='bbox 2026 4824 2309 4879; x_wconf 86' lang='lat' dir='ltr'><strong>emersisse</strong></span> 
     </span>
    </p>
   </div>
   <div class='ocr_carea' id='block_1_81' title="bbox 751 4912 2305 4981">
    <p class='ocr_par' dir='ltr' id='par_1_81' title="bbox 751 4912 2305 4981">
     <span class='ocr_line' id='line_1_81' title="bbox 751 4912 2305 4981; baseline -0.001 -11"><span class='ocrx_word' id='word_1_607' title='bbox 751 4916 1094 4979; x_wconf 81' lang='lat' dir='ltr'><strong>discordiam,</strong></span> <span class='ocrx_word' id='word_1_608' title='bbox 1130 4916 1199 4968; x_wconf 89' lang='lat' dir='ltr'><strong>ob</strong></span> <span class='ocrx_word' id='word_1_609' title='bbox 1244 4913 1293 4967; x_wconf 86' lang='lat' dir='ltr'><strong>id</strong></span> <span class='ocrx_word' id='word_1_610' title='bbox 1331 4913 1595 4977; x_wconf 83' lang='lat' dir='ltr'><strong>videlicet,</strong></span> <span class='ocrx_word' id='word_1_611' title='bbox 1634 4912 1759 4981; x_wconf 87' lang='lat' dir='ltr'><strong>quia</strong></span> <span class='ocrx_word' id='word_1_612' title='bbox 1800 4912 2035 4966; x_wconf 90' lang='lat' dir='ltr'><strong>nonnulli</strong></span> <span class='ocrx_word' id='word_1_613' title='bbox 2072 4921 2305 4968; x_wconf 86' lang='lat' dir='ltr'><strong>vestrum</strong></span> 
     </span>
    </p>
   </div>
   <div class='ocr_carea' id='block_1_82' title="bbox 751 5002 2307 5073">
    <p class='ocr_par' dir='ltr' id='par_1_82' title="bbox 751 5002 2307 5073">
     <span class='ocr_line' id='line_1_82' title="bbox 751 5002 2307 5073; baseline -0.001 -16"><span class='ocrx_word' id='word_1_614' title='bbox 751 5004 1162 5073; x_wconf 71' lang='lat' dir='ltr'><strong>aggrederentur</strong></span> <span class='ocrx_word' id='word_1_615' title='bbox 1190 5003 1241 5056; x_wconf 92' lang='lat' dir='ltr'><strong>in</strong></span> <span class='ocrx_word' id='word_1_616' title='bbox 1280 5002 1537 5056; x_wconf 88' lang='lat' dir='ltr'><strong>canonica</strong></span> <span class='ocrx_word' id='word_1_617' title='bbox 1587 5003 1930 5072; x_wconf 80' lang='lat' dir='ltr'><strong>regularitate</strong></span> <span class='ocrx_word' id='word_1_618' title='bbox 1962 5002 2161 5064; x_wconf 85' lang='lat' dir='ltr'><strong>vivere,</strong></span> <span class='ocrx_word' id='word_1_619' title='bbox 2193 5002 2307 5071; x_wconf 82' lang='lat' dir='ltr'><strong>ple-</strong></span> 
     </span>
    </p>
   </div>
   <div class='ocr_carea' id='block_1_83' title="bbox 745 5090 2305 5159">
    <p class='ocr_par' dir='ltr' id='par_1_83' title="bbox 745 5090 2305 5159">
     <span class='ocr_line' id='line_1_83' title="bbox 745 5090 2305 5159; baseline -0.001 -13"><span class='ocrx_word' id='word_1_620' title='bbox 745 5092 903 5159; x_wconf 85' lang='lat' dir='ltr'><strong>rique</strong></span> <span class='ocrx_word' id='word_1_621' title='bbox 950 5097 1128 5142; x_wconf 87' lang='lat' dir='ltr'><strong>autem</strong></span> <span class='ocrx_word' id='word_1_622' title='bbox 1175 5105 1277 5143; x_wconf 89' lang='lat' dir='ltr'><strong>non</strong></span> <span class='ocrx_word' id='word_1_623' title='bbox 1324 5090 1764 5158; x_wconf 90' lang='lat' dir='ltr'><strong>acquiescerent,</strong></span> <span class='ocrx_word' id='word_1_624' title='bbox 1816 5090 2052 5145; x_wconf 84' lang='lat' dir='ltr'><strong>volentes</strong></span> <span class='ocrx_word' id='word_1_625' title='bbox 2102 5098 2305 5144; x_wconf 89' lang='lat' dir='ltr'><strong>tantum</strong></span> 
     </span>
    </p>
   </div>
   <div class='ocr_carea' id='block_1_84' title="bbox 749 5178 2308 5248">
    <p class='ocr_par' dir='ltr' id='par_1_84' title="bbox 749 5178 2308 5248">
     <span class='ocr_line' id='line_1_84' title="bbox 749 5178 2308 5248; baseline 0 -16"><span class='ocrx_word' id='word_1_626' title='bbox 749 5180 889 5247; x_wconf 85' lang='lat' dir='ltr'><strong>apud</strong></span> <span class='ocrx_word' id='word_1_627' title='bbox 937 5195 995 5233; x_wconf 90' lang='lat' dir='ltr'><strong>se</strong></span> <span class='ocrx_word' id='word_1_628' title='bbox 1037 5179 1089 5233; x_wconf 87' lang='lat' dir='ltr'><strong>in</strong></span> <span class='ocrx_word' id='word_1_629' title='bbox 1128 5178 1241 5233; x_wconf 85' lang='lat' dir='ltr'><strong>suis</strong></span> <span class='ocrx_word' id='word_1_630' title='bbox 1274 5179 1683 5248; x_wconf 86' lang='lat' dir='ltr'><strong>proprietatibus</strong></span> <span class='ocrx_word' id='word_1_631' title='bbox 1718 5180 1979 5235; x_wconf 88' lang='lat' dir='ltr'><strong>habitare.</strong></span> <span class='ocrx_word' id='word_1_632' title='bbox 2012 5178 2162 5244; x_wconf 84' lang='lat' dir='ltr'><strong>Quod</strong></span> <span class='ocrx_word' id='word_1_633' title='bbox 2192 5180 2308 5248; x_wconf 89' lang='lat' dir='ltr'><strong>qui-</strong></span> 
     </span>
    </p>
   </div>
   <div class='ocr_carea' id='block_1_85' title="bbox 746 5270 2302 5337">
    <p class='ocr_par' dir='ltr' id='par_1_85' title="bbox 746 5270 2302 5337">
     <span class='ocr_line' id='line_1_85' title="bbox 746 5270 2302 5337; baseline 0.001 -15"><span class='ocrx_word' id='word_1_634' title='bbox 746 5270 866 5322; x_wconf 85' lang='lat' dir='ltr'><strong>dem</strong></span> <span class='ocrx_word' id='word_1_635' title='bbox 897 5285 1001 5323; x_wconf 89' lang='lat' dir='ltr'><strong>non</strong></span> <span class='ocrx_word' id='word_1_636' title='bbox 1044 5270 1320 5331; x_wconf 90' lang='lat' dir='ltr'><strong>miramur,</strong></span> <span class='ocrx_word' id='word_1_637' title='bbox 1359 5270 1483 5337; x_wconf 88' lang='lat' dir='ltr'><strong>quia</strong></span> <span class='ocrx_word' id='word_1_638' title='bbox 1533 5284 1709 5322; x_wconf 89' lang='lat' dir='ltr'><strong>rarum</strong></span> <span class='ocrx_word' id='word_1_639' title='bbox 1747 5285 1850 5325; x_wconf 88' lang='lat' dir='ltr'><strong>non</strong></span> <span class='ocrx_word' id='word_1_640' title='bbox 1894 5281 1997 5336; x_wconf 82' lang='lat' dir='ltr'><strong>est,</strong></span> <span class='ocrx_word' id='word_1_641' title='bbox 2030 5271 2121 5327; x_wconf 90' lang='lat' dir='ltr'><strong>sed</strong></span> <span class='ocrx_word' id='word_1_642' title='bbox 2160 5270 2302 5324; x_wconf 91' lang='lat' dir='ltr'><strong>dole-</strong></span> 
     </span>
    </p>
   </div>
   <div class='ocr_carea' id='block_1_86' title="bbox 746 5358 2301 5427">
    <p class='ocr_par' dir='ltr' id='par_1_86' title="bbox 746 5358 2301 5427">
     <span class='ocr_line' id='line_1_86' title="bbox 746 5358 2301 5427; baseline 0.001 -15"><span class='ocrx_word' id='word_1_643' title='bbox 746 5373 867 5412; x_wconf 88' lang='lat' dir='ltr'><strong>mus</strong></span> <span class='ocrx_word' id='word_1_644' title='bbox 893 5358 1085 5424; x_wconf 87' lang='lat' dir='ltr'><strong>potius,</strong></span> <span class='ocrx_word' id='word_1_645' title='bbox 1112 5360 1234 5427; x_wconf 92' lang='lat' dir='ltr'><strong>quia</strong></span> <span class='ocrx_word' id='word_1_646' title='bbox 1261 5360 1600 5413; x_wconf 83' lang='lat' dir='ltr'><strong>inbonestum</strong></span> <span class='ocrx_word' id='word_1_647' title='bbox 1628 5369 1726 5413; x_wconf 89' lang='lat' dir='ltr'><strong>est.</strong></span> <span class='ocrx_word' id='word_1_648' title='bbox 1759 5360 1901 5414; x_wconf 87' lang='lat' dir='ltr'><strong>Satis</strong></span> <span class='ocrx_word' id='word_1_649' title='bbox 1924 5361 2064 5414; x_wconf 89' lang='lat' dir='ltr'><strong>enim</strong></span> <span class='ocrx_word' id='word_1_650' title='bbox 2094 5360 2301 5413; x_wconf 87' lang='lat' dir='ltr'><strong>videtur</strong></span> 
     </span>
    </p>
   </div>
   <div class='ocr_carea' id='block_1_87' title="bbox 744 5446 2306 5519">
    <p class='ocr_par' dir='ltr' id='par_1_87' title="bbox 744 5446 2306 5519">
     <span class='ocr_line' id='line_1_87' title="bbox 744 5446 2306 5519; baseline 0.004 -21"><span class='ocrx_word' id='word_1_651' title='bbox 744 5446 1059 5511; x_wconf 81' lang='lat' dir='ltr'><strong>absurdum,</strong></span> <span class='ocrx_word' id='word_1_652' title='bbox 1094 5457 1153 5501; x_wconf 91' lang='lat' dir='ltr'><strong>ut</strong></span> <span class='ocrx_word' id='word_1_653' title='bbox 1191 5447 1371 5501; x_wconf 89' lang='lat' dir='ltr'><strong>clerici</strong></span> <span class='ocrx_word' id='word_1_654' title='bbox 1399 5447 1519 5516; x_wconf 87' lang='lat' dir='ltr'><strong>quis</strong></span> <span class='ocrx_word' id='word_1_655' title='bbox 1556 5450 1848 5517; x_wconf 73' lang='lat' dir='ltr'><strong>przetettdat</strong></span> <span class='ocrx_word' id='word_1_656' title='bbox 1881 5449 1932 5503; x_wconf 93' lang='lat' dir='ltr'><strong>in</strong></span> <span class='ocrx_word' id='word_1_657' title='bbox 1964 5449 2149 5503; x_wconf 89' lang='lat' dir='ltr'><strong>ordine</strong></span> <span class='ocrx_word' id='word_1_658' title='bbox 2185 5464 2306 5519; x_wconf 85' lang='lat' dir='ltr'><strong>spe-</strong></span> 
     </span>
    </p>
   </div>
   <div class='ocr_carea' id='block_1_88' title="bbox 744 5533 2302 5598">
    <p class='ocr_par' dir='ltr' id='par_1_88' title="bbox 744 5533 2302 5598">
     <span class='ocr_line' id='line_1_88' title="bbox 744 5533 2302 5598; baseline 0.003 -12"><span class='ocrx_word' id='word_1_659' title='bbox 744 5533 909 5598; x_wconf 87' lang='lat' dir='ltr'><strong>ciem,</strong></span> <span class='ocrx_word' id='word_1_660' title='bbox 929 5544 985 5587; x_wconf 88' lang='lat' dir='ltr'><strong>et</strong></span> <span class='ocrx_word' id='word_1_661' title='bbox 1012 5535 1341 5591; x_wconf 62' lang='lat' dir='ltr'><strong>secularium</strong></span> <span class='ocrx_word' id='word_1_662' title='bbox 1366 5545 1540 5593; x_wconf 85' lang='lat' dir='ltr'><strong>teneat</strong></span> <span class='ocrx_word' id='word_1_663' title='bbox 1568 5538 1795 5591; x_wconf 88' lang='lat' dir='ltr'><strong>vivendo</strong></span> <span class='ocrx_word' id='word_1_664' title='bbox 1815 5540 2302 5595; x_wconf 88' lang='lat' dir='ltr'><strong>conversationem:</strong></span> 
     </span>
    </p>
   </div>
   <div class='ocr_carea' id='block_1_89' title="bbox 745 5625 2299 5697">
    <p class='ocr_par' dir='ltr' id='par_1_89' title="bbox 745 5625 2299 5697">
     <span class='ocr_line' id='line_1_89' title="bbox 745 5625 2299 5697; baseline 0.006 -21"><span class='ocrx_word' id='word_1_665' title='bbox 745 5628 802 5681; x_wconf 75' lang='lat' dir='ltr'><strong>et</strong></span> <span class='ocrx_word' id='word_1_666' title='bbox 838 5637 995 5691; x_wconf 85' lang='lat' dir='ltr'><strong>quem</strong></span> <span class='ocrx_word' id='word_1_667' title='bbox 1030 5639 1061 5680; x_wconf 88' lang='lat' dir='ltr'><strong>a</strong></span> <span class='ocrx_word' id='word_1_668' title='bbox 1093 5625 1345 5681; x_wconf 85' lang='lat' dir='ltr'><strong>lateorum</strong></span> <span class='ocrx_word' id='word_1_669' title='bbox 1380 5628 1549 5682; x_wconf 88' lang='lat' dir='ltr'><strong>turbis</strong></span> <span class='ocrx_word' id='word_1_670' title='bbox 1580 5628 1922 5697; x_wconf 88' lang='lat' dir='ltr'><strong>professionis</strong></span> <span class='ocrx_word' id='word_1_671' title='bbox 1952 5631 2184 5685; x_wconf 82' lang='lat' dir='ltr'><strong>conditio</strong></span> <span class='ocrx_word' id='word_1_672' title='bbox 2219 5646 2299 5685; x_wconf 84' lang='lat' dir='ltr'><strong>se-</strong></span> 
     </span>
    </p>
   </div>
   <div class='ocr_carea' id='block_1_90' title="bbox 2409 4645 3992 4717">
    <p class='ocr_par' dir='ltr' id='par_1_90' title="bbox 2409 4645 3992 4717">
     <span class='ocr_line' id='line_1_90' title="bbox 2409 4645 3992 4717; baseline 0.009 -19"><span class='ocrx_word' id='word_1_673' title='bbox 2409 4645 2602 4715; x_wconf 88' lang='lat' dir='ltr'><strong>peeulii</strong></span> <span class='ocrx_word' id='word_1_674' title='bbox 2640 4647 2991 4701; x_wconf 88' lang='lat' dir='ltr'><strong>abominanda</strong></span> <span class='ocrx_word' id='word_1_675' title='bbox 3028 4649 3327 4717; x_wconf 90' lang='lat' dir='ltr'><strong>proprietas</strong></span> <span class='ocrx_word' id='word_1_676' title='bbox 3365 4650 3561 4706; x_wconf 90' lang='lat' dir='ltr'><strong>laicum</strong></span> <span class='ocrx_word' id='word_1_677' title='bbox 3598 4668 3723 4709; x_wconf 88' lang='lat' dir='ltr'><strong>esse</strong></span> <span class='ocrx_word' id='word_1_678' title='bbox 3763 4658 3992 4713; x_wconf 89' lang='lat' dir='ltr'><strong>convin-</strong></span> 
     </span>
    </p>
   </div>
   <div class='ocr_carea' id='block_1_91' title="bbox 2409 4732 3991 4809">
    <p class='ocr_par' dir='ltr' id='par_1_91' title="bbox 2409 4732 3991 4809">
     <span class='ocr_line' id='line_1_91' title="bbox 2409 4732 3991 4809; baseline 0.009 -21"><span class='ocrx_word' id='word_1_679' title='bbox 2409 4743 2516 4788; x_wconf 87' lang='lat' dir='ltr'><strong>cat.</strong></span> <span class='ocrx_word' id='word_1_680' title='bbox 2554 4732 2689 4799; x_wconf 84' lang='lat' dir='ltr'><strong>Quid</strong></span> <span class='ocrx_word' id='word_1_681' title='bbox 2732 4736 2873 4788; x_wconf 91' lang='lat' dir='ltr'><strong>cnim</strong></span> <span class='ocrx_word' id='word_1_682' title='bbox 2927 4734 3066 4790; x_wconf 90' lang='lat' dir='ltr'><strong>illius</strong></span> <span class='ocrx_word' id='word_1_683' title='bbox 3106 4738 3313 4804; x_wconf 84' lang='lat' dir='ltr'><strong>poterit</strong></span> <span class='ocrx_word' id='word_1_684' title='bbox 3349 4742 3843 4809; x_wconf 81' lang='lat' dir='ltr'><strong>concupiscentiam</strong></span> <span class='ocrx_word' id='word_1_685' title='bbox 3896 4763 3991 4801; x_wconf 87' lang='lat' dir='ltr'><strong>sa-</strong></span> 
     </span>
    </p>
   </div>
   <div class='ocr_carea' id='block_1_92' title="bbox 2409 4825 3987 4901">
    <p class='ocr_par' dir='ltr' id='par_1_92' title="bbox 2409 4825 3987 4901">
     <span class='ocr_line' id='line_1_92' title="bbox 2409 4825 3987 4901; baseline 0.011 -24"><span class='ocrx_word' id='word_1_686' title='bbox 2409 4826 2562 4886; x_wconf 85' lang='lat' dir='ltr'><strong>tiare,</strong></span> <span class='ocrx_word' id='word_1_687' title='bbox 2596 4825 2679 4879; x_wconf 90' lang='lat' dir='ltr'><strong>cui</strong></span> <span class='ocrx_word' id='word_1_688' title='bbox 2711 4842 2813 4879; x_wconf 88' lang='lat' dir='ltr'><strong>tton</strong></span> <span class='ocrx_word' id='word_1_689' title='bbox 2846 4836 3021 4894; x_wconf 86' lang='lat' dir='ltr'><strong>potest</strong></span> <span class='ocrx_word' id='word_1_690' title='bbox 3064 4830 3177 4898; x_wconf 90' lang='lat' dir='ltr'><strong>ipse</strong></span> <span class='ocrx_word' id='word_1_691' title='bbox 3207 4831 3348 4883; x_wconf 91' lang='lat' dir='ltr'><strong>Deus</strong></span> <span class='ocrx_word' id='word_1_692' title='bbox 3377 4832 3427 4884; x_wconf 90' lang='lat' dir='ltr'><strong>in</strong></span> <span class='ocrx_word' id='word_1_693' title='bbox 3456 4835 3802 4901; x_wconf 86' lang='lat' dir='ltr'><strong>possessione</strong></span> <span class='ocrx_word' id='word_1_694' title='bbox 3844 4838 3987 4893; x_wconf 79' lang='lat' dir='ltr'><strong>suﬂi-</strong></span> 
     </span>
    </p>
   </div>
   <div class='ocr_carea' id='block_1_93' title="bbox 2409 4913 3985 4998">
    <p class='ocr_par' dir='ltr' id='par_1_93' title="bbox 2409 4913 3985 4998">
     <span class='ocr_line' id='line_1_93' title="bbox 2409 4913 3985 4998; baseline 0.009 -30"><span class='ocrx_word' id='word_1_695' title='bbox 2409 4915 2576 4968; x_wconf 87' lang='lat' dir='ltr'><strong>cere?</strong></span> <span class='ocrx_word' id='word_1_696' title='bbox 2610 4913 2845 4970; x_wconf 91' lang='lat' dir='ltr'><strong>Clericus</strong></span> <span class='ocrx_word' id='word_1_697' title='bbox 2874 4917 3088 4986; x_wconf 83' lang='lat' dir='ltr'><strong>quippe,</strong></span> <span class='ocrx_word' id='word_1_698' title='bbox 3117 4920 3254 4973; x_wconf 90' lang='lat' dir='ltr'><strong>sicut</strong></span> <span class='ocrx_word' id='word_1_699' title='bbox 3295 4922 3450 4988; x_wconf 76' lang='lat' dir='ltr'><strong>juxta</strong></span> <span class='ocrx_word' id='word_1_700' title='bbox 3486 4923 3565 4976; x_wconf 89' lang='lat' dir='ltr'><strong>sui</strong></span> <span class='ocrx_word' id='word_1_701' title='bbox 3598 4927 3985 4998; x_wconf 76' lang='lat' dir='ltr'><strong>etymologiam</strong></span> 
     </span>
    </p>
   </div>
   <div class='ocr_carea' id='block_1_94' title="bbox 2408 5003 3990 5071">
    <p class='ocr_par' dir='ltr' id='par_1_94' title="bbox 2408 5003 3990 5071">
     <span class='ocr_line' id='line_1_94' title="bbox 2408 5003 3990 5071; baseline 0.011 -17"><span class='ocrx_word' id='word_1_702' title='bbox 2408 5003 2673 5068; x_wconf 85' lang='lat' dir='ltr'><strong>vocabuli,</strong></span> <span class='ocrx_word' id='word_1_703' title='bbox 2719 5003 2831 5071; x_wconf 85' lang='lat' dir='ltr'><strong>ipse</strong></span> <span class='ocrx_word' id='word_1_704' title='bbox 2861 5020 2976 5057; x_wconf 87' lang='lat' dir='ltr'><strong>sors</strong></span> <span class='ocrx_word' id='word_1_705' title='bbox 3012 5005 3104 5060; x_wconf 89' lang='lat' dir='ltr'><strong>Dei</strong></span> <span class='ocrx_word' id='word_1_706' title='bbox 3131 5017 3231 5070; x_wconf 87' lang='lat' dir='ltr'><strong>est,</strong></span> <span class='ocrx_word' id='word_1_707' title='bbox 3264 5008 3333 5061; x_wconf 88' lang='lat' dir='ltr'><strong>ita</strong></span> <span class='ocrx_word' id='word_1_708' title='bbox 3368 5010 3719 5067; x_wconf 86' lang='lat' dir='ltr'><strong>nihilominus</strong></span> <span class='ocrx_word' id='word_1_709' title='bbox 3748 5023 3805 5066; x_wconf 86' lang='lat' dir='ltr'><strong>et</strong></span> <span class='ocrx_word' id='word_1_710' title='bbox 3846 5015 3990 5071; x_wconf 86' lang='lat' dir='ltr'><strong>Deus</strong></span> 
     </span>
    </p>
   </div>
   <div class='ocr_carea' id='block_1_95' title="bbox 2407 5092 3989 5166">
    <p class='ocr_par' dir='ltr' id='par_1_95' title="bbox 2407 5092 3989 5166">
     <span class='ocr_line' id='line_1_95' title="bbox 2407 5092 3989 5166; baseline 0.011 -21"><span class='ocrx_word' id='word_1_711' title='bbox 2407 5092 2743 5159; x_wconf 86' lang='lat' dir='ltr'><strong>omnipotens</strong></span> <span class='ocrx_word' id='word_1_712' title='bbox 2797 5092 2911 5159; x_wconf 87' lang='lat' dir='ltr'><strong>ejus</strong></span> <span class='ocrx_word' id='word_1_713' title='bbox 2956 5109 3074 5149; x_wconf 89' lang='lat' dir='ltr'><strong>esse</strong></span> <span class='ocrx_word' id='word_1_714' title='bbox 3120 5098 3295 5164; x_wconf 90' lang='lat' dir='ltr'><strong>portio</strong></span> <span class='ocrx_word' id='word_1_715' title='bbox 3341 5101 3674 5166; x_wconf 87' lang='lat' dir='ltr'><strong>perhibetur.</strong></span> <span class='ocrx_word' id='word_1_716' title='bbox 3731 5102 3889 5159; x_wconf 88' lang='lat' dir='ltr'><strong>Unde</strong></span> <span class='ocrx_word' id='word_1_717' title='bbox 3934 5116 3989 5162; x_wconf 89' lang='lat' dir='ltr'><strong>et</strong></span> 
     </span>
    </p>
   </div>
   <div class='ocr_carea' id='block_1_96' title="bbox 2405 5182 3987 5253">
    <p class='ocr_par' dir='ltr' id='par_1_96' title="bbox 2405 5182 3987 5253">
     <span class='ocr_line' id='line_1_96' title="bbox 2405 5182 3987 5253; baseline 0.009 -17"><span class='ocrx_word' id='word_1_718' title='bbox 2405 5182 2663 5237; x_wconf 84' lang='lat' dir='ltr'><strong>.Icremias</strong></span> <span class='ocrx_word' id='word_1_719' title='bbox 2692 5184 2800 5238; x_wconf 79' lang='lat' dir='ltr'><strong>ait:</strong></span> <span class='ocrx_word' id='word_1_720' title='bbox 2845 5202 2865 5235; x_wconf 73' lang='grc' dir='ltr'><strong><em>ι</em></strong></span> <span class='ocrx_word' id='word_1_721' title='bbox 2913 5183 3046 5241; x_wconf 87' lang='lat' dir='ltr'><strong>Pars</strong></span> <span class='ocrx_word' id='word_1_722' title='bbox 3083 5202 3232 5251; x_wconf 87' lang='lat' dir='ltr'><strong>mea,</strong></span> <span class='ocrx_word' id='word_1_723' title='bbox 3287 5188 3567 5253; x_wconf 87' lang='lat' dir='ltr'><strong>Dominus,</strong></span> <span class='ocrx_word' id='word_1_724' title='bbox 3616 5190 3755 5246; x_wconf 82' lang='lat' dir='ltr'><strong>dixit</strong></span> <span class='ocrx_word' id='word_1_725' title='bbox 3803 5196 3987 5251; x_wconf 89' lang='lat' dir='ltr'><strong>anima</strong></span> 
     </span>
    </p>
   </div>
   <div class='ocr_carea' id='block_1_97' title="bbox 2409 5268 3988 5349">
    <p class='ocr_par' dir='ltr' id='par_1_97' title="bbox 2409 5268 3988 5349">
     <span class='ocr_line' id='line_1_97' title="bbox 2409 5268 3988 5349; baseline 0.009 -26"><span class='ocrx_word' id='word_1_726' title='bbox 2409 5280 2860 5340; x_wconf 88' lang='lat' dir='ltr'><strong>mea:propterea</strong></span> <span class='ocrx_word' id='word_1_727' title='bbox 2885 5275 3207 5341; x_wconf 79' lang='lat' dir='ltr'><strong>exspectabo</strong></span> <span class='ocrx_word' id='word_1_728' title='bbox 3249 5290 3371 5329; x_wconf 89' lang='lat' dir='ltr'><strong>cum</strong></span> <span class='ocrx_word' id='word_1_729' title='bbox 3418 5276 3633 5345; x_wconf 80' lang='lat' dir='ltr'><strong>(Tltrnt.</strong></span> <span class='ocrx_word' id='word_1_730' title='bbox 3683 5281 3792 5349; x_wconf 88' lang='lat' dir='ltr'><strong>nt).</strong></span> <span class='ocrx_word' id='word_1_731' title='bbox 3845 5302 3865 5333; x_wconf 74' lang='grc' dir='ltr'>ι</span> <span class='ocrx_word' id='word_1_732' title='bbox 3924 5268 3988 5338; x_wconf 81' lang='lat' dir='ltr'><strong>Et</strong></span> 
     </span>
    </p>
   </div>
   <div class='ocr_carea' id='block_1_98' title="bbox 2407 5361 3984 5435">
    <p class='ocr_par' dir='ltr' id='par_1_98' title="bbox 2407 5361 3984 5435">
     <span class='ocr_line' id='line_1_98' title="bbox 2407 5361 3984 5435; baseline 0.01 -22"><span class='ocrx_word' id='word_1_733' title='bbox 2407 5361 2530 5415; x_wconf 86' lang='lat' dir='ltr'><strong>alibi</strong></span> <span class='ocrx_word' id='word_1_734' title='bbox 2574 5363 2713 5416; x_wconf 80' lang='lat' dir='ltr'><strong>Deus</strong></span> <span class='ocrx_word' id='word_1_735' title='bbox 2756 5380 2770 5414; x_wconf 92' lang='lat'><strong>:</strong></span> <span class='ocrx_word' id='word_1_736' title='bbox 2814 5362 2978 5433; x_wconf 88' lang='lat' dir='ltr'><strong>Opus,</strong></span> <span class='ocrx_word' id='word_1_737' title='bbox 3027 5365 3223 5435; x_wconf 90' lang='lat' dir='ltr'><strong>inquit,</strong></span> <span class='ocrx_word' id='word_1_738' title='bbox 3273 5384 3292 5418; x_wconf 72' lang='grc' dir='ltr'>ί</span> <span class='ocrx_word' id='word_1_739' title='bbox 3331 5382 3587 5422; x_wconf 84' lang='lat' dir='ltr'><strong>manuum</strong></span> <span class='ocrx_word' id='word_1_740' title='bbox 3630 5386 3875 5427; x_wconf 84' lang='lat' dir='ltr'><strong>mearum</strong></span> <span class='ocrx_word' id='word_1_741' title='bbox 3928 5384 3984 5429; x_wconf 86' lang='lat' dir='ltr'><strong>tu</strong></span> 
     </span>
    </p>
   </div>
   <div class='ocr_carea' id='block_1_99' title="bbox 2410 5451 3987 5530">
    <p class='ocr_par' dir='ltr' id='par_1_99' title="bbox 2410 5451 3987 5530">
     <span class='ocr_line' id='line_1_99' title="bbox 2410 5451 3987 5530; baseline 0.01 -26"><span class='ocrx_word' id='word_1_742' title='bbox 2410 5464 2491 5513; x_wconf 85' lang='lat' dir='ltr'><strong>es,</strong></span> <span class='ocrx_word' id='word_1_743' title='bbox 2521 5451 2808 5507; x_wconf 65' lang='lat' dir='ltr'><strong>[Hereditas</strong></span> <span class='ocrx_word' id='word_1_744' title='bbox 2837 5468 2952 5507; x_wconf 89' lang='lat' dir='ltr'><strong>mea</strong></span> <span class='ocrx_word' id='word_1_745' title='bbox 2982 5454 3144 5509; x_wconf 88' lang='lat' dir='ltr'><strong>lsrael</strong></span> <span class='ocrx_word' id='word_1_746' title='bbox 3174 5454 3309 5527; x_wconf 79' lang='lat' dir='ltr'><strong>(ha.</strong></span> <span class='ocrx_word' id='word_1_747' title='bbox 3339 5456 3475 5527; x_wconf 73' lang='grc' dir='ltr'><strong>χιι).</strong></span> <span class='ocrx_word' id='word_1_748' title='bbox 3517 5475 3538 5510; x_wconf 72' lang='grc' dir='ltr'><strong><em>ι</em></strong></span> <span class='ocrx_word' id='word_1_749' title='bbox 3571 5457 3629 5513; x_wconf 90' lang='lat' dir='ltr'><strong>Si</strong></span> <span class='ocrx_word' id='word_1_750' title='bbox 3682 5459 3849 5530; x_wconf 87' lang='lat' dir='ltr'><strong>igitur</strong></span> <span class='ocrx_word' id='word_1_751' title='bbox 3876 5462 3987 5519; x_wconf 86' lang='lat' dir='ltr'><strong>cle-</strong></span> 
     </span>
    </p>
   </div>
   <div class='ocr_carea' id='block_1_100' title="bbox 2412 5545 3983 5620">
    <p class='ocr_par' dir='ltr' id='par_1_100' title="bbox 2412 5545 3983 5620">
     <span class='ocr_line' id='line_1_100' title="bbox 2412 5545 3983 5620; baseline 0.006 -21"><span class='ocrx_word' id='word_1_752' title='bbox 2412 5545 2556 5600; x_wconf 88' lang='lat' dir='ltr'><strong>ricus</strong></span> <span class='ocrx_word' id='word_1_753' title='bbox 2584 5546 2674 5600; x_wconf 90' lang='lat' dir='ltr'><strong>Dei</strong></span> <span class='ocrx_word' id='word_1_754' title='bbox 2702 5556 2783 5601; x_wconf 88' lang='lat' dir='ltr'><strong>est</strong></span> <span class='ocrx_word' id='word_1_755' title='bbox 2807 5547 3006 5617; x_wconf 90' lang='lat' dir='ltr'><strong>portio,</strong></span> <span class='ocrx_word' id='word_1_756' title='bbox 3038 5556 3092 5604; x_wconf 92' lang='lat' dir='ltr'><strong>et</strong></span> <span class='ocrx_word' id='word_1_757' title='bbox 3125 5548 3265 5604; x_wconf 85' lang='lat' dir='ltr'><strong>Deus</strong></span> <span class='ocrx_word' id='word_1_758' title='bbox 3297 5551 3474 5619; x_wconf 81' lang='lat' dir='ltr'><strong>portio</strong></span> <span class='ocrx_word' id='word_1_759' title='bbox 3503 5550 3643 5620; x_wconf 80' lang='lat' dir='ltr'><strong>ejus,</strong></span> <span class='ocrx_word' id='word_1_760' title='bbox 3676 5568 3782 5606; x_wconf 91' lang='lat' dir='ltr'><strong>non</strong></span> <span class='ocrx_word' id='word_1_761' title='bbox 3812 5554 3983 5609; x_wconf 86' lang='lat' dir='ltr'><strong>levem</strong></span> 
     </span>
    </p>
   </div>
   <div class='ocr_carea' id='block_1_101' title="bbox 2409 5632 3984 5716">
    <p class='ocr_par' dir='ltr' id='par_1_101' title="bbox 2409 5632 3984 5716">
     <span class='ocr_line' id='line_1_101' title="bbox 2409 5632 3984 5716; baseline 0.008 -28"><span class='ocrx_word' id='word_1_762' title='bbox 2409 5632 2646 5688; x_wconf 80' lang='lat' dir='ltr'><strong>Creatori</strong></span> <span class='ocrx_word' id='word_1_763' title='bbox 2669 5651 2764 5689; x_wconf 89' lang='lat' dir='ltr'><strong>suo</strong></span> <span class='ocrx_word' id='word_1_764' title='bbox 2794 5636 3169 5693; x_wconf 87' lang='lat' dir='ltr'><strong>contumeliam</strong></span> <span class='ocrx_word' id='word_1_765' title='bbox 3200 5640 3413 5694; x_wconf 82' lang='lat' dir='ltr'><strong>videtur</strong></span> <span class='ocrx_word' id='word_1_766' title='bbox 3441 5639 3663 5707; x_wconf 83' lang='lat' dir='ltr'><strong>inferre,</strong></span> <span class='ocrx_word' id='word_1_767' title='bbox 3688 5644 3783 5711; x_wconf 88' lang='lat' dir='ltr'><strong>qtti</strong></span> <span class='ocrx_word' id='word_1_768' title='bbox 3822 5658 3984 5716; x_wconf 84' lang='lat' dir='ltr'><strong>super</strong></span> 
     </span>
    </p>
   </div>
  </div>
