4540 6356
179 375 283 435 505

989 369 1235 427 OPUSC.
1278 368 1466 423 XXVII
1518 397 1587 409 -—
1628 366 1718 422 DE
1746 365 2060 423 COMMUNI
2092 365 2252 421 VITA
2298 363 2621 422 CANONIC.

3334 364 3453 427 506-

180 491 283 545 boc
322 484 606 554 singulare
642 483 897 537 talentum
936 490 1202 535 terrenam
1253 489 1443 535 mstuat
1480 480 1764 548 pecuniam
1796 482 1842 541 Α
1870 479 2037 549 figant
2065 480 2295 534 tentoria
2328 477 2538 549 (Ibid.).
2572 498 2591 530 ι
2628 476 2683 532 Si
2756 476 2901 548 gitur
2935 493 3001 532 ex
3048 488 3315 546 praecepto
3341 478 3448 535 Do-

182 576 491 634 cumulare.
531 572 666 628 Nam
713 580 767 626 et
805 572 855 624 in
901 570 1039 624 libro
1066 570 1281 623 Nmneri
1315 571 1379 631 de
1398 569 1597 623 Levitis
1628 570 1767 622 Deus

181 668 355 737 Moysi
388 664 670 735 praacipit.
707 664 931 717 dicens:
976 679 996 712 ι
1040 660 1218 715 Tolles
1250 661 1464 714 Levitas
1510 660 1638 713 mihi
1671 674 1767 728 pro

181 756 329 813 onmi
366 754 731 825 primogenita
756 753 989 807 ﬁliorum
1024 752 1230 807 Israel:
1272 752 1381 821 Ego
1428 767 1543 805 smn
1590 750 1770 804 Domi-

184 861 325 900 nus:
365 854 423 899 et
462 858 664 915 pecora
711 855 897 896 eorum
942 857 1042 911 pro
1085 840 1350 893 universis
1398 840 1768 909 primogenitis

180 950 446 1007 pecorum
495 934 729 988 ﬁliorum
774 932 939 988 isracl
986 931 1171 999 (Nam.
1220 930 1321 995 ιιι).
1372 950 1389 981 ι
1426 932 1490 984 Et
1532 931 1766 986 iterum:

191 1041 210 1073 ι
251 1022 407 1075 Tolle
442 1020 665 1074 Leritas
703 1034 798 1088 pro
826 1019 1193 1088 primogenitis
1232 1019 1461 1071 ﬁliorum
1492 1018 1675 1078 lsracl,
1716 1028 1771 1071 et

184 1124 382 1177 pecora
411 1108 724 1162 Levitarum
768 1122 869 1176 pro
916 1108 1200 1176 pecoribus
1247 1123 1468 1170 eorum;
1502 1117 1771 1175 eruntque

184 1198 391 1254 Levita:
432 1200 564 1254 mei.
596 1199 708 1268 Ego
740 1214 857 1253 sum
902 1198 1188 1263 Dominus;
1220 1200 1271 1253 in
1303 1200 1584 1267 pneceptis
1640 1200 1772 1252 meis

184 1291 473 1346 ambulent
504 1290 717 1361 (llud).
760 1310 778 1341 ι
824 1289 902 1344 Ac
944 1290 990 1344 si
1040 1290 1375 1349 manifestius
1420 1290 1772 1344 dicat:sicut

178 1394 275 1436 eos
304 1381 434 1435 mihi
468 1381 521 1433 in
550 1381 825 1450 proprium
850 1381 941 1449 jus
964 1381 1270 1449 specialiter
1304 1380 1537 1444 vindico,
1568 1380 1647 1434 sic
1668 1378 1771 1433 mi-

182 1470 239 1525 Ιιί
263 1470 472 1540 iugiter
502 1470 777 1525 deservire
813 1472 1016 1539 absque
1041 1471 1187 1525 omni
1224 1482 1452 1525 terrente
1480 1485 1776 1524 conversa-

184 1547 352 1614 tionis
395 1559 733 1629 subiectione
784 1560 1043 1624 decerno;
1112 1576 1210 1614 nec
1257 1576 1349 1613 eos
1398 1560 1547 1613 velut
1582 1575 1771 1613 servos

180 1647 313 1717 jugo
344 1649 687 1718 negotiorum
721 1648 1056 1702 szecularium
1096 1650 1271 1716 patior
1297 1648 1605 1718 ignobiliter
1638 1648 1772 1701 sub-

182 1736 297 1803 jici,
324 1738 417 1806 qui
448 1738 581 1792 meis
605 1738 877 1806 obsequiis
894 1738 1077 1801 dediti,
1098 1738 1361 1801 libertatis
1385 1738 1628 1807 ingenua:
1648 1745 1774 1791 sunt

190 1827 344 1881 titulo
369 1826 636 1882 decorati.

704 1914 931 1970 CAPUT
966 1914 1254 1969 PRIMUM.

189 2022 346 2089 Quod
389 2025 571 2078 clerici
605 2041 710 2079 non
757 2024 944 2078 habent
991 2028 1354 2094 proprietatem
1391 2043 1600 2092 rerum,
1642 2045 1771 2097 quas

860 2096 1142 2144 possident.

860 2107 1142 2161 possmcul.

259 2185 329 2241 Et
356 2184 655 2240 notandum
680 2184 820 2254 quod
848 2200 952 2238 non
986 2186 1157 2237 solum
1189 2185 1423 2249 Levitas,
1455 2188 1549 2241 sed
1580 2187 1772 2241 levita-

193 2290 311 2327 rum
361 2275 532 2329 etiam
580 2289 775 2343 pecora
827 2276 1083 2328 Dominus
1130 2290 1225 2327 sua
1263 2290 1383 2328 esse
1426 2285 1685 2339 testatur;
1721 2287 1778 2329 ut

195 2368 481 2435 perspicue
512 2367 727 2429 doceat,
760 2366 899 2433 quod
945 2367 975 2419 ii
1015 2370 1103 2433 qui
1146 2368 1525 2422 ecclesiasticis
1565 2384 1671 2421 ma:
1696 2370 1773 2423 ci-

198 2464 396 2521 pautur
431 2456 729 2523 obsequiis,
762 2454 870 2510 Deo
902 2456 1095 2509 debent
1124 2474 1228 2509 non
1260 2459 1414 2511 modo
1442 2473 1551 2511 sua:
1579 2459 1778 2511 seduli-

196 2545 323 2597 tatis
377 2554 433 2598 et
468 2544 669 2597 laboris
698 2544 1040 2612 impendium,
1075 2547 1167 2599 sed
1200 2548 1359 2597 etiam
1392 2548 1775 2615 proprietatem

193 2647 411 2698 quoque
458 2648 669 2695 canum,
703 2648 833 2699 quas
863 2634 1154 2701 possident,
1195 2634 1541 2689 i‘ucuhatum:
1579 2638 1778 2691 sciant-

196 2736 301 2789 que
336 2737 428 2783 sc,
472 2722 635 2775 simul
672 2732 726 2777 et
764 2738 859 2776 sua
896 2722 1035 2790 juris
1084 2739 1201 2777 esse
1244 2741 1347 2779 non
1400 2728 1634 2794 proprii,
1683 2728 1777 2781 sed

196 2809 381 2864 divini.
413 2811 529 2865 Hoc
558 2820 735 2866 autem
765 2821 1002 2881 tempore
1036 2814 1267 2875 clericis,
1290 2818 1431 2883 quos.
1463 2818 1529 2870 de
1559 2818 1779 2884 quibus-

195 2898 317 2952 dam
364 2902 588 2970 loquor,
637 2918 825 2970 parum
870 2905 1111 2966 videtur,
1146 2906 1190 2958 si
1236 2920 1328 2959 sua
1373 2906 1519 2969 Deo,
1553 2908 1780 2961 vivendo

199 2991 514 3052 carnaliter,
562 2993 1056 3053 subtrahant;nisi
1094 2998 1253 3049 ctiam
1296 2995 1361 3050 ab
1403 2996 1780 3053 ecclesiastico

199 3081 593 3144 procurationis
614 3082 854 3136 excubiis
878 3098 973 3151 per
1013 3086 1323 3152 angiportus
1343 3097 1397 3139 et
1416 3089 1777 3142 nundinarum

198 3167 455 3223 stationes
484 3170 778 3224 habitando
802 3172 1072 3226 secedant.
1098 3173 1360 3226 Nimirum
1390 3177 1607 3231 suavius
1632 3178 1778 3245 judi-

198 3266 399 3321 cantcs,
429 3258 474 3312 si
499 3272 801 3327 rauponum
844 3260 1095 3315 tabernas
1118 3262 1392 3327 olfaciant,
1427 3279 1586 3333 quam
1624 3269 1669 3320 si
1701 3270 1783 3321 di-

198 3344 307 3398 vini
333 3346 561 3401 sacrarii
584 3348 821 3416 quotidie
845 3348 1004 3401 limen
1031 3359 1227 3414 terant,
1254 3353 1529 3421 magisque
1552 3355 1783 3409 deiectat

197 3446 288 3486 eos
327 3435 615 3489 textricum
652 3449 898 3505 gyna‘cea
945 3438 1277 3505 conspicere,
1328 3429 1487 3509 quam
1543 3446 1780 3499 eteiestis

199 3524 393 3592 eloquii
462 3526 673 3596 paginis
731 3528 1007 3582 incubare.
1074 3529 1284 3599 Pauper
1340 3533 1499 3601 plane
1562 3535 1780 3590 Samuel

201 3612 249 3679 (1
285 3613 407 3686 Reg.
456 3617 496 3686 ι)
549 3625 673 3685 post
714 3618 1124 3675 ablactationcm
1182 3636 1517 3691 nequaquam
1563 3626 1779 3680 domum

200 3719 319 3758 cum
354 3708 675 3776 parentibus
700 3708 857 3780 513
892 3720 1117 3775 remeat,
1150 3714 1242 3767 sed
1286 3714 1430 3769 circa
1460 3717 1640 3786 templi
1677 3719 1781 3772 mi-

203 3794 483 3851 nisterium
508 3797 717 3867 jugiter
737 3811 1049 3869 perseverat
1097 3801 1354 3869 Joannes,
1385 3812 1442 3858 ut
1477 3806 1781 3862 innocentis

202 3885 321 3940 vita:
356 3887 677 3941 munditiam
712 3898 913 3953 teneat,
947 3892 1013 3943 ad
1060 3892 1357 3960 squalentis
1390 3895 1558 3949 eremi
1590 3895 1782 3950 solitu-

203 3976 379 4031 dinem
399 3987 588 4033 tenera
602 3978 775 4033 adhuc
795 3988 952 4033 :etate
969 3980 1185 4035 festinat
1201 3980 1414 4051 (Matth.
1433 3998 1492 4036 Ill
1507 4000 1522 4049 ;
1540 3983 1711 4037 Marc.
1728 4000 1774 4050 ις

203 4063 327 4121 Luc.
363 4069 477 4135 tu):
526 4066 743 4136 illicque
770 4069 997 4139 gratiam
1028 4072 1354 4139 prophetica
1383 4072 1781 4140 praedicationis

202 4159 425 4228 accepit,
454 4174 619 4229 quam
658 4159 708 4212 in
742 4160 911 4213 turbis
938 4161 1285 4231 pepularibus
1313 4163 1530 4232 degens,
1568 4179 1783 4232 prome-

203 4247 305 4301 reri
338 4264 443 4302 non
478 4248 670 4319 potuit.
713 4247 864 4304 Nunc
900 4261 1077 4305 autem
1105 4261 1344 4318 econtra,
1385 4253 1421 4307 ii
1461 4254 1552 4322 qui
1583 4254 1781 4309 divinis

201 4345 325 4392 sunt
344 4336 682 4392 carremoniis
707 4339 1019 4408 mancipati,
1038 4340 1287 4394 Ecclesia:
1305 4342 1544 4397 sacraria
1573 4353 1780 4399 remota

1869 569 1998 622 mini
2034 568 2235 622 Levita:
2276 578 2456 622 caSIra
2479 583 2577 622 sua
2616 565 2767 633 juxta
2816 566 3222 621 tabernaculum
3256 566 3445 637 figunt,

1867 673 1969 711 nec
2012 658 2265 713 secedere
2297 657 2664 721 tabernaculo,
2711 655 2796 709 vel
2840 655 2982 709 inter
3015 656 3201 710 turbas
3230 650 3447 713 habere

1868 747 2157 817 hoSpitium
2190 749 2616 817 permittuntur;
2656 763 2755 801 cur
2784 763 2929 801 nunc
2952 746 3143 803 clerici
3182 747 3333 814 juxta
3364 746 3444 801 dio

1867 838 2007 891 vina:
2033 838 2437 892 constitutionis
2458 838 2693 891 edictum
2727 838 3060 892 abhorreant
3087 836 3227 907 apud
3257 836 3445 890 Eccle-

1869 928 2005 990 siam
2056 930 2274 997 degere,
2303 939 2357 982 ut
2393 928 2799 997 tantoJiberius
2818 970 2833 993 ,
2863 938 3068 997 quanto
3097 927 3333 997 quietius
3357 967 3372 991 ,
3395 928 3449 982 in

1870 1019 2010 1074 sacri
2031 1020 2225 1089 eloquii
2267 1020 2481 1073 valeant
2509 1020 2862 1073 meditatione
2896 1019 3129 1073 vacare?
3160 1026 3216 1072 et
3258 1017 3448 1072 Saltem

1869 1107 1971 1161 hoc
2021 1116 2274 1176 praistent
2322 1108 2622 1171 Ecclesim,
2671 1122 2832 1175 quam
2884 1106 3211 1175 evangelica:
3266 1107 3454 1177 gratia:

1869 1197 2122 1266 Splendor
2152 1196 2407 1261 illustrat,
2438 1198 2580 1264 quod
2621 1196 2693 1249 illi
2731 1195 3045 1250 deferebant
3076 1192 3449 1256 tabernaculo,

1870 1288 2011 1357 quod
2052 1289 2153 1343 sub
2194 1288 2512 1357 ignorantia:
2575 1287 2811 1341 tenebris
2861 1285 3208 1355 aenigmatum
3270 1283 3457 1353 ﬁgura:

1872 1377 2139 1431 vetabant.
2175 1376 2241 1431 Et
2289 1385 2438 1431 certe
2476 1375 2635 1429 valde
2681 1383 3075 1443 praeposterum
3120 1383 3227 1438 est,
3265 1371 3313 1426 si
3361 1369 3457 1424 illa

1873 1485 2015 1523 nunc
2056 1470 2353 1538 denegetur
2383 1468 2687 1522 reverentia
2709 1465 2949 1529 veritati,
2979 1478 3099 1534 qua:
3125 1473 3252 1517 tunc
3269 1461 3460 1517 adum-

1870 1559 2040 1612 bram:
2070 1558 2413 1613 deferebatur
2466 1558 2706 1629 imagini.
2748 1556 2882 1611 Nam
2911 1557 3055 1625 quod
3105 1554 3234 1609 illud
3273 1553 3457 1607 taber-

1874 1651 2125 1703 naculum
2152 1665 2258 1704 non
2289 1651 2399 1718 ipsa
2430 1652 2651 1712 veritas,
2686 1649 2779 1702 sed
2813 1648 2990 1716 potius
3016 1645 3178 1699 fuerit
3206 1642 3458 1697 veritatis

1873 1740 2170 1807 exemplar,
2209 1749 2437 1794 testatur
2483 1739 2763 1799 Dominus.
2792 1739 2920 1793 dum
2972 1731 3407 1805 prmcipitMoysi
3441 1748 3457 1785 :

1804 1805 1846 1863 Β
1881 1850 1899 1881 ι
1940 1805 2092 1893 Vide,
2139 1805 2328 1899 inquit.
2366 1832 2549 1886 omnia
2602 1830 2768 1883 facito
2818 1829 3120 1895 secundum
3175 1822 3320 1893 quod
3364 1820 3461 1877 tibi

1872 1929 2229 1973 monstratum
2254 1928 2336 1972 est
2366 1921 2418 1972 in
2452 1930 2633 1972 monte
2657 1918 2857 1988 (Exod.
2888 1932 3025 1981 xxv;
3060 1915 3222 1969 Hebr.
3254 1912 3395 1984 vttt).
3435 1929 3455 1963 ι

1872 2014 2024 2077 Quod
2076 2028 2204 2080 ergo
2256 2011 2465 2081 Moyses
2518 2012 2652 2063 vidit
2704 2010 2755 2063 in
2798 2021 3000 2069 monte,
3028 2007 3230 2059 veritas
3274 2012 3462 2057 nostra

1876 2101 2008 2161 fuit;
2049 2101 2189 2167 quod
2216 2100 2477 2153 lsraelitis
2520 2098 2928 2151 tabernaculum
2974 2094 3125 2156 fecit,
3156 2093 3334 2163 imago
3363 2089 3467 2144 fuit

1877 2191 2252 2244 tantummodo
2308 2190 2575 2243 veritatis.
2642 2189 2873 2242 Ministri
2946 2198 3075 2241 tunc
3129 2180 3468 2238 tabernaculi

1876 2281 2231 2334 comedebant
2279 2297 2472 2331 manna
2507 2279 2893 2348 proculdubio
2943 2277 3225 2331 morituri:
3277 2275 3329 2328 in
3361 2272 3467 2327 Ec-

1878 2374 2042 2425 clesia
2072 2388 2198 2423 vero
2227 2372 2427 2424 Christi
2455 2380 2793 2423 sacramenta
2820 2368 3178 2440 percipimus,
3222 2366 3275 2419 in
3306 2372 3469 2419 mter-

1880 2464 2049 2516 nitate
2091 2463 2305 2514 victuri.
2337 2461 2411 2513 De
2440 2476 2543 2528 qua
2586 2460 2840 2513 videlicet
2874 2459 3116 2512 Ecclesia
3150 2457 3281 2511 dicit
3331 2456 3473 2508 Pau-

1880 2551 1999 2604 lus:
2034 2571 2050 2603 ι
2092 2551 2229 2617 Quia
2274 2560 2353 2604 est
2408 2548 2817 2603 tabcruumtlum
2871 2562 3106 2611 verum,
3159 2545 3301 2616 quod
3354 2544 3474 2597 fixit

1881 2649 2057 2709 Deus,
2103 2655 2157 2697 et
2212 2661 2315 2697 non
2352 2645 2510 2696 homo
2567 2640 2753 2711 (Hebr.
2816 2639 2963 2708 vm).
3003 2658 3020 2689 ι
3065 2637 3235 2691 Porro
3288 2645 3469 2688 autem

1882 2738 2137 2805 templum
2165 2736 2472 2790 Salomonis
2506 2748 2666 2803 quam
2694 2732 2874 2801 juges,
2905 2744 3176 2798 quamque
3206 2725 3472 2781 sollicitas

1881 2827 2253 2879 ministrorum
2302 2823 2558 2878 habuisse
2610 2820 2822 2891 legatur
2875 2818 3157 2877 excubias,
3196 2815 3323 2885 quia
3374 2829 3473 2868 vos

1883 2918 2133 2986 ignorare
2184 2930 2289 2969 non
2336 2914 2630 2971 credimus,
2669 2909 2915 2964 scribere
2966 2906 3297 2975 superﬂuum
3327 2905 3473 2973 judi-

1886 3022 2090 3059 camus.
2143 3005 2273 3071 Quis
2306 3005 2448 3057 enim
2502 3003 2630 3056 illud
2662 3002 2969 3071 praesertim
3015 2990 3138 3054 libri
3190 2995 3469 3065 Paralipo-

1887 3112 2081 3149 menon
2123 3096 2403 3165 perspicuc
2432 3108 2536 3146 non
2568 3092 2851 3153 advertat,
2884 3090 3009 3159 quia
3039 3086 3323 3141 constituit
3373 3084 3473 3135 Sa-

1886 3188 2064 3241 lomon
2096 3188 2250 3255 juxta
2300 3186 2708 3255 dispositionem
2762 3183 2936 3252 patris
2982 3180 3063 3235 sui
3095 3176 3264 3232 David
3297 3176 3470 3229 oﬂicia

1882 3279 2224 3332 sacerdotum
2260 3278 2312 3330 in
2342 3276 2659 3329 ministeriis
2687 3275 2822 3339 suis,
2867 3282 2923 3327 ct
2950 3271 3168 3326 Levitas
3200 3270 3255 3323 in
3278 3267 3472 3321 ordine

1883 3384 2003 3432 suo,
2052 3380 2109 3423 ut
2148 3369 2434 3421 laudarent
2498 3375 2554 3420 et
2614 3364 2998 3419 ministrarent
3044 3373 3231 3415 coram
3281 3370 3467 3410 sacer-

1884 3459 2101 3512 dotibus
2132 3458 2283 3525 juxta
2331 3456 2493 3508 ritum
2537 3452 2970 3521 uniuscujusque
2996 3447 3103 3503 diei
3130 3489 3145 3512 ,
3185 3455 3240 3501 et
3266 3444 3471 3513 janito-

1885 3564 1972 3601 res
2012 3549 2064 3600 in
2105 3545 2465 3600 divisionibus
2494 3544 2607 3597 suis
2629 3557 2726 3612 per
2755 3550 2992 3612 portam,
3024 3548 3081 3592 et
3110 3536 3357 3607 portam?
3380 3531 3466 3605 (11

1886 3635 2069 3689 Ρηναι.
2093 3635 2236 3703 VIII.)

2397 3719 2562 3791 515
2597 3717 2827 3775 CAPUT
2866 3716 2929 3772 ιι.

1885 3835 2037 3901 Quod
2076 3836 2122 3889 is
2160 3843 2379 3906 nequeat
2417 3834 2521 3887 dici
2575 3832 2892 3955 τῗηῳιὶειιε,
2930 3828 3022 3900 qui
3074 3842 3181 3882 non
3214 3827 3283 3881 sit
3318 3840 3473 3896 regu-

2626 3919 2753 3955 am.

2626 3919 2753 3957 am.

1957 3995 2014 4049 Si
2056 3995 2219 4064 igitur
2248 3993 2344 4061 illi,
2377 3993 2467 4063 qui
2502 4008 2568 4048 cx
2608 3991 2863 4047 mandato
2908 3989 3045 4058 legis
3092 3982 3471 4054 conjugalibns

1882 4094 2039 4138 erant
2067 4082 2274 4152 copulis
2320 4082 2587 4152 obligati,
2642 4091 2804 4136 tanta:
2845 4077 3155 4134 sedulitatis
3205 4074 3469 4131 excubias

1883 4174 1997 4224 suis
2028 4170 2356 4225 sanctuariis
2382 4170 2747 4233 exhibebant;
2798 4166 2929 4236 quid
2967 4161 3124 4218 'nunc
3154 4162 3465 4218 facicmlum

1882 4269 1967 4313 est
1991 4260 2225 4317 clericis.
2247 4260 2338 4329 qui
2369 4259 2621 4313 videlicet
2648 4258 2917 4313 castitatis
2942 4254 3207 4310 munditia
3232 4252 3470 4323 prmditi,

1883 4363 1913 4402 a
1941 4348 2153 4402 cunctis
2178 4356 2307 4402 sunt
2336 4348 2574 4403 carnalis
2594 4347 2912 4402 commercii
2940 4344 3173 4401 vinculis
3203 4343 3474 4399 absoluti?

202 4434 577 4490 contemnunt,
624 4424 869 4524 habitare
903 4442 1030 4481 vero
1069 4427 1210 4483 inter
1245 4427 1474 4485 forensis
1522 4432 1779 4501 strepitus
1803 4464 1856 4524 Ι)
1885 4418 2051 4495 Plane
2074 4453 2183 4509 quo
2213 4447 2376 4509 pacto
2402 4438 2525 4508 quis
2552 4439 2729 4495 valeat
2758 4438 2865 4493 dici
2899 4437 3218 4501 canonicos,
3263 4436 3366 4491 nisi
3397 4436 3471 4491 sit

201 4528 478 4569 murmura
501 4514 910 4583 concupiscunt.

269 4606 377 4662 Sed
420 4607 707 4662 audiamus
732 4607 858 4674 quid
887 4608 951 4660 de
986 4608 1250 4662 metandis
1275 4608 1557 4664 levitarum
1586 4612 1782 4667 castris

202 4698 497 4752 auctoritas
523 4696 707 4752 divina
757 4698 1053 4766 praecipiat,
1101 4699 1290 4768 sicque
1340 4717 1627 4770 possumus
1653 4702 1777 4772 jure

198 4788 553 4857 perpendere,
574 4786 665 4841 ubi
688 4788 1021 4856 potissimum
1049 4789 1231 4844 clerici
1257 4782 1489 4847 debeant
1511 4792 1773 4848 habitare.

202 4892 221 4926 ι
260 4875 506 4945 Tribum,
535 4877 736 4946 inquit,
766 4877 890 4933 Levi
919 4878 1025 4932 noli
1048 4882 1358 4945 numerare,
1387 4897 1563 4951 neque
1584 4898 1773 4954 pones,

199 4979 463 5027 summam
488 4983 680 5026 eorum
710 4983 831 5022 cum
870 4968 992 5024 tiliis
1024 4969 1225 5036 lsraei;
1253 4972 1347 5026 sed
1382 4973 1653 5028 constitue
1682 4990 1777 5029 eos

197 5068 359 5123 super
384 5056 795 5112 tabernaculum
823 5059 1137 5124 testimonii,
1165 5069 1219 5114 et
1257 5071 1449 5115 cuncta
1483 5078 1607 5117 vasa
1638 5063 1773 5131 ejus,

199 5153 252 5196 et
276 5146 537 5216 quidquid
569 5145 637 5199 ad
659 5148 1007 5202 cmremonias
1038 5151 1267 5218 pertinet
1296 5169 1308 5203 :
1351 5150 1451 5220 ipsi
1483 5154 1778 5221 portabunt

202 5230 611 5291 tabernaculum
637 5246 693 5291 et
713 5238 894 5291 omnia
938 5240 1185 5293 utensilia
1210 5240 1345 5309 ejus,
1376 5249 1432 5295 et
1465 5242 1572 5296 erit
1594 5243 1647 5296 in
1672 5244 1773 5298 mi-

203 5325 442 5393 nisterio,
459 5342 526 5383 ac
546 5343 643 5397 per
660 5343 847 5398 gyrum
868 5328 1195 5385 tabernaculi
1222 5331 1566 5387 metabuntur
1580 5332 1770 5405 (Num.

206 5414 277 5482 ι).
315 5432 334 5465 ι
374 5416 440 5471 Et
462 5415 626 5486 paulo
660 5422 812 5484 post,
852 5431 974 5471 cum
1002 5419 1353 5486 prmmisisset
1386 5437 1399 5473 :
1438 5439 1456 5473 ι
1500 5421 1772 5477 Metabun-

206 5510 291 5557 tur
314 5514 494 5561 autem
517 5513 697 5560 castra
727 5504 821 5558 lilii
852 5505 1015 5561 lsrael
1038 5508 1409 5579 unusquisque
1428 5524 1527 5579 per
1550 5520 1774 5577 turmas,

207 5601 259 5647 et
284 5608 505 5662 cuneos,
534 5604 701 5666 atque
727 5596 1022 5652 exercitum
1067 5613 1220 5653 suum
1253 5598 1481 5668 (lbid.):
1518 5620 1537 5652 ι
1581 5614 1777 5673 pra-sto

209 5684 515 5756 subjunxit:
554 5706 573 5738 ι
621 5686 788 5743 Porro
835 5687 1031 5745 Levitrr
1073 5704 1170 5760 per
1220 5706 1410 5761 gyrum
1446 5694 1775 5752 tabernaculi

1883 4530 2182 4603 regularis?
2232 4530 2505 4599 quomodo
2547 4530 2863 4594 monachus,
2897 4530 2999 4585 nisi
3033 4529 3188 4600 juxta
3218 4528 3330 4582 vim
3379 4528 3469 4583 sui

1882 4621 2120 4677 nominis
2156 4620 2228 4676 sit
2257 4621 2421 4676 etiam
2464 4621 2787 4693 singularis?
2822 4621 3022 4675 Volunt
3066 4619 3337 4689 siquidem
3373 4632 3469 4673 ca-

1879 4714 2157 4779 nonicum,
2188 4712 2291 4769 hoc
2311 4723 2416 4778 est,
2447 4714 2701 4785 regulare
2740 4728 2936 4769 nomen
2986 4713 3208 4775 habere,
3236 4711 3330 4766 sed
3358 4724 3468 4765 non

1880 4802 2206 4873 regulariter
2254 4804 2461 4860 vivere.
2522 4805 2785 4859 Ambiunt
2836 4801 3147 4858 conuuunia
3209 4800 3469 4855 Ecclesia:

1880 4894 2024 4949 bona
2054 4893 2313 4955 dividere,
2364 4904 2730 4963 aspernantur
2776 4903 2956 4948 autem
2990 4894 3129 4961 apud
3166 4890 3465 4947 Ecclesium

1880 4984 2241 5038 communiter
2271 4998 2331 5038 se
2357 4983 2583 5039 habere.
2620 4984 2913 5037 Enimvero
2942 4998 3047 5036 non
3076 4990 3161 5035 est
3206 4981 3323 5035 haec
3352 4979 3466 5049 pri-

1881 5072 2078 5126 tuitiva:
2114 5071 2371 5125 Ecclesia:
2420 5070 2614 5138 forma,
2673 5072 2807 5126 satis
2855 5071 3128 5127 exorbitat
3182 5070 3250 5123 ab
3305 5070 3464 5123 insti-

1881 5162 2105 5217 tutionis
2128 5162 2435 5231 apostolica:
2464 5163 2752 5233 disciplina
2784 5178 2799 5215 :
2832 5162 3034 5231 quibus
3055 5161 3318 5215 nimirum
3345 5166 3464 5212 (ξι-αι

1884 5264 1983 5303 ror
2014 5265 2199 5311 unum,
2230 5260 2287 5304 et
2334 5250 2514 5303 anima
2545 5266 2676 5314 una,
2720 5260 2776 5305 et
2817 5251 3124 5305 vendebant
3173 5264 3334 5317 agros
3362 5262 3459 5316 ρο·

1884 5339 2193 5406 nebantque
2222 5339 2392 5407 pretia
2421 5338 2488 5392 ad
2519 5340 2686 5408 pedes
2720 5340 3111 5409 apostolorum,
3146 5347 3205 5393 et
3249 5337 3462 5392 divide-

1884 5427 2016 5482 bant
2042 5428 2271 5499 singulis
2298 5438 2458 5499 prout
2478 5432 2674 5501 cuique
2696 5446 2834 5500 opus
2858 5440 2979 5486 erat
3007 5446 3144 5485 :nec
3166 5428 3459 5498 quisquam

1881 5537 2093 5586 eorum,
2123 5538 2245 5592 qua:
2291 5524 2627 5593 possidebat,
2655 5522 2861 5592 aliquid
2900 5537 3056 5578 suum
3082 5534 3202 5576 esse
3226 5520 3462 5583 dicebat,

1883 5615 1977 5668 sed
2004 5622 2159 5668 erant
2187 5614 2290 5670 illis
2319 5616 2500 5671 omnia
2526 5613 2838 5671 communia
2872 5613 3009 5685 (Act.
3038 5612 3120 5683 ιι).
3152 5610 3222 5665 At
3244 5617 3458 5672 contra,

1886 5703 2025 5757 ﬁlius
2063 5704 2319 5775 prodigus
2357 5706 2496 5760 dixit
2530 5704 2713 5774 patri:
2751 5721 2769 5755 ι
2811 5702 2885 5757 Da
2929 5702 3061 5759 mihi
3110 5702 3417 5773 portionem
3441 5737 3457 5763 .
