5664 6652
14 6363 956 6652 Ξ

2239 478 2363 545 δοτῖ

115 11 128 16 -
283 1 324 14 -ιε
407 1 1376 24 ...-—-—_____

149 33 214 54 ""--
283 55 294 58 _

2687 494 2743 550 s.
2774 492 2983 548 PETRI
3025 453 3304 546 pinum
3344 485 3495 544 ore.
3535 477 3769 540 renus
3802 471 3931 530 seu
3962 470 4146 527 mas
4172 467 4257 524 ιιι.
4284 497 4353 508 -
4384 460 4746 520 OPUSCULA
4787 454 5014 513 vanu.

2235 623 2349 670 αηπτ
2375 628 2461 666 me
2486 607 2774 678 contingit;
2811 579 2901 660 net
2923 606 3000 659 sic
3026 603 3303 671 dissipavit
3333 600 3511 656 omnia
3535 597 3672 653 bona
3699 606 3796 647 sua
3825 592 3871 649 Δ
3903 568 3993 678 ρει
4016 581 4384 678 infimiin“:
4423 579 4475 632 ίη
4653 581 4831 678 ξιξ-πεί
4869 569 5010 678 μσς
5155 566 5457 678 Effugit

2238 713 2358 756 cum
2394 697 2781 754 meretricibus.
2838 695 2933 749 ilic
2965 691 3209 763 profecto
3259 692 3556 745 electorum
3610 700 3797 755 repro—

2238 793 2533 858 burumque
2562 787 2717 840 linea:
2767 785 3168 845 discernuntur,
3217 783 3340 852 quia
3396 777 3811 846 nimirum'jsti,

2235 895 2353 946 qua:
2397 878 2500 932 sibi
2532 886 2658 931 sunt
2704 874 2938 946 propria,
2988 872 3226 941 gaudent
3275 885 3395 925 cum
3441 867 3563 922 aliis
3598 865 3800 922 habere

2236 965 2581 1031 communia;
2625 964 2697 1018 illi
2749 974 2926 1017 autem
2977 963 3120 1016 sicut
3171 977 3199 1014 a
3253 958 3534 1015 charitatis
3595 957 3800 1027 glutino

2234 1059 2490 1113 scindunt
2517 1065 2738 1119 mentes,
2776 1057 2849 1109 ita
2883 1055 3232 1117 nihilominus
3278 1065 3594 1106 communes
3624 1066 3653 1103 a
3687 1049 3799 1104 l‘ra-

2240 1146 2409 1200 tribus
2438 1145 2683 1200 dividunt
2711 1145 3017 1199 facultates.
3053 1143 3150 1198 Ubi
3187 1157 3313 1197 vero
3353 1141 3549 1196 divisio
3595 1155 3802 1204 rerum,

2234 1235 2306 1289 ibi
2340 1236 2526 1305 procul
2562 1235 2726 1290 dubio
2758 1251 2860 1289 non
2889 1244 2970 1288 est
2993 1235 3171 1286 unitas
3203 1233 3528 1288 animorum.
3551 1232 3801 1288 Charitas

2235 1327 2435 1396 quippe
2479 1323 2907 1381 communionem
2957 1325 3128 1390 facit;
3172 1325 3402 1378 avaritia
3457 1325 3796 1378 divisionem.

2236 1418 2389 1474 Unde
2441 1429 2492 1472 et
2538 1419 2709 1472 Lucas
2759 1419 2932 1471 dicit:
2979 1436 2997 1467 ‹
3036 1420 3126 1472 Ait
3187 1419 3406 1490 quidam
3453 1419 3519 1473 de
3549 1421 3702 1473 turba
3731 1419 3801 1473 ad

2237 1509 2418 1563 Jesum
2473 1509 2600 1577 (non
2648 1510 2715 1562 de
2743 1509 2952 1575 magnis
2977 1509 3210 1571 scilicet.
3246 1510 3338 1564 sed
3376 1511 3444 1564 de
3474 1510 3627 1565 turba
3657 1518 3801 1574 erat,

2231 1601 2357 1668 quia
2425 1599 2638 1654 fetentis
2695 1601 2937 1665 avaritia:
2995 1601 3248 1670 squalore
3299 1601 3635 1671 sordebat):
3690 1602 3803 1656 Ma-

2229 1681 2414 1757 gister,
2442 1690 2632 1756 inquit,
2664 1691 2751 1744 dic
2783 1689 2935 1745 fratri
2963 1708 3102 1753 meo,
3130 1701 3188 1745 ut
3220 1693 3420 1746 dividat
3451 1708 3660 1746 mecum
3685 1695 3797 1747 bae-

2232 1779 2531 1842 redita'ietn.
2572 1799 2589 1830 ›
2625 1779 2868 1848 Cumque
2911 1781 3276 1850 respondisset
3328 1799 3340 1833 :
3381 1800 3398 1830 ι
3450 1780 3644 1843 Homo,
3679 1782 3800 1849 quis

2235 1883 2318 1921 me
2363 1868 2902 1940 constituitjudicem
2965 1877 3018 1921 et
3061 1869 3349 1922 divisorem
3400 1868 3543 1922 inter
3600 1870 3729 1924 vos?
3774 1888 3790 1918 ι

2231 1961 2474 2027 protinus
2505 1959 2828 2022 intulit-liis,
2866 1960 2955 2028 qui
2988 1960 3276 2014 astabant:
3312 1979 3330 2010 ι
3363 1960 3567 2021 Videte,
3614 1969 3669 2015 et
3702 1977 3795 2014 ca-

2232 2059 2350 2103 vete
2377 2052 2442 2102 ab
2465 2051 2606 2102 oumi
2628 2051 3022 2118 ,avaritia,quia
3052 2067 3155 2104 non
3188 2051 3239 2103 in
3262 2050 3589 2107 abundantia
3621 2053 3790 2121 cujus-

2234 2157 2397 2210 quam
2427 2143 2537 2196 vita
2585 2143 2701 2210 ejus
2726 2152 2806 2195 est
2829 2157 2890 2223 ex
2924 2143 3006 2195 his
3030 2157 3148 2210 quae
3181 2143 3419 2212 possidet
3444 2143 3594 2212 (Luc.
3619 2145 3738 2211 xu).
3774 2164 3792 2195 ›

2235 2234 2441 2302 Quibus
2489 2237 2729 2306 profecto
2772 2237 2951 2292 verbis
2989 2247 3238 2306 patenter
3289 2237 3504 2290 Veritas
3553 2236 3797 2300 indicat,

2231 2326 2361 2393 quia
2404 2327 2642 2380 nonnulli
2669 2327 2866 2379 idcirco
2897 2327 3136 2379 dividere
3171 2326 3475 2380 communia
3509 2327 3793 2392 gestiunt;

2235 2415 2363 2482 quia
2415 2414 2722 2483 cupiditatis
2764 2425 2818 2468 et
2872 2416 3113 2469 avaritia:
3168 2415 3378 2468 facibus
3427 2418 3796 2470 inardescunt.

2229 2500 2470 2574 Ananias
2497 2510 2550 2554 et
2599 2502 2857 2572 Saphira,
2890 2520 2992 2558 non
3023 2505 3146 2572 quia
3183 2507 3491 2559 communia
3530 2505 3798 2569 dividunt,

2229 2594 2324 2645 sed
2352 2592 2602 2660 quoniam
2628 2602 2893 2647 retentum
2922 2595 3123 2663 aliquid
3156 2596 3219 2648 de
3254 2597 3486 2664 propriis
3515 2610 3799 2648 commune

2235 2698 2340 2756 non
2385 2684 2614 2746 faciunt,
2657 2700 2933 2752 corporeae
2974 2686 3165 2740 mortis
3194 2687 3460 2740 sententia
3499 2687 3802 2754 percellim-

2233 2785 2320 2827 tur
2347 2774 2480 2843 (Act.
2533 2777 2603 2843 v).
2637 2775 2801 2828 Judas
2831 2777 2957 2842 quia
3007 2791 3111 2827 non
3160 2775 3260 2827 fuit
3291 2778 3636 2830 denariorum
3674 2793 3796 2830 cum

2227 2865 2437 2917 cmteris
2469 2866 2842 2918 communione
2870 2874 3174 2928 contentus,
3218 2865 3269 2918 iu
3299 2866 3606 2920 traditionis
3635 2883 3794 2922 vora-

2229 2956 2403 3023 ginem
2438 2970 2718 3018 corruens,
2746 2954 2810 3008 de
2839 2956 3217 3010 communione
3242 2957 3435 3010 cecidit
3463 2958 3799 3027 apostolatus

2233 3042 2449 3112 (Matth.
2498 3061 2653 3107 xxvi;
2700 3044 2824 3098 Luc.
2871 3061 3014 3109 xxii;
3056 3045 3214 3099 Joau.
3257 3047 3398 3110 xm).
3469 3046 3565 3098 Lot
3625 3047 3802 3100 dimit-

2235 3144 2353 3207 tens
2373 3134 2600 3188 Abraha:
2629 3135 2906 3203 dispertita
2930 3138 3265 3202 possessione
3285 3138 3633 3202 consortium,
3652 3139 3799 3192 duris

2232 3225 2436 3280 servire
2469 3225 2807 3294 compellitur
2846 3227 3074 3280 vinculis
3103 3226 3454 3280 barbarorum
3498 3228 3647 3296 (Gen.
3677 3242 3772 3281 xm

2234 3313 2367 3380 κη).
2384 3313 2524 3366 Esau
2564 3316 2986 3369 vcnandistudio
3007 3303 3106 3383 per
3123 3316 3351 3368 saltuum
3391 3317 3553 3369 lustra
3587 3317 3795 3369 discur-

2233 3418 2379 3468 rens,
2416 3405 2769 3474 primogenita
2798 3406 3031 3473 perdidit
3070 3403 3220 3473 (Gen.
3252 3408 3326 3474 v).
3347 3404 3512 3459 Jacob
3538 3405 3798 3474 simplici—

2233 3505 2314 3549 ter
2338 3497 2390 3549 in
2428 3498 2783 3553 tabernaculis
2832 3483 3091 3563 residens,
3140 3499 3526 3568 plenitudinem
3560 3508 3799 3567 paterna

2233 3585 2624 3644 benedictionis
2653 3590 2860 3659 accepit
2895 3590 3103 3660 (Ibid.).

2741 3698 2898 3769 515
2937 3699 3159 3753 CAPUT
3196 3698 3280 3752 ιιι.

2233 3793 2390 3864 Quod
2437 3799 2677 3854 monachi
2727 3801 3104 3866 discurrentes,
3156 3819 3258 3855 non
3313 3802 3555 3856 monachi
3594 3803 3800 3857 dicendi

2720 3882 2837 3924 sunt
2852 3911 2865 3930 ,
2916 3872 3006 3924 sed
3040 3873 3303 3941 gyrooagi.

2307 3967 2360 4021 in
2389 3964 2712 4025 monachico
2756 3985 2886 4026 sane
2919 3972 3127 4039 ordine,
3156 3988 3290 4042 quos
3330 3974 3386 4029 in
3414 3973 3669 4030 claustris
3697 3976 3798 4031 sub

2237 4057 2447 4110 abbatis
2483 4059 2709 4126 imperio
2759 4059 3078 4127 regulariter
3128 4077 3348 4116 manere
3393 4064 3798 4133 conspicimus,

2233 4158 2630 4217 consequenter.
2673 4150 2855 4219 utique
2910 4152 3202 4223 monachos
3249 4153 3623 4222 appellamus:
3664 4169 3801 4222 quos

2234 4247 2415 4290 autem
2443 4239 2714 4306 proprium
2729 4279 2732 4282 .
2748 4241 3037 4306 possidere,
3059 4241 3425 4306 indifferenter
3445 4243 3550 4297 huc
3572 4243 3803 4312 illucque

2235 4325 2561 4392 discurrere,
2587 4327 2790 4382 solutos
2845 4329 3051 4398 legibus
3077 4330 3228 4396 iuxta
3255 4333 3489 4401 propria:
3512 4332 3802 4398 voluntatis

2239 4417 2519 4471 arbitrium
2549 4417 2786 4473 diﬂiuere
2805 4421 3096 4485 cernimus,
3125 4436 3232 4476 non
3274 4423 3681 4490 monachorum,
3707 4424 3801 4480 sed

2239 4521 2632 4576 gyrovagorum
2668 4509 2865 4576 potius,
2885 4511 2968 4563 vel
3001 4509 3401 4566 Sarabaitarum
3426 4513 3619 4584 dignos
3644 4530 3802 4570 voca-

3903 671 4284 744 improhandus
4315 676 4417 729 est,
4438 667 4528 736 qui
4556 662 4753 720 excidit
4776 678 4804 716 a
4835 659 5122 724 charitate,
5163 671 5324 727 quam
5369 657 5455 726 qui

3900 770 4097 818 errata
4128 760 4248 812 tide.
4283 756 4339 811 Si
4388 756 4512 824 quis
4543 753 4686 807 enim
4736 758 4900 805 totam
4933 749 5102 818 legem
5146 747 5459 801 observave-

3902 854 3993 915 rit,
4026 850 4257 904 oti’endat
4304 855 4484 898 autem
4541 844 4591 895 in
4639 855 4763 904 uno,
4796 840 4896 892 hoc
4942 845 5042 900 est,
5074 836 5128 890 in
5172 834 5449 896 charitate,

3903 942 4075 996 factus
4111 947 4192 992 est
4220 938 4460 989 omnium
4498 948 4620 986 reus
4650 945 4664 983 :
4699 945 4761 982 ac
4791 943 4888 997 per
4915 928 5014 980 hoc
5039 925 5198 978 etiam
5231 920 5459 991 perﬁdia

3900 1032 4159 1102 probatur
4202 1025 4488 1079 obnoxius.
4524 1022 4693 1076 Plane
4713 1020 4756 1073 si
4786 1019 4935 1087 juxta
4965 1014 5108 1092 Petri
5134 1027 5315 1066 vocem
5345 1009 5457 1064 dia-

3899 1119 4074 1184 bolus,
4109 1127 4364 1184 tanquam
4395 1112 4479 1166 leo
4530 1110 4748 1179 rugiens
4780 1103 4976 1158 circuit
5021 1114 5267 1170 qutereus
5303 1112 5456 1166 quem

3899 1211 4117 1264 devoret
4163 1207 4210 1277 (1
4244 1204 4389 1260 Patr.
4423 1207 4519 1274 v);
4561 1204 4652 1273 qui
4699 1197 4937 1254 fraterni
4978 1193 5231 1250 consortii
5284 1189 5460 1244 caulas

3898 1294 4122 1364 deserit,
4167 1297 4445 1350 ultroneus
4473 1308 4531 1347 se
4569 1298 4810 1344 cruenta:
4843 1284 5033 1341 bellum
5067 1280 5330 1336 morsibus
5358 1289 5462 1332 tra-

3900 1387 3994 1442 dit.
4041 1385 4241 1439 Bucula
4297 1398 4531 1452 namque
4564 1382 4616 1434 in
4664 1387 4910 1432 armento
4961 1386 5324 1442 compasceus,
5355 1369 5459 1438 lupi

3900 1492 4004 1531 non
4037 1477 4187 1529 timet
4233 1475 4540 1536 incursum;
4573 1485 4696 1524 cum
4741 1483 4872 1522 vero
4914 1463 5149 1534 solivaga
5196 1460 5462 1530 praesumit

3900 1567 4156 1620 silvarum
4207 1563 4376 1617 lustra
4423 1573 4783 1629 percurrere,
4837 1554 5073 1610 ferarum
5131 1547 5463 1618 compellitur

3901 1656 4187 1726 ingluviem
4222 1655 4445 1709 satiare.
4472 1649 4774 1704 Turmatim
4817 1659 5038 1701 anseres
5064 1641 5346 1696 volitantes
5379 1652 5464 1692 ac-

3899 1747 4146 1812 cipitrem
4199 1741 4638 1812 parvipcntlunt;
4693 1735 4982 1804 aliquando
5046 1731 5135 1800 qui
5195 1727 5462 1790 defuerit,

3902 1848 4074 1888 rostro
4103 1833 4396 1902 perfossus,
4444 1847 4506 1884 ex
4557 1828 4822 1899 unguibus
4855 1841 4957 1879 non
4997 1823 5196 1877 evadit.
5242 1820 5384 1888 Apes
5412 1821 5460 1872 in

3830 1928 3873 1987 Β
3901 1927 4148 1980 alveariis
4171 1933 4510 1994 congregatae
4539 1920 4938 1978 meliiilcant.et
4961 1914 5192 1985 quandiu
5222 1913 5272 1964 in
5303 1923 5461 1965 unum

3900 2027 4133 2078 coeunt,
4186 2031 4252 2069 ex
4309 2025 4498 2068 eorum
4545 2010 4820 2064 laboribus
4871 2006 5054 2061 dulces
5098 2004 5203 2057 favi
5251 2002 5463 2070 regibus

3897 2113 4278 2173 apponuntur:
4311 2111 4364 2153 at
4392 2101 4435 2154 si
4463 2099 4752 2162 dissiliunt,
4786 2111 4849 2150 ac
4901 2095 5086 2148 relicto
5135 2093 5267 2147 duce
5302 2104 5464 2159 vaga-

3900 2195 4089 2247 hundtc
4123 2192 4470 2262 pervolitant,
4503 2188 4663 2242 famis
4702 2189 4924 2253 necesse
4962 2195 5042 2239 est
5083 2184 5255 2252 inopia
5287 2189 5468 2248 couta-_

3899 2290 4138 2341 hcseant.
4189 2286 4436 2340 Hostium
4478 2282 4705 2352 vallatus
4757 2279 4987 2344 insidiis,
5029 2281 5072 2333 si
5101 2295 5220 2333 cum
5265 2294 5328 2332 eo
5361 2291 5462 2346 quo

3901 2379 4276 2444 constipatur.
4323 2373 4612 2435 abstiterit,
4655 2370 4938 2426 hostilibus
4966 2384 5023 2424 se
5048 2368 5240 2436 jaculis
5286 2367 5460 2434 praeda

3901 2464 4074 2517 factus
4103 2465 4343 2532 exponit.
4395 2462 4635 2516 Ecclesia
4675 2475 4864 2530 nempe
4895 2458 5114 2520 Christi,
5149 2459 5286 2511 sicut
5343 2471 5463 2524 pro-

3901 2554 4110 2622 phetica
4150 2562 4416 2607 testantur
4462 2548 4722 2613 oracula,
4771 2557 4949 2603 castra
4998 2547 5091 2601 Dei
5142 2554 5264 2600 sunt
5313 2543 5464 2613 (Gen.

3900 2646 4070 2712 χχχιι)
4102 2664 4111 2696 ;
4145 2646 4195 2696 in
4227 2659 4344 2711 qu:e
4371 2641 4623 2696 videlicet
4654 2640 4864 2696 hostilis
4893 2641 5122 2705 impetus
5144 2653 5244 2690 non
5269 2636 5467 2690 irrum-

3901 2735 3994 2800 pit,
4026 2735 4193 2787 donec
4225 2733 4482 2784 virtutum
4513 2732 4680 2784 armis
4702 2727 4953 2792 accincti,
4983 2729 5031 2781 in
5060 2739 5312 2795 compage
5336 2722 5465 2777 eba-

3903 2825 4097 2882 ritatis,
4125 2833 4181 2876 et
4212 2824 4265 2876 in
4311 2825 4519 2877 unitate
4553 2822 4776 2892 spiritus
4805 2819 5004 2875 Christi
5038 2818 5230 2873 milites
5257 2814 5467 2884 conglo-

3900 2913 4120 2968 bantur.
4151 2919 4192 2965 Α
4227 2913 4420 2980 quibus
4451 2911 4708 2965 nimirum
4759 2911 5004 2979 quisquis
5033 2907 5257 2962 infelicis
5286 2907 5464 2958 Achan

3902 3003 4163 3064 imitator,
4185 3014 4380 3055 aurem”
4405 3000 4603 3072 regulae
4655 2999 4735 3052 vel
4777 2998 4984 3067 argenti
5017 2997 5304 3066 cupiditate
5334 2993 5466 3045 divi-

3902 3091 4069 3154 ditur,
4098 3091 4209 3143 veri
4241 3089 4422 3150 Josue,
4450 3101 4513 3142 ac
4544 3088 4816 3142 communi
4850 3085 5014 3139 totius
5043 3083 5220 3154 populi
5256 3089 5468 3136 senteno

3903 3182 3973 3232 tia
4006 3181 4273 3250 lapidatur
4313 3169 4592 3249 (leg-vit).
5214 3175 5215 3178 “

3783 3267 3796 3290 ’
3825 3265 3870 3324 C
3972 3269 4308 3340 Quapropter
4338 3271 4560 3326 obsecro
4582 3269 4921 3322 sanctitatem
4953 3274 5183 3324 vestram
5203 3305 5217 3329 ,
5256 3263 5464 3319 charis-

3903 3360 4057 3424 simi;
4104 3359 4326 3428 expulso
4355 3358 4751 3412 Pharisaeorum
4791 3356 5060 3432 fermento
5089 3354 5298 3425 (Matth.
5335 3357 5462 3420 xvi).

3902 3449 4204 3502 nativitatis
4229 3455 4426 3501 vestrae
4473 3449 4661 3501 domos
4705 3462 4826 3500 cum
4859 3446 5133 3500 Abraham
5165 3444 5464 3514 patriarcha

3903 3538 4188 3606 relinquite
4214 3534 4366 3606 (Gen.
4393 3534 4511 3604 xu),
4541 3539 4592 3588 in
4624 3550 4730 3588 uno
4750 3533 4845 3588 vos
4871 3531 5145 3589 ctenaculo
5173 3546 5292 3585 cum
5323 3532 5463 3598 Apo-

3903 3625 4055 3681 stoiis
4096 3618 4260 3696 διο
4304 3625 4446 3693 apud
4492 3624 4790 3678 Ecclesiam
4839 3628 5167 3695 congregate
5187 3619 5325 3690 (Act.
5363 3619 5464 3684 ll):

3905 3714 4119 3786 pr0pria
4143 3727 4368 3782 qumque
4393 3727 4517 3766 cum
4539 3711 4782 3766 Barnaha
4808 3721 4863 3765 et
4893 3709 5170 3778 Stephano
5195 3707 5330 3778 (Act.
5366 3709 5462 3774 tv),

3906 3806 4046 3860 veris
4091 3805 4297 3860 scilicet
4334 3803 4909 3880 abrenuntiatoribus,'
4939 3802 4991 3856 in
5023 3815 5304 3867 commune
5339 3813 5464 3854 eon-

3903 3897 4057 3959 ferte,
4093 3907 4145 3949 ..ιι
4173 3894 4224 3951 in
4256 3897 4496 3950 fratenta
4519 3910 4616 3948 vos
4647 3893 5003 3948 unanimitate
5044 3892 5303 3972 viventes,
5341 3889 5461 3959 Spi-

3903 3985 4039 4037 ritus
4065 3990 4284 4036 sanctus
4330 3983 4526 4035 merito
4580 3980 4830 4047 dignetur
4872 3978 5125 4031 invisere.
5166 3973 5269 4030 Vos
5315 3974 5462 4028 enim

3903 4074 3979 4127 sai
4009 4083 4201 4135 terrae;
4229 4071 4487 4125 sedlsicut
4512 4069 4731 4124 Veritas
4760 4068 4892 4123 dicit
4921 4085 4934 4120 :
4973 4087 4993 4119 (
5027 4062 5083 4121 Si
5129 4066 5207 4121 sal
5230 4079 5459 4120 evanue-

3903 4163 3994 4221 rit,
4025 4161 4078 4214 in
4103 4175 4210 4230 quo
4237 4159 4558 4213 condietorl
4576 4179 4596 4208 ι
4623 4158 4760 4228 (Acr.
4789 4158 4874 4229 ιι.)
4893 4157 5096 4226 Exiguo
5120 4157 5313 4226 quippe
5343 4155 5467 4211 salis

3906 4248 4070 4304 multa
4100 4248 4435 4310 dulcescunt,
4461 4251 4528 4301 et"
4565 4261 4734 4317 parvo
4771 4246 5087 4301 clericoruin
5136 4259 5359 4299 numero
5389 4252 5470 4297 to-

3908 4342 4011 4393 tit'ts
4031 4325 4351 4392 ChriStiana:
4381 4337 4554 4404 plebis
4569 4337 4816 4390 eruditur
4857 4345 4909 4389 et
4973 4335 5255 4388 instruitur
5285 4333 5461 4387 multi-

3908 4432 4054 4487 tudo.
4108 4433 4261 4486 Sicut
4311 4431 4456 4484 enim
4505 4430 4740 4498 episcopi
4783 4429 5060 4482 duodecim
5110 4427 5466 4495 apostolorum

3906 4529 4202 4576 noscuntur
4241 4519 4488 4574 obtinere
4540 4519 4873 4587 primatum,
4926 4518 4997 4583 ita
5047 4525 5099 4568 et
5161 4515 5467 4570 sacerdotes

2237 4594 2364 4650 bulo
2404 4595 2729 4665 iudicamus.
2785 4597 2922 4651 Sunt
2954 4599 3134 4668 itaque
3177 4600 3468 4656 Sarabaitze
3507 4607 3798 4659 monacho-
3835 4623 3876 4679 ι)
3905 4610 4161 4666 Ecclesiae
4185 4600 4529 4679 septuaginta
4566 4608 4947 4676 discipulorum
4989 4605 5227 4659 Ordinem
5275 4619 5466 4674 repra-

2239 4696 2381 4745 rum,
2414 4693 2539 4737 sunt
2563 4685 3092 4741 etiam'clericorum.
3124 4688 3264 4744 Dicit
3288 4701 3464 4744 autem
3497 4694 3753 4749 Dominus
3785 4715 3796 4749 :

2245 4790 2266 4824 ι
2294 4772 2395 4837 Qui
2428 4789 2528 4826 non
2557 4785 2638 4830 est
2664 4791 2893 4839 mecum,
2928 4781 3210 4832 adversum
3241 4795 3324 4833 me
3353 4792 3461 4844 est;
3496 4793 3548 4838 et
3578 4789 3665 4854 qui
3696 4803 3801 4840 non

2241 4861 2445 4931 colligit
2471 4861 2697 4926 mecum,
2744 4869 2945 4936 spargit
2971 4867 3182 4936 (Matth.
3217 4887 3322 4931 xu;
3367 4870 3490 4924 Luc.
3531 4875 3628 4942 xi).
3661 4895 3678 4926 ι
3716 4877 3802 4931 Isti

2241 4964 2435 5019 nempe
2462 4952 2550 5020 qui
2581 4968 2697 5007 cum
2733 4955 2840 5008 Deo
2883 4958 2933 5008 in
2984 4956 3219 5011 fraterna
3254 4961 3520 5014 charitatc
3554 4977 3654 5015 non
3688 4965 3798 5017 col-

2241 5037 2450 5108 ligunt,
2503 5040 2625 5093 dum
2675 5046 3000 5113 marsupium
3038 5049 3296 5101 mentium
3340 5064 3435 5117 per
3476 5051 3802 5119 discordiam

2243 5127 2519 5192 scindunt,
2547 5131 2802 5184 virtutum
2845 5133 3043 5205 fruges,
3076 5137 3119 5189 si
3167 5154 3284 5206 qua:
3315 5148 3458 5204 sunt,
3501 5142 3656 5209 quasi
3709 5157 3808 5210 per

2240 5217 2485 5274 foramen
2540 5231 2889 5290 spargeulcs,
2929 5227 3199 5280 amittunt.
3255 5228 3406 5282 Unde
3437 5240 3491 5282 et
3543 5233 3808 5300 propheta

2240 5309 2308 5364 de
2355 5309 2519 5362 stulto
2566 5305 2696 5364 viro
2728 5311 2858 5365 dicit
2902 5331 2913 5364 :
2951 5333 2966 5363 ‹
3011 5316 3143 5380 Quia
3174 5322 3519 5389 congregavit
3548 5323 3764 5376 divitias
3790 5364 3804 5387 ,

2245 5413 2296 5458 et
2337 5404 2533 5458 dimisit
2579 5419 2669 5457 eas
2699 5407 2749 5457 in
2791 5408 3062 5460 sacculum
3112 5420 3385 5478 pertusum
3427 5416 3627 5483 (Λαραιί
3675 5415 3736 5486 ι).
3781 5433 3799 5466 ι

2315 5491 2480 5546 Porro
2509 5509 2610 5547 non
2642 5495 2714 5548 illi
2755 5497 2853 5550 soli
2901 5498 3226 5552 schismatici
3262 5511 3386 5555 sunt
3431 5504 3666 5567 dicendi,
3710 5507 3800 5574 qui

2247 5583 2367 5637 ﬁdei
2397 5585 2651 5638 unitatem
2675 5588 2948 5652 dividunt;
2981 5591 3072 5643 sed
3096 5591 3129 5644 ii
3151 5592 3333 5646 etiam.
3361 5595 3448 5663 qui
3479 5610 3537 5648 se
3575 5610 3668 5664 per
3692 5596 3803 5650 ela-

2250 5676 2411 5731 tionis
2453 5676 2533 5728 vel
2565 5678 2806 5732 avaritiae
2832 5683 3017 5734 vitium
3042 5699 3068 5735 a
3093 5683 3327 5738 fraterna
3351 5687 3616 5742 ch'aritate
3638 5687 3803 5742 divel-

2245 5765 2375 5818 lunt.
2411 5766 2516 5820 Nec
2548 5767 2688 5820 enim
2720 5769 2886 5838 major
2914 5782 2995 5824 est
3035 5771 3167 5827 fides
3197 5787 3354 5841 quam
3382 5775 3636 5831 Charitas.
3668 5774 3802 5830 Nam

2251 5871 2370 5912 cum
2413 5857 2552 5913 Deus
2584 5858 2693 5928 ipse
2722 5860 2788 5914 sit
2815 5861 3047 5916 charitas
3078 5862 3128 5933 (Ι
3151 5863 3309 5920 Joan.
3344 5866 3440 5938 tv),
3476 5876 3532 5924 et
3570 5869 3662 5940 qui
3688 5883 3804 5922 ma-

3902 4710 4131 4757 sentant.
4154 4699 4304 4767 Quod
4329 4699 4568 4769 profecto
4598 4700 4803 4752 mansio
4828 4698 4911 4752 illa
4953 4695 5229 4750 lsraelitici
5269 4694 5448 4764 populi

3905 4779 4157 4844 inl’iielim
4190 4789 4417 4859 figurate
4445 4788 4690 4856 designat
4735 4786 4925 4856 (Num.
4969 4784 5178 4854 χχχιιι).
5210 4784 5280 4838 ibi
5312 4783 5466 4836 nimi-

3905 4896 4022 4936 rum
4047 4880 4325 4934 duodecim
4358 4879 4693 4948 profluebant
4737 4876 5010 4946 apostolici
5044 4874 5236 4936 fontes,
5273 4875 5362 4942 qui
5390 4872 5466 4926 di-

3905 4972 4012 5024 vini
4041 4971 4187 5023 verhi
4218 4969 4482 5024 imbribus
4510 4969 4717 5023 arentia
4743 4963 5018 5020 bominnm
5049 4965 5210 5018 corda
5252 4960 5458 5031 perfun.

3910 5061 4116 5114 derent.
4170 5059 4242 5112 ibi
4299 5057 4638 5126 septuaginta
4685 5055 4927 5108 virebant
4965 5051 5190 5122 palmae,
5245 5043 5462 5105 totidem

3912 5148 4152 5203 videlicet
4181 5147 4452 5218 discipuli,
4497 5147 4585 5214 qui
4631 5144 4830 5198 mundo
4857 5142 5126 5198 diabolica:
5169 5137 5466 5210 tyrannidis

3909 5241 4166 5295 servitute
4220 5239 4496 5306 depresso,
4546 5235 4784 5289 victoriae
4815 5232 5016 5288 Christi
5061 5230 5262 5300 palmas
5306 5226 5459 5283 infer

3909 5342 4044 5384 rent.
4083 5330 4158 5383 illi
4215 5329 4475 5397 siquidem
4524 5327 4699 5380 fontes
4745 5324 5040 5394 palmarum
5087 5322 5306 5374 arbores
5348 5318 5464 5373 irri-

3908 5429 4055 5488 gant,
4085 5418 4173 5488 qui
4206 5417 4345 5471 saeri
4395 5402 4672 5485 pontifices
4706 5415 4884 5467 verbis
4932 5412 5168 5472 aiiluunt,
5202 5408 5340 5463 unde
5367 5420 5469 5462 c.-

3914 5509 4006 5561 teri
4036 5506 4348 5561 sacerdotes
4377 5503 4629 5558 Ecclesia:
4661 5504 4712 5556 in
4759 5516 4852 5570 spe
4881 5500 5180 5555 coalestium
5221 5493 5462 5567 przn'tie-

3913 5613 4028 5650 rum
4077 5597 4194 5649 sine
4241 5595 4543 5648 cessatione
4582 5593 4853 5646 virescunt
4901 5591 5036 5658 τηιιὶ
5088 5588 5338 5641 nimirum
5374 5585 5464 5640 de—

3910 5685 4120 5754 cuplato
4138 5681 4444 5752 septenario
4470 5695 4715 5744 numero,
4743 5679 4843 5733 hoc
4870 5677 5173 5748 significare
5198 5673 5465 5732 videntur.

3914 5785 3969 5829 ut
3995 5791 4090 5846 per
4120 5773 4446 5845 septiformis
4496 5772 4680 5842 gratiae
4723 5769 4983 5838 Spiritum
5021 5766 5153 5837 legis
5176 5763 5468 5836 Decalogus

3914 5867 4216 5937 impleatur.
4258 5865 4394 5920 istos
4422 5862 4603 5934 itaque
4646 5863 4980 5932 septuaginta
5022 5856 5313 5926 discipulus
5350 5867 5470 5909 cum
