4540 6374
181 385 280 443 509
979 385 1218 444 Ol’USC.
1261 383 1468 439 XXVII.

1538 418 1558 424 —
1620 382 1708 437 DE
1744 377 2060 437 COllMUNl
2102 379 2259 435 VITA
2300 377 2620 435 CANONIC.

3368 359 3474 420 5l0

181 501 339 556 binos
382 507 514 555 ante
556 500 751 556 faciem
782 517 933 556 suam
969 501 1227 555 Dominus
1259 505 1517 562 mitteret,
1547 506 1602 551 et
1642 511 1736 550 eos
1758 534 1772 559 ,
1802 498 1850 555 Α
1880 490 2082 548 delicet’
2101 493 2245 547 velut
2276 487 2687 546 contubernales
2715 495 2768 540 et
2819 481 3206 541 condomestici
3255 478 3475 547 angelo-

181 589 274 658 qui
306 589 445 642 alios
471 590 685 643 docturi
720 597 899 653 erant,
928 597 985 642 ut
1016 599 1067 642 et
1091 589 1190 657 ipsi
1225 584 1777 654 irreprehensibiliter

180 679 456 743 viverent,
496 681 834 742 admoneret,
869 682 920 733 in
965 681 1080 748 ipso
1107 680 1330 732 docendi
1365 677 1629 745 principio
1659 685 1777 728 tan-

181 784 344 836 quam
390 773 736 838 permaxime
793 772 1158 824 necessarium
1196 785 1256 821 ac
1291 767 1593 836 principale
1643 780 1776 834 pra:-

181 859 352 930 misit,
388 871 450 913 ut
492 859 846 926 pecuniarum
877 860 1024 914 lucra
1072 867 1500 922 contemnerent,
1535 855 1777 909 avaritia:

182 947 372 1000 sordes
421 948 748 1014 abjicerent,
777 949 1128 1017 proprietatis
1157 946 1426 1015 peculium
1461 960 1569 997 non
1609 944 1776 996 habe-

181 1047 322 1092 rent.
345 1059 362 1089 ι
386 1038 592 1103 Nolite,
612 1041 804 1108 inquit,
822 1051 1037 1108 portare
1054 1038 1350 1101 sacculum,
1368 1051 1542 1105 neque
1565 1044 1776 1104 pcram,‘

178 1142 354 1196 neque
366 1127 740 1182 calceamenta
759 1129 910 1199 (Luc.
927 1131 1002 1196 ι).
1029 1148 1045 1178 ›
1059 1129 1157 1182 Per
1171 1129 1407 1181 Marcum
1424 1141 1639 1194 quoque
1658 1139 1774 1193 pro-

179 1215 432 1277 liibet,ut
457 1231 642 1285 neque
662 1231 888 1285 panem,
922 1232 1095 1285 neque
1125 1232 1197 1271 res
1221 1218 1271 1269 in
1309 1218 1463 1269 zonis
1486 1215 1771 1276 baberent,

181 1319 356 1373 neque
378 1305 604 1360 duabus
641 1307 838 1361 tunicis
885 1307 1082 1369 induti,
1109 1308 1202 1360 sed
1232 1306 1492 1360 sandaliis
1523 1304 1771 1369 calceati,

177 1397 382 1463 virgam
415 1397 799 1450 tantummodo
818 1407 1093 1468 gestantes
1117 1398 1428 1451 incederent
1451 1397 1642 1465 (Marc.
1672 1394 1768 1463 γι).

177 1482 288 1540 Cur
317 1495 505 1540 autem
543 1487 646 1541 hoc
691 1487 892 1542 factum
942 1489 1061 1542 est?
1109 1488 1359 1556 Nunquid
1399 1496 1620 1556 propter
1655 1487 1773 1540 illos

181 1578 427 1631 tantum?
458 1576 574 1632 Sed
602 1588 746 1640 esto,
781 1590 838 1633 ut
860 1589 1076 1649 propter
1099 1580 1218 1635 illos
1238 1581 1310 1634 sit
1332 1579 1562 1644 factum;
1605 1593 1771 1647 quare

177 1675 356 1719 autem
405 1668 697 1736 scriptum,
727 1678 946 1735 propter
973 1670 1105 1724 nos?
1156 1687 1174 1720 ι
1233 1670 1576 1736 Quaecunque
1621 1669 1766 1721 enim

176 1754 380 1822 scripta
435 1764 609 1819 sunt,
662 1759 728 1810 ad
770 1765 1009 1810 nostram
1048 1759 1346 1812 doctrinam
1398 1759 1598 1827 scripta
1647 1765 1770 1810 sunt

183 1839 359 1908 (Rom.
390 1843 507 1912 xv).
534 1863 553 1894 ι
576 1845 685 1898 Cur
716 1847 896 1914 itaque
919 1848 1031 1901 bmc
1052 1849 1102 1899 in
1121 1848 1362 1903 Ecclesia
1389 1847 1636 1914 legimus,
1665 1848 1767 1900 nisi
1802 1841 1844 1898 Β

181 1928 283 2002 [ιιι]
317 1933 434 1987 hate
465 1935 603 2003 ipsa,
635 1951 756 2003 quae
803 1936 1053 2004 leguntur
1073 1976 1088 2000 ,
1119 1939 1372 2006 operibus
1412 1938 1772 2006 impleamus?

179 2017 493 2076 Prtesertim
543 2024 579 2076 ii
631 2026 721 2092 qui
769 2041 866 2094 per
911 2029 1314 2082 succedentium
1368 2029 1771 2084 vicissitudines

181 2117 482 2177 temporum
533 2127 719 2168 eorum
771 2115 1070 2184 funguntur
1099 2118 1306 2179 oilicio,
1347 2135 1535 2172 eorum
1586 2119 1771 2187 procul

179 2197 336 2251 dubio
369 2215 602 2256 necesse
645 2212 729 2256 est
757 2216 1151 2260 conversentur
1185 2210 1454 2276 exemplo.
1486 2209 1770 2263 Possidere

178 2286 337 2356 igitur
362 2297 648 2346 terrenum
695 2293 899 2362 aliquid
954 2298 1399 2364 prardicatoribus
1429 2299 1542 2352 suis
1589 2300 1769 2367 probi-

179 2377 266 2430 bet
305 2379 468 2446 Deus,
501 2392 562 2436 ut
609 2385 701 2453 qui
734 2386 1012 2441 constituti
1055 2398 1181 2442 sunt
1227 2389 1278 2442 in
1312 2391 1621 2444 auditorum
1652 2406 1770 2444 cor-

178 2467 330 2522 dibus
377 2473 951 2541 concupiscentiarum
998 2485 1164 2532 cestus
1216 2481 1606 2548 exstinguere,
1669 2481 1766 2549 ipsi

185 2553 398 2611 sibimet
428 2570 662 2615 caveant
723 2564 788 2616 ad
838 2563 1065 2620 aliorum
1111 2569 1406 2636 perniciem
1455 2570 1767 2625 ambitionis

179 2649 232 2694 ct
261 2647 504 2702 avaritia:
532 2649 688 2704 frena
720 2650 927 2707 laxare.
955 2654 1072 2710 Huc
1095 2660 1324 2721 accedit,
1357 2660 1497 2727 quod
1525 2675 1669 2729 saepe
1699 2677 1766 2714 ex

180 2733 457 2790 occasione
499 2737 735 2803 itineris,
769 2741 1024 2798 obviante
1071 2745 1241 2798 forma
1295 2748 1564 2811 muliebri,
1597 2750 1769 2803 libidi.

181 2820 260 2874 nis
289 2821 564 2880 flammam
596 2831 865 2900 concipiet
893 2834 1142 2889 minister
1166 2837 1375 2891 altaris.
1409 2839 1537 2892 Nam
1565 2841 1692 2892 dum
1735 2858 1763 2894 a

180 2913 404 2979 propriis
423 2916 492 2969 ad
517 2916 817 2973 Ecclesiam
845 2921 949 2975 iter
975 2924 1123 2988 terit,
1163 2934 1217 2978 et
1251 2927 1488 2990 reditus;
1544 2939 1763 2996 repente

183 2999 440 3073 malignus
465 3007 694 3074 spiritus
731 3009 955 3078 laqueos
1003 3024 1302 3081 prarparat,
1338 3015 1552 3068 femina:
1591 3019 1762 3069 visca-

181 3089 312 3142 rium
339 3096 536 3159 tendit,
565 3107 620 3149 et
650 3098 854 3152 vultum
904 3102 1072 3169 aspici
1123 3103 1392 3158 lubricum
1413 3121 1622 3174 ,qucm
1667 3105 1758 3157 de-

181 3190 360 3250 ceptus
404 3187 669 3252 intuetur,
702 3191 946 3258 opponit.
1001 3191 1106 3246 Sed
1159 3195 1407 3262 quisquis
1452 3197 1533 3249 vcl
1581 3197 1756 3248 avari-
1787 3176 1828 3231 (ἶ

183 3270 266 3324 tia:
299 3272 538 3338 flamma,
570 3277 656 3330 vel
699 3278 938 3334 libidinis
983 3291 1197 3342 aestuat,
1247 3299 1350 3351 qua
1407 3284 1603 3345 fronte,
1651 3302 1753 3353 qua

183 3365 506 3419 conscientia
535 3367 734 3422 divinis
771 3369 1032 3423 altaribus
1059 3375 1494 3441 appropinquat?
1523 3375 1657 3426 Hinc
1680 3385 1760 3429 est

185 3449 341 3515 enim,
379 3456 525 3522 quod
565 3456 659 3510 filii
685 3458 864 3528 Aaron
901 3461 1084 3514 divino
1127 3474 1250 3515 sunt
1283 3464 1404 3532 igne
1434 3467 1756 3534 consumpti,

185 3540 302 3605 quia
357 3545 595 3600 alienum
649 3549 829 3618 ignem
882 3549 1076 3605 offerre
1126 3553 1352 3606 Domino
1401 3571 1762 3625 praesumpse-

188 3639 326 3683 runt.
357 3633 636 3705 SCriptum
664 3638 863 3708 quippe
893 3649 976 3694 est
1003 3656 1015 3693 :
1040 3661 1055 3691 ι
1091 3641 1443 3713 Arreptisque
1471 3645 1679 3709 Nadab,
1708 3657 1762 3702 et

185 3718 337 3818 517
378 3726 518 3780 Abiu
565 3727 664 3783 ﬁlii
707 3729 893 3786 'Aaron
941 3732 1229 3787 tburibulis
1278 3735 1410 3799 suis,
1467 3746 1765 3806 posuerunt

189 3814 354 3876 ignem
380 3821 436 3868 et
491 3814 772 3872 incensum
815 3819 1064 3888 desuper,
1096 3821 1382 3876 otl‘crcntes
1417 3838 1598 3878 coram
1657 3824 1763 3878 Do-

190 3900 327 3955 niino
355 3902 535 3975 ignem
560 3907 819 3973 alienum,
848 3913 990 3980 quod
1013 3913 1091 3965 eis
1117 3924 1439 3982 prasceptum
1472 3933 1576 3969 non
1603 3903 1720 3970 erat
1745 3935 1758 3969 :

188 4003 534 4064 egressusque
566 3997 704 4065 ignis
729 4013 760 4052 a
810 3998 1034 4052 Domino
1065 4003 1340 4058 devoravit
1385 4020 1500 4068 eos,
1531 4016 1583 4059 et
1615 4023 1762 4062 mor-

193 4080 260 4130 tui
286 4092 409 4136 sunt
437 4099 622 4140 coram
657 4088 883 4143 Domino
914 4089 1098 4158 (Let'il.
1137 4107 1169 4144 χ
1195 4092 1236 4161 ).
1285 4112 1303 4145 ι
1337 4094 1540 4149 Altaria
1569 4097 1765 4165 quippe

193 4168 392 4228 Domini
453 4190 561 4229 non
610 4178 866 4241 alienum,
919 4182 1015 4235 sed
1070 4182 1246 4251 ignem
1288 4185 1546 4239 duntaxat
1598 4188 1763 4244 divini

189 4260 379 4314 amoris
404 4263 697 4334 accipiunt.
715 4265 790 4321 De
815 4284 922 4337 quo
952 4271 1198 4326 videlicet
1225 4274 1482 4347 ipsedicit
1508 4296 1519 4330 :
1553 4277 1761 4346 «Ignem

189 4349 303 4401 veni
330 4353 546 4410 mittere
569 4357 622 4410 in
649 4366 867 4419 terram,
894 4370 949 4414 et
972 4362 1100 4432 quid
1129 4365 1270 4427 volo,
1315 4367 1416 4420 nisi
1441 4377 1499 4421 ut
1535 4371 1765 4426 ardeat?

192 4434 332 4498 (Luc.
381 4444 498 4513 xu).
543 4464 562 4496 ι
596 4445 852 4516 Quisquis
883 4450 1045 4519 igitur
1081 4460 1327 4515 terreuze,
1383 4457 1467 4510 vel
1519 4461 1756 4514 carnalis

193 4529 636 4599 concupiscentiae
686 4532 898 4590 flamma
947 4539 998 4590 in
1047 4541 1317 4594 tliuribulo
1385 4546 1465 4598 sui
1522 4548 1756 4614 pectoris

192 4625 391 4685 aestuat,
421 4632 477 4678 et
529 4627 702 4680 sacris
752 4629 1005 4684 assistere
1037 4634 1309 4701 mysteriis
1339 4651 1443 4689 non
1478 4637 1754 4704 formidat,

191 4705 274 4762 illo
303 4716 484 4778 procul
515 4717 681 4771 dubio
737 4719 932 4775 divinae
963 4722 1181 4778 ultionis
1213 4725 1426 4781 interim
1483 4729 1604 4796 igne
1631 4747 1759 4784 con-

190 4800 431 4870 sumitur,
458 4805 524 4859 de
548 4821 658 4875 quo
689 4805 967 4876 Scriptura
1002 4819 1230 4866 testatur
1277 4832 1289 4866 :
1333 4832 1352 4864 ι
1388 4815 1456 4869 Et
1482 4834 1641 4880 nunc,
1674 4820 1758 4872 in-

192 4887 318 4953 quit,
359 4893 497 4963 ignis
525 4897 864 4968 adversarios
903 4902 1171 4956 consumit
1200 4901 1385 4971 (Hebr.
1412 4904 1488 4974 x).
1528 4925 1545 4958 ι
1601 4907 1755 4962 Enim

193 4987 313 5032 vero
341 4982 500 5038 nimis
545 4985 876 5059 impossibile
902 4997 1001 5051 est,
1059 4990 1255 5047 fratres
1286 4995 1410 5057 mei,
1450 4973 1524 5048 ut
1557 4997 1621 5061 is,
1669 4973 1762 5065 qui

197 5079 363 5123 rerum
389 5073 734 5130 familiarium
765 5079 907 5133 curis
932 5082 1274 5149 opprimitur,
1300 5085 1390 5153 qui
1415 5085 1573 5138 simul
1603 5087 1760 5142 habi-

199 5155 346 5210 tando
394 5170 448 5215 et
502 5162 858 5233 colloquendo
903 5169 1076 5224 turbis
1131 5171 1370 5238 quotidie
1407 5175 1758 5244 popularibus

197 5245 524 5318 admiscetur,
583 5256 782 5312 mundo
817 5260 978 5315 corde
1030 5264 1233 5316 sanctis
1265 5264 1438 5319 valeat
1493 5268 1760 5324 interesse

200 5342 469 5430 mysteriis.
500 5343 557 5397 In
588 5346 783 5413 quibus
809 5350 1060 5406 videlicet
1089 5354 1414 5410 terribilibus
1454 5374 1762 5414 sacramen-

202 5428 263 5514 lis
287 5429 472 5486 ctelum
502 5435 765 5503 aperitur,
795 5447 849 5492 et
893 5441 1120 5498 virtutes
1148 5446 1400 5514 angelica:
1442 5450 1600 5504 simul
1642 5467 1764 5506 cum

199 5509 490 5608 liominibus
519 5526 876 5583 diversantur.
915 5532 1140 5597 Quanta:
1178 5509 1306 5608 ergo
1355 5542 1629 5597 munditia:
1674 5544 1766 5600 de-

202 5597 315 5700 δξηι
341 5624 453 5667 esse
484 5614 695 5680 clerici,
722 5633 881 5688 quam
909 5623 1084 5688 nitidi,
1109 5597 1270 5694 quam
1311 5628 1542 5700 denique
1570 5649 1598 5686 a
1632 5651 1764 5688 cun-

199 5689 291 5745 etis
313 5703 644 5769 negotiorum
672 5709 1008 5766 saecularium
1041 5712 1302 5768 fetoribus
1334 5689 1493 5776 alieni
1517 5723 1538 5774 ?
1566 5724 1664 5786 Qui
1697 5725 1766 5778 vi-

1881 602 2002 638 rum
2036 585 2309 639 consortio
2349 581 2726 652 perfruuntur,
2759 586 2812 631 et
2863 583 3328 630 sacramentorum
3359 582 3474 619 rm-

1880 675 2096 730 lestium
2165 677 2276 730 Deo
2332 680 2724 742 coeperatores
2788 677 2841 722 et
2903 668 3305 734 dispensatores
3361 659 3477 713 exi-

1880 773 2050 820 stunt-

2509 847 2739 903 CAPUT
2764 845 2852 901 IV.

2024 964 2179 1030 Quod
2207 965 2322 1017 boni
2371 961 2630 1013 malorum
2670 959 2915 1012 societate
2943 960 3328 1024 pervertuntur.

1948 1055 2132 1125 Neque
2165 1057 2265 1108 lioc
2295 1069 2390 1106 nos
2412 1055 2475 1104 de
2505 1051 2634 1105 solis
2664 1048 3035 1103 sacerdotibus
3066 1043 3351 1111 loquimur,
3379 1037 3473 1092 sed

1878 1147 1942 1200 de
1977 1147 2227 1199 omnibus
2261 1143 2491 1206 clericis,
2527 1142 2612 1208 qui
2644 1141 2814 1193 sacris
2839 1137 3103 1190 altaribus
3146 1134 3198 1186 in
3235 1129 3473 1200 quolibet

1877 1237 2044 1303 gradu
2091 1234 2372 1288 ministerii
2405 1233 2484 1286 sui
2527 1231 2651 1297 jura
2684 1230 3012 1299 dependunt.
3066 1223 3198 1276 Nam
3257 1213 3471 1273 etiamsi

1877 1327 2110 1379 mundus
2135 1325 2205 1378 sit
2241 1325 2360 1393 quis
2394 1323 2444 1375 in
2474 1336 2552 1384 se,
2582 1320 2846 1378 malorum
2873 1329 3261 1383 nonnunquam
3295 1309 3468 1364 socie-

1879 1422 1989 1466 tate
2019 1413 2298 1482 polluitur.
2354 1410 2505 1481 Quod
2538 1410 2723 1476 utique
2771 1408 2813 1461 si
2861 1405 3134 1473 aliquibus
3183 1416 3287 1454 non
3342 1414 3472 1451 con-

1878 1505 2129 1571 lingeret,
2156 1509 2494 1569 nequaquam
2529 1499 2793 1565 propheta
2837 1506 3198 1562 conquerens,
3234 1486 3473 1558 gemuis-

1877 1604 1958 1646 set
1993 1611 2006 1644 :
2044 1611 2062 1642 ι
2105 1590 2217 1655 γω,
2254 1591 2446 1659 inquit,
2472 1589 2625 1650 milii,
2659 1587 2783 1655 quia
2818 1586 2896 1638 vir
2925 1583 3159 1652 pollutus
3188 1577 3343 1631 labiis
3370 1589 3473 1644 ego

1878 1699 2020 1746 Sum,
2057 1682 2312 1751 quoniam
2357 1681 2407 1733 in
2438 1679 2615 1735 medio
2651 1677 2830 1747 populi
2865 1675 3063 1745 polluta
3097 1671 3234 1724 labia
3269 1667 3476 1721 haben-

1879 1774 1946 1824 tis
1983 1787 2082 1842 ego
2127 1771 2309 1824 habito
2343 1769 2478 1840 (Isa.
2530 1771 2626 1837 Vt).
2661 1787 2677 1818 ι
2733 1767 2833 1833 Qui
2877 1764 3129 1817 nimirum
3185 1758 3385 1812 idcirco
3415 1768 3475 1808 se

1875 1859 2132 1930 pollutum
2166 1859 2323 1912 labiis
2354 1858 2651 1918 asserebat,
2677 1857 2799 1924 quia
2855 1856 2995 1907 inter
3017 1867 3131 1914 eos,
3163 1850 3251 1916 qui
3286 1845 3474 1916 polluti

1874 1958 2027 2001 erant
2071 1948 2245 2011 labiis,
2276 1947 2573 2008 habitabat.
2610 1945 2844 2014 ldipsum
2893 1942 3050 2011 plane
3080 1951 3134 1994 et
3164 1939 3374 2007 Moyses
3420 1935 3473 1988 iu

1877 2049 2019 2091 terra
2053 2037 2264 2090 Madian
2298 2037 2585 2105 pertulisse
2623 2036 2988 2106 cognoscitur,
3017 2033 3060 2085 si
3093 2047 3189 2085 cur
3227 2045 3348 2082 eum
3377 2043 3470 2080 oc-

1874 2129 2056 2180 cidere
2083 2126 2317 2180 voluerit
2347 2126 2626 2189 Dominus,
2661 2125 2934 2178 subtiliter
2964 2121 3272 2190 indagctur.
3317 2116 3471 2170 Scri-

1873 2227 2021 2285 ptum
2076 2216 2273 2284 quippe
2305 2225 2425 2269 cst:
2465 2235 2480 2266 ι
2517 2215 2762 2282 Cumque
2799 2221 2943 2265 esset
2970 2211 3022 2264 in
3057 2210 3252 2262 itinere
3302 2208 3354 2260 in
3389 2198 3503 2259 di?

1875 2308 2117 2360 versorio
2164 2306 2396 2374 Moyses,
2445 2307 2685 2360 occurrit
2732 2305 2779 2356 ei
2823 2302 3097 2359 Dominus,
3150 2308 3205 2353 et
3257 2297 3476 2350 volebat

1873 2390 2127 2450 occidere
2177 2411 2298 2448 eum
2349 2395 2548 2464 (Exod.
2583 2395 2679 2461 tv).
2719 2414 2736 2446 ι
2793 2393 2985 2446 Mirum
3030 2390 3182 2443 valde
3223 2405 3321 2442 cur
3349 2404 3475 2442 eum

1876 2497 2097 2558 repente
2126 2487 2381 2540 Dominus
2405 2487 2652 2540 occidere
2679 2485 2911 2549 voluisse
2934 2483 3280 2541 describitur,
3310 2493 3471 2547 quem

1879 2588 2208 2633 assecretem
2236 2574 2335 2631 sibi
2371 2576 2483 2644 jam
2520 2587 2575 2631 et
2627 2585 2963 2652 symmystcn
3010 2572 3350 2626 familiariter
3399 2569 3471 2624 fe-

1871 2678 2051 2731 cerat;
2085 2668 2170 2720 cui
2198 2667 2405 2721 consilii
2439 2665 2543 2728 sui,
2574 2680 2638 2719 ac
2671 2666 2961 2717 voluntatis
2983 2677 3180 2716 arcana
3207 2659 3468 2729 pandide—

1873 2765 1977 2820 rat,
1997 2767 2051 2811 et
2078 2773 2220 2811 nunc
2248 2758 2298 2810 in
2330 2756 2676 2810 exsecutione
2697 2772 2806 2808 sine
2834 2754 3155 2808 obedientize
3179 2749 3471 2820 dirigebat.

1872 2845 1978 2898 Sed
2018 2846 2394 2913 proculdubio
2431 2844 2590 2897 datur
2633 2843 2876 2918 intelligi,
2906 2843 3032 2910 quia
3068 2838 3465 2909 quantamlibet

1874 2935 2111 3002 contagii
2140 2934 2404 2988 maculam
2434 2950 2498 2988 ex
2559 2934 2808 2988 diuturna
2862 2932 3277 2984 Madianitarnm
3308 2927 3498 2998 cohag

1868 3026 2132 3079 bitatione
2159 3033 2525 3083 contraxerat,
2561 3033 2724 3089 atque
2767 3023 2970 3075 idcirco
3031 3031 3238 3073 terrore
3280 3034 3343 3073 ac
3374 3032 3474 3071 rte-

1871 3115 2140 3180 gligentire
2197 3114 2532 3166 correctione
2558 3101 2874 3182 purgandus
2900 3119 3040 3171 crat,
3073 3110 3165 3176 qui
3194 3108 3469 3174 corrigen-

1865 3206 1950 3257 dis
1999 3204 2120 3256 aliis
2149 3201 2450 3255 ccelestium
2483 3202 2864 3252 mandatorum
2917 3197 3126 3263 bajulus
3159 3195 3471 3251 accedebat.

1865 3294 2021 3358 Quod
2053 3292 2265 3346 scilicet
2290 3305 2426 3343 uxor
2456 3290 2572 3359 ejus
2594 3288 2835 3360 Sepbora
2860 3288 3156 3357 prudenter
3180 3287 3471 3348 intellexit,

1865 3384 1933 3435 de
1986 3393 2092 3450 qua
2138 3381 2421 3449 Scriptura
2474 3379 2722 3449 protinus
2766 3380 3016 3432 addidit:
3055 3396 3072 3428 ι
3131 3375 3276 3430 Tulit
3328 3377 3471 3431 illico

1867 3473 2112 3541 Sepbora
2166 3473 2534 3526 acutissimam
2583 3481 2814 3538 petram,
2846 3480 2899 3522 ct
2942 3469 3286 3524 circumcidit
3327 3483 3464 3538 pra:-

1865 3565 2071 3631 putium
2100 3562 2295 3615 filiisui
2328 3561 2527 3630 (Exod.
2562 3562 2654 3631 tv).
2699 3579 2716 3612 ι
2751 3560 3059 3614 Absurdum
3112 3560 3311 3628 quippe
3349 3557 3470 3610 fue-

1867 3660 1972 3711 rat,
2005 3653 2052 3705 si
2081 3651 2358 3705 videretur
2403 3651 2620 3721 gentilis
2655 3652 2706 3703 in
2764 3649 2893 3712 lilio,
2945 3651 3036 3718 qui
3070 3648 3312 3702 Israelita
3348 3656 3469 3703 erat

1868 3740 1919 3792 in
1949 3740 2260 3808 semetipso.
2313 3739 2414 3804 Qui
2465 3753 2594 3807 ergo
2636 3738 2772 3791 alios
2824 3739 2889 3790 ad
2941 3737 3281 3791 rccritudinis
3319 3738 3464 3791 viam

1865 3830 2027 3888 debet
2067 3831 2357 3892 instruere,
2384 3829 2539 3884 valde
2581 3827 2881 3884 cavendum
2906 3837 2988 3881 est
3045 3842 3112 3880 ne
3135 3827 3301 3898 518
3326 3829 3460 3897 ipse,

1865 3919 2007 3987 quod
2039 3919 2200 3980 absit,
2230 3919 2280 3970 in
2305 3917 2483 3986 aliquo
2513 3917 2765 3973 videatur
2787 3931 2994 3971 errare.
3021 3915 3157 3970 Hinc
3186 3927 3269 3970 est
3294 3918 3460 3972 ctiam

1867 4012 2007 4078 quod
2027 4010 2358 4064 lsraelilicus
2383 4010 2613 4079 populus
2643 4010 2709 4063 ad
2732 4010 3102 4064 ulciscendum
3145 4009 3321 4063 scelus
3365 4008 3467 4072 Be-

1869 4105 2030 4157 lamin
2062 4103 2390 4175 [Beniamin]
2424 4103 2540 4157 zelo
2572 4103 2918 4157 rectitudinis
2965 4101 3354 4171 inflammatur,
3409 4110 3465 4156 et

1869 4203 2046 4248 tamen
2083 4195 2222 4249 idem
2247 4193 2475 4263 papulus
2503 4192 2746 4247 Belamin
2776 4192 2969 4263 gladiis
2994 4201 3122 4246 ante
3156 4192 3462 4261 prosterni-

1870 4295 1956 4337 tur
1977 4285 2130 4355 (Jud.
2164 4285 2276 4354 xx).
2304 4284 2475 4350 Quem
2517 4283 2664 4336 enim
2694 4298 2798 4334 non
2833 4291 3068 4342 moveat,
3101 4281 3243 4349 quod
3275 4279 3463 4332 Domi-

1869 4393 1970 4431 nus
2002 4377 2084 4431 bis
2113 4377 2506 4446 interrogatur,
2533 4375 2616 4447 bis
2646 4374 2714 4428 ad
2746 4375 3043 4428 ineundum
3072 4385 3263 4427 contra
3317 4372 3466 4426 Bela-

1870 4467 1977 4519 min
2009 4467 2252 4536 prmlium
2306 4465 2452 4519 dedit
2484 4479 2800 4526 assensum;
2837 4473 2893 4517 et
2946 4474 3124 4516 tamen
3184 4463 3234 4515 in
3291 4462 3467 4530 primo

1863 4555 2160 4609 certamine
2189 4537 2521 4626 vigintbduo
2556 4553 2724 4608 millia
2755 4554 2822 4607 de
2849 4553 3132 4613 lsraelitis,
3168 4554 3218 4604 in
3265 4569 3466 4605 secun-

1864 4648 1930 4700 do
1958 4663 2084 4700 vero
2111 4649 2296 4701 decem
2323 4657 2376 4700 et
2401 4656 2524 4700 octo
2551 4645 2716 4699 millia
2739 4646 3058 4700 ceciderunt
3079 4646 3101 4697 ?
3126 4645 3263 4710 Quid
3295 4643 3461 4712 igitur

1863 4739 1917 4792 in
1971 4739 2054 4792 his
2114 4739 2519 4807 intelligendum
2589 4747 2690 4802 est,
2738 4738 2866 4806 quid
2925 4737 3294 4799 sentiendum,
3361 4734 3466 4790 nisi

1863 4843 1988 4896 quia
2057 4827 2206 4896 prius
2237 4826 2461 4880 curandi
2493 4835 2620 4879 sunt
2646 4842 2674 4879 a
2704 4835 2918 4881 tumore
2951 4825 3153 4894 proprii
3197 4822 3463 4888 vulneris,

1863 4917 1953 4985 qui
1999 4916 2211 4970 auferre
2244 4918 2462 4970 morbos
2510 4917 2700 4971 aliena:
2752 4916 2992 4986 gestiunt
3036 4914 3372 4982 pravitatis?
3407 4919 3465 4966 ut

1871 5006 1970 5075 ipsi
2012 5006 2123 5074 jam
2182 5007 2363 5060 mundi
2424 5022 2523 5075 per
2571 5006 2830 5060 ultionem
2877 5007 3073 5059 suimet
3104 5006 3343 5065 veniant,
3370 5002 3464 5072 qui

1872 5096 2098 5149 aliorum
2128 5105 2413 5165 perculere
2459 5111 2624 5165 prava
2665 5098 2953 5159 festinant;
2990 5097 3129 5150 sicut
3178 5096 3230 5149 iu
3280 5095 3460 5152 Evan—

1870 5187 2008 5256 gelio
2040 5188 2237 5243 dicitur
2265 5206 2279 5240 :
2315 5187 2463 5254 (Qui
2496 5189 2613 5242 sine
2654 5198 2878 5256 peccato
2906 5198 2988 5242 est
3015 5196 3278 5250 vestrum,
3309 5186 3462 5255 prius

1873 5278 1923 5329 in
1962 5275 2106 5328 illam
2140 5276 2368 5345 lapidem
2421 5277 2600 5330 mittat
2641 5277 2827 5347 (Joan.
2863 5277 3002 5346 vni).
3045 5297 3059 5326 ι
3116 5276 3269 5331 Unde
3314 5284 3464 5329 recte

1871 5383 1992 5421 cum
2045 5366 2118 5420 illi
2175 5368 2341 5420 Deum
2396 5368 2744 5422 consulentes
2774 5408 2786 5430 ,
2822 5367 3108 5421 dicerent:
3169 5385 3187 5416 ι
3225 5365 3358 5431 Quis
3407 5365 3459 5419 in

1869 5456 2108 5510 exercitu
2141 5457 3121 5526 nostroprincepscertaminiscontra
3141 5455 3280 5510 filios
3309 5454 3469 5510 Βρια-

1871 5549 1979 5599 inin
2011 5545 2372 5619 [Benjamin]?
2400 5567 2418 5598 ι
2452 5537 2751 5618 Respondit
2783 5567 2794 5600 :
2825 5567 2842 5597 ι
2865 5545 3032 5601 ludas
3055 5548 3126 5599 sit
3152 5547 3258 5600 dux
3286 5554 3467 5600 vester

1871 5638 2021 5709 (Iud.
2051 5639 2177 5708 xx);
2203 5657 2220 5689 ι
2250 5642 2373 5707 quia
2405 5640 2551 5695 enim
2575 5639 2740 5694 .ludas
2770 5640 3027 5710 confessio
3051 5639 3462 5707 interpretatur,

1873 5742 2016 5786 recte
2049 5730 2153 5785 dux
2189 5730 2332 5787 illius
2364 5730 2486 5788 belli
2523 5732 2687 5788 ludas
2713 5734 3078 5788 constituitur.
3111 5730 3178 5788 Ut
3206 5732 3463 5785 nimirum
