  <div class='ocr_page' id='page_1' title='image "/cluster/home/n/w/nwhite01/storage/ocr_20150623/144-145/uc1.31175001639262/795.png"; bbox 0 0 5664 6654; ppageno 0'>
   <div class='ocr_carea' id='block_1_1' title="bbox 3 6372 916 6654">
    <p class='ocr_par' dir='ltr' id='par_1_1' title="bbox 7 6376 911 6654">
     <span class='ocr_line' id='line_1_1' title="bbox 7 6376 911 6654; baseline -0.004 0"><span class='ocrx_word' id='word_1_1' title='bbox 7 6376 911 6654; x_wconf 45' lang='grc' dir='ltr'>Ξ</span> 
     </span>
    </p>
   </div>
   <div class='ocr_carea' id='block_1_2' title="bbox 2253 481 2352 537">
    <p class='ocr_par' dir='ltr' id='par_1_2' title="bbox 2253 481 2352 537">
     <span class='ocr_line' id='line_1_2' title="bbox 2253 481 2352 537; baseline 0.03 -3"><span class='ocrx_word' id='word_1_2' title='bbox 2253 481 2352 537; x_wconf 73' lang='lat' dir='ltr'><strong>Mi</strong></span> 
     </span>
    </p>
   </div>
   <div class='ocr_carea' id='block_1_3' title="bbox 2652 474 5005 535">
    <p class='ocr_par' dir='ltr' id='par_1_3' title="bbox 2652 474 5005 535">
     <span class='ocr_line' id='line_1_3' title="bbox 2652 474 5005 535; baseline -0.002 0"><span class='ocrx_word' id='word_1_3' title='bbox 2652 477 2711 535; x_wconf 84' lang='lat' dir='ltr'><strong>S.</strong></span> <span class='ocrx_word' id='word_1_4' title='bbox 2753 476 2953 535; x_wconf 78' lang='lat' dir='ltr'><strong>PETRI</strong></span> <span class='ocrx_word' id='word_1_5' title='bbox 2992 476 3268 534; x_wconf 70' lang='lat' dir='ltr'><strong>DAMIANI</strong></span> <span class='ocrx_word' id='word_1_6' title='bbox 3308 476 3459 532; x_wconf 84' lang='lat' dir='ltr'><strong>OPP.</strong></span> <span class='ocrx_word' id='word_1_7' title='bbox 3499 474 3729 531; x_wconf 76' lang='lat' dir='ltr'><strong>TOMUS</strong></span> <span class='ocrx_word' id='word_1_8' title='bbox 3772 475 3899 531; x_wconf 85' lang='lat' dir='ltr'><strong>SEU</strong></span> <span class='ocrx_word' id='word_1_9' title='bbox 3936 476 4110 529; x_wconf 77' lang='lat' dir='ltr'><strong>PARS</strong></span> <span class='ocrx_word' id='word_1_10' title='bbox 4152 476 4231 528; x_wconf 88' lang='grc' dir='ltr'><strong>ΙΙΙ.</strong></span> <span class='ocrx_word' id='word_1_11' title='bbox 4272 506 4340 514; x_wconf 89' lang='lat'><strong>—-</strong></span> <span class='ocrx_word' id='word_1_12' title='bbox 4377 474 4737 532; x_wconf 68' lang='lat' dir='ltr'><strong>OPUSCL&#39;LA</strong></span> <span class='ocrx_word' id='word_1_13' title='bbox 4777 475 5005 531; x_wconf 73' lang='lat' dir='ltr'><strong>VARIA.</strong></span> 
     </span>
    </p>
   </div>
   <div class='ocr_carea' id='block_1_4' title="bbox 5356 477 5454 531">
    <p class='ocr_par' dir='ltr' id='par_1_4' title="bbox 5356 477 5454 531">
     <span class='ocr_line' id='line_1_4' title="bbox 5356 477 5454 531; baseline -0.01 0"><span class='ocrx_word' id='word_1_14' title='bbox 5356 477 5454 531; x_wconf 77' lang='lat'><strong>5!!</strong></span> 
     </span>
    </p>
   </div>
   <div class='ocr_carea' id='block_1_5' title="bbox 2248 583 5456 659">
    <p class='ocr_par' dir='ltr' id='par_1_5' title="bbox 2248 583 5456 659">
     <span class='ocr_line' id='line_1_5' title="bbox 2248 583 5456 659; baseline -0.001 -18"><span class='ocrx_word' id='word_1_15' title='bbox 2248 590 2399 659; x_wconf 84' lang='lat' dir='ltr'><strong>prius</strong></span> <span class='ocrx_word' id='word_1_16' title='bbox 2420 603 2516 659; x_wconf 89' lang='lat' dir='ltr'><strong>per</strong></span> <span class='ocrx_word' id='word_1_17' title='bbox 2542 588 2931 643; x_wconf 80' lang='lat' dir='ltr'><strong>confessionem</strong></span> <span class='ocrx_word' id='word_1_18' title='bbox 2968 586 3177 655; x_wconf 88' lang='lat' dir='ltr'><strong>propria</strong></span> <span class='ocrx_word' id='word_1_19' title='bbox 3217 585 3463 639; x_wconf 86' lang='lat' dir='ltr'><strong>studeant</strong></span> <span class='ocrx_word' id='word_1_20' title='bbox 3493 592 3667 638; x_wconf 87' lang='lat' dir='ltr'><strong>errata</strong></span> <span class='ocrx_word' id='word_1_21' title='bbox 3690 596 3809 637; x_wconf 87' lang='lat' dir='ltr'><strong>eor-</strong></span> <span class='ocrx_word' id='word_1_22' title='bbox 3836 586 3884 645; x_wconf 79' lang='grc' dir='ltr'><strong>Α</strong></span> <span class='ocrx_word' id='word_1_23' title='bbox 3912 584 4228 639; x_wconf 87' lang='lat' dir='ltr'><strong>sententiam</strong></span> <span class='ocrx_word' id='word_1_24' title='bbox 4260 592 4453 649; x_wconf 67' lang='lat' dir='ltr'><strong>teneat,</strong></span> <span class='ocrx_word' id='word_1_25' title='bbox 4489 585 4534 639; x_wconf 91' lang='lat' dir='ltr'><strong>si</strong></span> <span class='ocrx_word' id='word_1_26' title='bbox 4584 584 4723 638; x_wconf 84' lang='lat' dir='ltr'><strong>hanc</strong></span> <span class='ocrx_word' id='word_1_27' title='bbox 4776 583 5003 639; x_wconf 81' lang='lat' dir='ltr'><strong>clericus</strong></span> <span class='ocrx_word' id='word_1_28' title='bbox 5028 599 5131 637; x_wconf 88' lang='lat' dir='ltr'><strong>non</strong></span> <span class='ocrx_word' id='word_1_29' title='bbox 5178 588 5456 640; x_wconf 78' lang='lat' dir='ltr'><strong>observat?</strong></span> 
     </span>
    </p>
   </div>
   <div class='ocr_carea' id='block_1_6' title="bbox 2251 672 3809 748">
    <p class='ocr_par' dir='ltr' id='par_1_6' title="bbox 2251 672 3809 748">
     <span class='ocr_line' id='line_1_6' title="bbox 2251 672 3809 748; baseline -0.003 -17"><span class='ocrx_word' id='word_1_30' title='bbox 2251 679 2443 748; x_wconf 79' lang='lat' dir='ltr'><strong>rigere,</strong></span> <span class='ocrx_word' id='word_1_31' title='bbox 2471 694 2561 748; x_wconf 82' lang='lat' dir='ltr'><strong>qui</strong></span> <span class='ocrx_word' id='word_1_32' title='bbox 2587 676 2705 731; x_wconf 81' lang='lat' dir='ltr'><strong>aliis</strong></span> <span class='ocrx_word' id='word_1_33' title='bbox 2731 674 2917 730; x_wconf 83' lang='lat' dir='ltr'><strong>volunt</strong></span> <span class='ocrx_word' id='word_1_34' title='bbox 2939 688 3177 729; x_wconf 85' lang='lat' dir='ltr'><strong>errorem</strong></span> <span class='ocrx_word' id='word_1_35' title='bbox 3207 674 3583 730; x_wconf 78' lang='lat' dir='ltr'><strong>confitentibus</strong></span> <span class='ocrx_word' id='word_1_36' title='bbox 3615 672 3809 727; x_wconf 73' lang='lat' dir='ltr'><strong>subve-</strong></span> 
     </span>
    </p>
   </div>
   <div class='ocr_carea' id='block_1_7' title="bbox 2255 782 2390 820">
    <p class='ocr_par' dir='ltr' id='par_1_7' title="bbox 2255 782 2390 820">
     <span class='ocr_line' id='line_1_7' title="bbox 2255 782 2390 820; baseline 0 0"><span class='ocrx_word' id='word_1_37' title='bbox 2255 782 2390 820; x_wconf 80' lang='lat' dir='ltr'><strong>mre.</strong></span> 
     </span>
    </p>
   </div>
   <div class='ocr_carea' id='block_1_8' title="bbox 2869 854 3193 911">
    <p class='ocr_par' dir='ltr' id='par_1_8' title="bbox 2869 854 3193 911">
     <span class='ocr_line' id='line_1_8' title="bbox 2869 854 3193 911; baseline -0.009 -1"><span class='ocrx_word' id='word_1_38' title='bbox 2869 854 3093 911; x_wconf 80' lang='lat' dir='ltr'><strong>CAPUT</strong></span> <span class='ocrx_word' id='word_1_39' title='bbox 3129 854 3193 908; x_wconf 73' lang='grc' dir='ltr'><strong>ν.</strong></span> 
     </span>
    </p>
   </div>
   <div class='ocr_carea' id='block_1_9' title="bbox 2247 964 3815 1035">
    <p class='ocr_par' dir='ltr' id='par_1_9' title="bbox 2247 964 3815 1035">
     <span class='ocr_line' id='line_1_9' title="bbox 2247 964 3815 1035; baseline 0 -16"><span class='ocrx_word' id='word_1_40' title='bbox 2247 965 2408 1031; x_wconf 80' lang='lat' dir='ltr'><strong>Quod</strong></span> <span class='ocrx_word' id='word_1_41' title='bbox 2452 982 2741 1019; x_wconf 67' lang='lat' dir='ltr'><strong>communio</strong></span> <span class='ocrx_word' id='word_1_42' title='bbox 2781 974 2899 1020; x_wconf 68' lang='lat' dir='ltr'><strong>vita</strong></span> <span class='ocrx_word' id='word_1_43' title='bbox 2939 967 3180 1020; x_wconf 80' lang='lat' dir='ltr'><strong>unionem</strong></span> <span class='ocrx_word' id='word_1_44' title='bbox 3206 968 3416 1035; x_wconf 73' lang='lat' dir='ltr'><strong>spiritus</strong></span> <span class='ocrx_word' id='word_1_45' title='bbox 3460 973 3510 1018; x_wconf 78' lang='lat' dir='ltr'><strong>et</strong></span> <span class='ocrx_word' id='word_1_46' title='bbox 3545 964 3815 1019; x_wconf 74' lang='lat' dir='ltr'><strong>rectitudi—</strong></span> 
     </span>
    </p>
   </div>
   <div class='ocr_carea' id='block_1_10' title="bbox 2864 1039 3192 1103">
    <p class='ocr_par' dir='ltr' id='par_1_10' title="bbox 2864 1039 3192 1103">
     <span class='ocr_line' id='line_1_10' title="bbox 2864 1039 3192 1103; baseline 0.003 -15"><span class='ocrx_word' id='word_1_47' title='bbox 2864 1052 2978 1088; x_wconf 81' lang='lat' dir='ltr'><strong>nem</strong></span> <span class='ocrx_word' id='word_1_48' title='bbox 3006 1039 3192 1103; x_wconf 81' lang='lat' dir='ltr'><strong>pariat.</strong></span> 
     </span>
    </p>
   </div>
   <div class='ocr_carea' id='block_1_11' title="bbox 2323 1122 3815 1192">
    <p class='ocr_par' dir='ltr' id='par_1_11' title="bbox 2323 1122 3815 1192">
     <span class='ocr_line' id='line_1_11' title="bbox 2323 1122 3815 1192; baseline 0.003 -19"><span class='ocrx_word' id='word_1_49' title='bbox 2323 1122 2681 1192; x_wconf 80' lang='lat' dir='ltr'><strong>Quapropter,</strong></span> <span class='ocrx_word' id='word_1_50' title='bbox 2729 1122 3053 1188; x_wconf 85' lang='lat' dir='ltr'><strong>charissitni,</strong></span> <span class='ocrx_word' id='word_1_51' title='bbox 3090 1125 3134 1178; x_wconf 89' lang='lat' dir='ltr'><strong>si</strong></span> <span class='ocrx_word' id='word_1_52' title='bbox 3182 1123 3341 1177; x_wconf 84' lang='lat' dir='ltr'><strong>vultis</strong></span> <span class='ocrx_word' id='word_1_53' title='bbox 3392 1123 3442 1178; x_wconf 93' lang='lat' dir='ltr'><strong>in</strong></span> <span class='ocrx_word' id='word_1_54' title='bbox 3478 1122 3672 1192; x_wconf 92' lang='lat' dir='ltr'><strong>populo</strong></span> <span class='ocrx_word' id='word_1_55' title='bbox 3695 1123 3815 1188; x_wconf 88' lang='lat' dir='ltr'><strong>Dei,</strong></span> 
     </span>
    </p>
   </div>
   <div class='ocr_carea' id='block_1_12' title="bbox 2251 1212 3812 1282">
    <p class='ocr_par' dir='ltr' id='par_1_12' title="bbox 2251 1212 3812 1282">
     <span class='ocr_line' id='line_1_12' title="bbox 2251 1212 3812 1282; baseline 0.003 -20"><span class='ocrx_word' id='word_1_56' title='bbox 2251 1212 2446 1278; x_wconf 80' lang='lat' dir='ltr'><strong>quibus</strong></span> <span class='ocrx_word' id='word_1_57' title='bbox 2479 1212 2547 1267; x_wconf 84' lang='lat' dir='ltr'><strong>ad</strong></span> <span class='ocrx_word' id='word_1_58' title='bbox 2572 1213 2871 1281; x_wconf 80' lang='lat' dir='ltr'><strong>exemplum</strong></span> <span class='ocrx_word' id='word_1_59' title='bbox 2898 1212 3167 1282; x_wconf 63' lang='lat' dir='ltr'><strong>prmpositi</strong></span> <span class='ocrx_word' id='word_1_60' title='bbox 3197 1213 3347 1275; x_wconf 87' lang='lat' dir='ltr'><strong>estis,</strong></span> <span class='ocrx_word' id='word_1_61' title='bbox 3380 1213 3522 1267; x_wconf 87' lang='lat' dir='ltr'><strong>inter</strong></span> <span class='ocrx_word' id='word_1_62' title='bbox 3564 1228 3700 1281; x_wconf 91' lang='lat' dir='ltr'><strong>quos</strong></span> <span class='ocrx_word' id='word_1_63' title='bbox 3729 1212 3812 1266; x_wconf 87' lang='lat' dir='ltr'><strong>lu-</strong></span> 
     </span>
    </p>
   </div>
   <div class='ocr_carea' id='block_1_13' title="bbox 2250 1301 3814 1372">
    <p class='ocr_par' dir='ltr' id='par_1_13' title="bbox 2250 1301 3814 1372">
     <span class='ocr_line' id='line_1_13' title="bbox 2250 1301 3814 1372; baseline -0.001 -16"><span class='ocrx_word' id='word_1_64' title='bbox 2250 1301 2385 1356; x_wconf 87' lang='lat' dir='ltr'><strong>cetis</strong></span> <span class='ocrx_word' id='word_1_65' title='bbox 2436 1302 2591 1372; x_wconf 88' lang='lat' dir='ltr'><strong>quasi</strong></span> <span class='ocrx_word' id='word_1_66' title='bbox 2655 1301 2931 1356; x_wconf 79' lang='lat' dir='ltr'><strong>luminaria</strong></span> <span class='ocrx_word' id='word_1_67' title='bbox 3000 1303 3049 1355; x_wconf 92' lang='lat' dir='ltr'><strong>in</strong></span> <span class='ocrx_word' id='word_1_68' title='bbox 3108 1301 3346 1365; x_wconf 87' lang='lat' dir='ltr'><strong>mundo,</strong></span> <span class='ocrx_word' id='word_1_69' title='bbox 3406 1302 3630 1357; x_wconf 88' lang='lat' dir='ltr'><strong>verbum</strong></span> <span class='ocrx_word' id='word_1_70' title='bbox 3692 1302 3814 1356; x_wconf 73' lang='lat' dir='ltr'><strong>vita:</strong></span> 
     </span>
    </p>
   </div>
   <div class='ocr_carea' id='block_1_14' title="bbox 2252 1390 3815 1459">
    <p class='ocr_par' dir='ltr' id='par_1_14' title="bbox 2252 1390 3815 1459">
     <span class='ocr_line' id='line_1_14' title="bbox 2252 1390 3815 1459; baseline -0.001 -14"><span class='ocrx_word' id='word_1_71' title='bbox 2252 1390 2621 1456; x_wconf 84' lang='lat' dir='ltr'><strong>continentes;</strong></span> <span class='ocrx_word' id='word_1_72' title='bbox 2676 1392 2718 1444; x_wconf 98' lang='lat' dir='ltr'><strong>si</strong></span> <span class='ocrx_word' id='word_1_73' title='bbox 2800 1390 2996 1451; x_wconf 83' lang='lat' dir='ltr'><strong>vultis.</strong></span> <span class='ocrx_word' id='word_1_74' title='bbox 3054 1391 3299 1459; x_wconf 88' lang='lat' dir='ltr'><strong>inquam,</strong></span> <span class='ocrx_word' id='word_1_75' title='bbox 3347 1392 3489 1445; x_wconf 91' lang='lat' dir='ltr'><strong>inter</strong></span> <span class='ocrx_word' id='word_1_76' title='bbox 3548 1408 3641 1447; x_wconf 89' lang='lat' dir='ltr'><strong>eos</strong></span> <span class='ocrx_word' id='word_1_77' title='bbox 3699 1391 3815 1445; x_wconf 88' lang='lat' dir='ltr'><strong>ani-</strong></span> 
     </span>
    </p>
   </div>
   <div class='ocr_carea' id='block_1_15' title="bbox 2254 1478 3815 1547">
    <p class='ocr_par' dir='ltr' id='par_1_15' title="bbox 2254 1478 3815 1547">
     <span class='ocr_line' id='line_1_15' title="bbox 2254 1478 3815 1547; baseline 0.002 -18"><span class='ocrx_word' id='word_1_78' title='bbox 2254 1491 2462 1529; x_wconf 89' lang='lat' dir='ltr'><strong>marum</strong></span> <span class='ocrx_word' id='word_1_79' title='bbox 2494 1478 2635 1530; x_wconf 87' lang='lat' dir='ltr'><strong>lucra</strong></span> <span class='ocrx_word' id='word_1_80' title='bbox 2690 1478 3027 1546; x_wconf 85' lang='lat' dir='ltr'><strong>conquirere.</strong></span> <span class='ocrx_word' id='word_1_81' title='bbox 3077 1478 3119 1531; x_wconf 87' lang='lat' dir='ltr'><strong>si</strong></span> <span class='ocrx_word' id='word_1_82' title='bbox 3163 1487 3409 1533; x_wconf 81' lang='lat' dir='ltr'><strong>errantes</strong></span> <span class='ocrx_word' id='word_1_83' title='bbox 3446 1480 3512 1533; x_wconf 91' lang='lat' dir='ltr'><strong>ad</strong></span> <span class='ocrx_word' id='word_1_84' title='bbox 3544 1479 3815 1547; x_wconf 77' lang='lat' dir='ltr'><strong>religionis</strong></span> 
     </span>
    </p>
   </div>
   <div class='ocr_carea' id='block_1_16' title="bbox 2256 1568 3817 1641">
    <p class='ocr_par' dir='ltr' id='par_1_16' title="bbox 2256 1568 3817 1641">
     <span class='ocr_line' id='line_1_16' title="bbox 2256 1568 3817 1641; baseline 0.004 -23"><span class='ocrx_word' id='word_1_85' title='bbox 2256 1568 2381 1619; x_wconf 81' lang='lat' dir='ltr'><strong>.ibct</strong></span> <span class='ocrx_word' id='word_1_86' title='bbox 2410 1568 2777 1622; x_wconf 84' lang='lat' dir='ltr'><strong>rectitudincm</strong></span> <span class='ocrx_word' id='word_1_87' title='bbox 2804 1585 3117 1637; x_wconf 80' lang='lat' dir='ltr'><strong>provocare,</strong></span> <span class='ocrx_word' id='word_1_88' title='bbox 3151 1572 3203 1624; x_wconf 92' lang='lat' dir='ltr'><strong>in</strong></span> <span class='ocrx_word' id='word_1_89' title='bbox 3229 1572 3620 1641; x_wconf 85' lang='lat' dir='ltr'><strong>vobismetipsis</strong></span> <span class='ocrx_word' id='word_1_90' title='bbox 3645 1573 3817 1638; x_wconf 87' lang='lat' dir='ltr'><strong>prius,</strong></span> 
     </span>
    </p>
   </div>
   <div class='ocr_carea' id='block_1_17' title="bbox 2252 1656 3815 1726">
    <p class='ocr_par' dir='ltr' id='par_1_17' title="bbox 2252 1656 3815 1726">
     <span class='ocr_line' id='line_1_17' title="bbox 2252 1656 3815 1726; baseline 0.002 -18"><span class='ocrx_word' id='word_1_91' title='bbox 2252 1656 2298 1708; x_wconf 82' lang='lat' dir='ltr'><strong>si</strong></span> <span class='ocrx_word' id='word_1_92' title='bbox 2326 1669 2429 1723; x_wconf 90' lang='lat' dir='ltr'><strong>qua</strong></span> <span class='ocrx_word' id='word_1_93' title='bbox 2458 1665 2601 1720; x_wconf 89' lang='lat' dir='ltr'><strong>sunt,</strong></span> <span class='ocrx_word' id='word_1_94' title='bbox 2631 1656 2846 1726; x_wconf 91' lang='lat' dir='ltr'><strong>obliqua</strong></span> <span class='ocrx_word' id='word_1_95' title='bbox 2879 1658 3114 1724; x_wconf 82' lang='lat' dir='ltr'><strong>dirigite,</strong></span> <span class='ocrx_word' id='word_1_96' title='bbox 3148 1669 3201 1712; x_wconf 89' lang='lat' dir='ltr'><strong>et</strong></span> <span class='ocrx_word' id='word_1_97' title='bbox 3240 1660 3306 1711; x_wconf 89' lang='lat' dir='ltr'><strong>ad</strong></span> <span class='ocrx_word' id='word_1_98' title='bbox 3350 1658 3582 1713; x_wconf 82' lang='lat' dir='ltr'><strong>scholam</strong></span> <span class='ocrx_word' id='word_1_99' title='bbox 3616 1659 3815 1713; x_wconf 88' lang='lat' dir='ltr'><strong>Christi</strong></span> 
     </span>
    </p>
   </div>
   <div class='ocr_carea' id='block_1_18' title="bbox 2256 1742 3818 1808">
    <p class='ocr_par' dir='ltr' id='par_1_18' title="bbox 2256 1742 3818 1808">
     <span class='ocr_line' id='line_1_18' title="bbox 2256 1742 3818 1808; baseline 0.005 -13"><span class='ocrx_word' id='word_1_100' title='bbox 2256 1742 2415 1795; x_wconf 81' lang='lat' dir='ltr'><strong>simul</strong></span> <span class='ocrx_word' id='word_1_101' title='bbox 2439 1746 2844 1808; x_wconf 78' lang='lat' dir='ltr'><strong>convenientes,</strong></span> <span class='ocrx_word' id='word_1_102' title='bbox 2878 1746 2929 1798; x_wconf 92' lang='lat' dir='ltr'><strong>in</strong></span> <span class='ocrx_word' id='word_1_103' title='bbox 2959 1748 3330 1800; x_wconf 64' lang='lat' dir='ltr'><strong>communione</strong></span> <span class='ocrx_word' id='word_1_104' title='bbox 3377 1748 3500 1801; x_wconf 76' lang='lat' dir='ltr'><strong>vita:</strong></span> <span class='ocrx_word' id='word_1_105' title='bbox 3540 1757 3594 1800; x_wconf 88' lang='lat' dir='ltr'><strong>et</strong></span> <span class='ocrx_word' id='word_1_106' title='bbox 3621 1750 3818 1803; x_wconf 88' lang='lat' dir='ltr'><strong>unione</strong></span> 
     </span>
    </p>
   </div>
   <div class='ocr_carea' id='block_1_19' title="bbox 2258 1835 3815 1905">
    <p class='ocr_par' dir='ltr' id='par_1_19' title="bbox 2258 1835 3815 1905">
     <span class='ocr_line' id='line_1_19' title="bbox 2258 1835 3815 1905; baseline 0.001 -16"><span class='ocrx_word' id='word_1_107' title='bbox 2258 1835 2478 1903; x_wconf 76' lang='lat' dir='ltr'><strong>spiritus</strong></span> <span class='ocrx_word' id='word_1_108' title='bbox 2498 1836 2835 1890; x_wconf 80' lang='lat' dir='ltr'><strong>concorditer</strong></span> <span class='ocrx_word' id='word_1_109' title='bbox 2864 1849 3191 1905; x_wconf 88' lang='lat' dir='ltr'><strong>permanete.</strong></span> <span class='ocrx_word' id='word_1_110' title='bbox 3240 1838 3353 1892; x_wconf 74' lang='lat' dir='ltr'><strong>Non</strong></span> <span class='ocrx_word' id='word_1_111' title='bbox 3386 1838 3527 1892; x_wconf 88' lang='lat' dir='ltr'><strong>inter</strong></span> <span class='ocrx_word' id='word_1_112' title='bbox 3554 1854 3649 1892; x_wconf 86' lang='lat' dir='ltr'><strong>vos</strong></span> <span class='ocrx_word' id='word_1_113' title='bbox 3675 1837 3782 1890; x_wconf 86' lang='lat' dir='ltr'><strong>divi</strong></span> <span class='ocrx_word' id='word_1_114' title='bbox 3801 1867 3815 1877; x_wconf 91' lang='lat'><strong>-</strong></span> 
     </span>
    </p>
   </div>
   <div class='ocr_carea' id='block_1_20' title="bbox 3911 676 5439 746">
    <p class='ocr_par' dir='ltr' id='par_1_20' title="bbox 3911 676 5439 746">
     <span class='ocr_line' id='line_1_20' title="bbox 3911 676 5439 746; baseline 0.002 -16"><span class='ocrx_word' id='word_1_115' title='bbox 3911 676 4154 744; x_wconf 74' lang='lat' dir='ltr'><strong>Nunquid</strong></span> <span class='ocrx_word' id='word_1_116' title='bbox 4204 677 4497 746; x_wconf 78' lang='lat' dir='ltr'><strong>conjugati,</strong></span> <span class='ocrx_word' id='word_1_117' title='bbox 4558 676 4647 744; x_wconf 91' lang='lat' dir='ltr'><strong>qui</strong></span> <span class='ocrx_word' id='word_1_118' title='bbox 4709 676 4848 730; x_wconf 81' lang='lat' dir='ltr'><strong>filios</strong></span> <span class='ocrx_word' id='word_1_119' title='bbox 4890 677 5284 745; x_wconf 87' lang='lat' dir='ltr'><strong>nutriunt.qui</strong></span> <span class='ocrx_word' id='word_1_120' title='bbox 5336 678 5439 733; x_wconf 88' lang='lat' dir='ltr'><strong>Deo</strong></span> 
     </span>
    </p>
   </div>
   <div class='ocr_carea' id='block_1_21' title="bbox 3911 767 5455 835">
    <p class='ocr_par' dir='ltr' id='par_1_21' title="bbox 3911 767 5455 835">
     <span class='ocr_line' id='line_1_21' title="bbox 3911 767 5455 835; baseline 0 -14"><span class='ocrx_word' id='word_1_121' title='bbox 3911 768 4145 821; x_wconf 81' lang='lat' dir='ltr'><strong>decimas</strong></span> <span class='ocrx_word' id='word_1_122' title='bbox 4197 782 4263 820; x_wconf 77' lang='lat' dir='ltr'><strong>ex</strong></span> <span class='ocrx_word' id='word_1_123' title='bbox 4304 768 4469 835; x_wconf 89' lang='lat' dir='ltr'><strong>ipsius</strong></span> <span class='ocrx_word' id='word_1_124' title='bbox 4524 767 4844 821; x_wconf 84' lang='lat' dir='ltr'><strong>auctoritate</strong></span> <span class='ocrx_word' id='word_1_125' title='bbox 4890 767 5196 834; x_wconf 85' lang='lat' dir='ltr'><strong>persolvunt</strong></span> <span class='ocrx_word' id='word_1_126' title='bbox 5246 768 5269 821; x_wconf 69' lang='lat'><strong>2</strong></span> <span class='ocrx_word' id='word_1_127' title='bbox 5307 786 5325 818; x_wconf 82' lang='grc' dir='ltr'><strong>ι</strong></span> <span class='ocrx_word' id='word_1_128' title='bbox 5359 767 5455 833; x_wconf 88' lang='lat' dir='ltr'><strong>Qui</strong></span> 
     </span>
    </p>
   </div>
   <div class='ocr_carea' id='block_1_22' title="bbox 3910 856 5453 921">
    <p class='ocr_par' dir='ltr' id='par_1_22' title="bbox 3910 856 5453 921">
     <span class='ocr_line' id='line_1_22' title="bbox 3910 856 5453 921; baseline 0.001 -12"><span class='ocrx_word' id='word_1_129' title='bbox 3910 858 4048 910; x_wconf 89' lang='lat' dir='ltr'><strong>enim</strong></span> <span class='ocrx_word' id='word_1_130' title='bbox 4097 856 4276 918; x_wconf 76' lang='lat' dir='ltr'><strong>oilert,</strong></span> <span class='ocrx_word' id='word_1_131' title='bbox 4317 868 4368 910; x_wconf 89' lang='lat' dir='ltr'><strong>ut</strong></span> <span class='ocrx_word' id='word_1_132' title='bbox 4410 856 4606 911; x_wconf 77' lang='lat' dir='ltr'><strong>Paulus</strong></span> <span class='ocrx_word' id='word_1_133' title='bbox 4650 858 4726 910; x_wconf 90' lang='lat' dir='ltr'><strong>ait</strong></span> <span class='ocrx_word' id='word_1_134' title='bbox 4752 897 4767 921; x_wconf 94' lang='lat'><strong>,</strong></span> <span class='ocrx_word' id='word_1_135' title='bbox 4823 871 5041 911; x_wconf 78' lang='lat' dir='ltr'><strong>necesse</strong></span> <span class='ocrx_word' id='word_1_136' title='bbox 5081 866 5163 909; x_wconf 89' lang='lat' dir='ltr'><strong>cst</strong></span> <span class='ocrx_word' id='word_1_137' title='bbox 5207 871 5325 909; x_wconf 89' lang='lat' dir='ltr'><strong>eum</strong></span> <span class='ocrx_word' id='word_1_138' title='bbox 5368 857 5453 912; x_wconf 84' lang='lat' dir='ltr'><strong>ali-</strong></span> 
     </span>
    </p>
   </div>
   <div class='ocr_carea' id='block_1_23' title="bbox 3910 949 5461 1023">
    <p class='ocr_par' dir='ltr' id='par_1_23' title="bbox 3910 949 5461 1023">
     <span class='ocr_line' id='line_1_23' title="bbox 3910 949 5461 1023; baseline 0.002 -23"><span class='ocrx_word' id='word_1_139' title='bbox 3910 949 4035 1019; x_wconf 89' lang='lat' dir='ltr'><strong>quid</strong></span> <span class='ocrx_word' id='word_1_140' title='bbox 4075 949 4273 1004; x_wconf 83' lang='lat' dir='ltr'><strong>habere</strong></span> <span class='ocrx_word' id='word_1_141' title='bbox 4340 952 4479 1019; x_wconf 90' lang='lat' dir='ltr'><strong>quod</strong></span> <span class='ocrx_word' id='word_1_142' title='bbox 4526 950 4714 1005; x_wconf 76' lang='lat' dir='ltr'><strong>offerat</strong></span> <span class='ocrx_word' id='word_1_143' title='bbox 4779 951 4962 1017; x_wconf 77' lang='lat' dir='ltr'><strong>(Hebr.</strong></span> <span class='ocrx_word' id='word_1_144' title='bbox 5026 952 5165 1023; x_wconf 83' lang='lat' dir='ltr'><strong>vin).</strong></span> <span class='ocrx_word' id='word_1_145' title='bbox 5206 969 5223 1002; x_wconf 75' lang='grc' dir='ltr'><strong>ι</strong></span> <span class='ocrx_word' id='word_1_146' title='bbox 5270 950 5461 1003; x_wconf 86' lang='lat' dir='ltr'><strong>Deinde</strong></span> 
     </span>
    </p>
   </div>
   <div class='ocr_carea' id='block_1_24' title="bbox 3910 1040 5462 1111">
    <p class='ocr_par' dir='ltr' id='par_1_24' title="bbox 3910 1040 5462 1111">
     <span class='ocr_line' id='line_1_24' title="bbox 3910 1040 5462 1111; baseline -0.003 -16"><span class='ocrx_word' id='word_1_147' title='bbox 3910 1042 4179 1111; x_wconf 84' lang='lat' dir='ltr'><strong>quomodo</strong></span> <span class='ocrx_word' id='word_1_148' title='bbox 4207 1043 4405 1111; x_wconf 91' lang='lat' dir='ltr'><strong>poterit</strong></span> <span class='ocrx_word' id='word_1_149' title='bbox 4430 1043 4482 1096; x_wconf 90' lang='lat' dir='ltr'><strong>in</strong></span> <span class='ocrx_word' id='word_1_150' title='bbox 4512 1044 4679 1097; x_wconf 84' lang='lat' dir='ltr'><strong>choro</strong></span> <span class='ocrx_word' id='word_1_151' title='bbox 4704 1042 4824 1111; x_wconf 85' lang='lat' dir='ltr'><strong>quis</strong></span> <span class='ocrx_word' id='word_1_152' title='bbox 4850 1042 5183 1110; x_wconf 76' lang='lat' dir='ltr'><strong>psallentium</strong></span> <span class='ocrx_word' id='word_1_153' title='bbox 5211 1040 5462 1095; x_wconf 85' lang='lat' dir='ltr'><strong>constitu-</strong></span> 
     </span>
    </p>
   </div>
   <div class='ocr_carea' id='block_1_25' title="bbox 3915 1127 5460 1198">
    <p class='ocr_par' dir='ltr' id='par_1_25' title="bbox 3915 1127 5460 1198">
     <span class='ocr_line' id='line_1_25' title="bbox 3915 1127 5460 1198; baseline -0.001 -16"><span class='ocrx_word' id='word_1_154' title='bbox 3915 1138 4020 1188; x_wconf 88' lang='lat' dir='ltr'><strong>tus.</strong></span> <span class='ocrx_word' id='word_1_155' title='bbox 4042 1144 4135 1182; x_wconf 88' lang='lat' dir='ltr'><strong>cor</strong></span> <span class='ocrx_word' id='word_1_156' title='bbox 4163 1128 4329 1181; x_wconf 78' lang='lat' dir='ltr'><strong>ﬁxum</strong></span> <span class='ocrx_word' id='word_1_157' title='bbox 4360 1130 4412 1182; x_wconf 91' lang='lat' dir='ltr'><strong>in</strong></span> <span class='ocrx_word' id='word_1_158' title='bbox 4466 1130 4711 1184; x_wconf 82' lang='lat' dir='ltr'><strong>oratione</strong></span> <span class='ocrx_word' id='word_1_159' title='bbox 4747 1139 4951 1193; x_wconf 88' lang='lat' dir='ltr'><strong>tenere,</strong></span> <span class='ocrx_word' id='word_1_160' title='bbox 4980 1131 5070 1198; x_wconf 90' lang='lat' dir='ltr'><strong>qui</strong></span> <span class='ocrx_word' id='word_1_161' title='bbox 5103 1131 5167 1185; x_wconf 89' lang='lat' dir='ltr'><strong>de</strong></span> <span class='ocrx_word' id='word_1_162' title='bbox 5193 1127 5377 1183; x_wconf 88' lang='lat' dir='ltr'><strong>loculis</strong></span> <span class='ocrx_word' id='word_1_163' title='bbox 5411 1136 5460 1187; x_wconf 71' lang='lat' dir='ltr'><strong>et</strong></span> 
     </span>
    </p>
   </div>
   <div class='ocr_carea' id='block_1_26' title="bbox 3913 1218 5442 1288">
    <p class='ocr_par' dir='ltr' id='par_1_26' title="bbox 3913 1218 5442 1288">
     <span class='ocr_line' id='line_1_26' title="bbox 3913 1218 5442 1288; baseline 0.001 -17"><span class='ocrx_word' id='word_1_164' title='bbox 3913 1218 4078 1288; x_wconf 72' lang='lat'><strong>519</strong></span> <span class='ocrx_word' id='word_1_165' title='bbox 4100 1219 4461 1287; x_wconf 86' lang='lat' dir='ltr'><strong>capsidilibus,</strong></span> <span class='ocrx_word' id='word_1_166' title='bbox 4489 1236 4554 1274; x_wconf 90' lang='lat' dir='ltr'><strong>ne</strong></span> <span class='ocrx_word' id='word_1_167' title='bbox 4614 1221 4785 1275; x_wconf 76' lang='lat' dir='ltr'><strong>audax</strong></span> <span class='ocrx_word' id='word_1_168' title='bbox 4818 1219 5029 1274; x_wconf 85' lang='lat' dir='ltr'><strong>advolet</strong></span> <span class='ocrx_word' id='word_1_169' title='bbox 5082 1234 5285 1284; x_wconf 86' lang='lat' dir='ltr'><strong>manus,</strong></span> <span class='ocrx_word' id='word_1_170' title='bbox 5314 1232 5442 1273; x_wconf 80' lang='lat' dir='ltr'><strong>exeo</strong></span> 
     </span>
    </p>
   </div>
   <div class='ocr_carea' id='block_1_27' title="bbox 3914 1308 5462 1380">
    <p class='ocr_par' dir='ltr' id='par_1_27' title="bbox 3914 1308 5462 1380">
     <span class='ocr_line' id='line_1_27' title="bbox 3914 1308 5462 1380; baseline -0.001 -19"><span class='ocrx_word' id='word_1_171' title='bbox 3914 1312 4047 1379; x_wconf 83' lang='lat' dir='ltr'><strong>gitat</strong></span> <span class='ocrx_word' id='word_1_172' title='bbox 4076 1313 4097 1364; x_wconf 83' lang='lat'><strong>?</strong></span> <span class='ocrx_word' id='word_1_173' title='bbox 4126 1313 4191 1365; x_wconf 79' lang='lat' dir='ltr'><strong>tle</strong></span> <span class='ocrx_word' id='word_1_174' title='bbox 4229 1311 4524 1380; x_wconf 73' lang='lat' dir='ltr'><strong>apothecis,</strong></span> <span class='ocrx_word' id='word_1_175' title='bbox 4552 1322 4607 1366; x_wconf 89' lang='lat' dir='ltr'><strong>et</strong></span> <span class='ocrx_word' id='word_1_176' title='bbox 4654 1312 4888 1377; x_wconf 86' lang='lat' dir='ltr'><strong>horreis,</strong></span> <span class='ocrx_word' id='word_1_177' title='bbox 4939 1326 5006 1365; x_wconf 92' lang='lat' dir='ltr'><strong>ne</strong></span> <span class='ocrx_word' id='word_1_178' title='bbox 5044 1310 5248 1365; x_wconf 78' lang='lat' dir='ltr'><strong>furibus</strong></span> <span class='ocrx_word' id='word_1_179' title='bbox 5297 1308 5462 1362; x_wconf 86' lang='lat' dir='ltr'><strong>famu-</strong></span> 
     </span>
    </p>
   </div>
   <div class='ocr_carea' id='block_1_28' title="bbox 3915 1398 5470 1462">
    <p class='ocr_par' dir='ltr' id='par_1_28' title="bbox 3915 1398 5470 1462">
     <span class='ocr_line' id='line_1_28' title="bbox 3915 1398 5470 1462; baseline -0.003 -7"><span class='ocrx_word' id='word_1_180' title='bbox 3915 1401 4112 1462; x_wconf 86' lang='lat' dir='ltr'><strong>lentur,</strong></span> <span class='ocrx_word' id='word_1_181' title='bbox 4145 1401 4552 1456; x_wconf 70' lang='lat' dir='ltr'><strong>addubitatine</strong></span> <span class='ocrx_word' id='word_1_182' title='bbox 4593 1417 4696 1456; x_wconf 90' lang='lat' dir='ltr'><strong>non</strong></span> <span class='ocrx_word' id='word_1_183' title='bbox 4748 1417 4882 1457; x_wconf 72' lang='lat' dir='ltr'><strong>sene</strong></span> <span class='ocrx_word' id='word_1_184' title='bbox 4922 1403 5098 1455; x_wconf 88' lang='lat' dir='ltr'><strong>minus</strong></span> <span class='ocrx_word' id='word_1_185' title='bbox 5124 1399 5303 1455; x_wconf 76' lang='lat' dir='ltr'><strong>ﬁdeles</strong></span> <span class='ocrx_word' id='word_1_186' title='bbox 5329 1398 5470 1453; x_wconf 91' lang='lat' dir='ltr'><strong>ohsi-</strong></span> 
     </span>
    </p>
   </div>
   <div class='ocr_carea' id='block_1_29' title="bbox 3915 1490 5471 1560">
    <p class='ocr_par' dir='ltr' id='par_1_29' title="bbox 3915 1490 5471 1560">
     <span class='ocr_line' id='line_1_29' title="bbox 3915 1490 5471 1560; baseline -0.001 -16"><span class='ocrx_word' id='word_1_187' title='bbox 3915 1498 4078 1549; x_wconf 87' lang='lat' dir='ltr'><strong>stant,</strong></span> <span class='ocrx_word' id='word_1_188' title='bbox 4109 1500 4271 1558; x_wconf 82' lang='lat' dir='ltr'><strong>atque</strong></span> <span class='ocrx_word' id='word_1_189' title='bbox 4294 1492 4358 1544; x_wconf 89' lang='lat' dir='ltr'><strong>de</strong></span> <span class='ocrx_word' id='word_1_190' title='bbox 4385 1491 4559 1545; x_wconf 90' lang='lat' dir='ltr'><strong>furum</strong></span> <span class='ocrx_word' id='word_1_191' title='bbox 4582 1507 4794 1560; x_wconf 85' lang='lat' dir='ltr'><strong>semper</strong></span> <span class='ocrx_word' id='word_1_192' title='bbox 4835 1492 5201 1560; x_wconf 87' lang='lat' dir='ltr'><strong>obrepentium</strong></span> <span class='ocrx_word' id='word_1_193' title='bbox 5231 1490 5471 1559; x_wconf 91' lang='lat' dir='ltr'><strong>irruptio-</strong></span> 
     </span>
    </p>
   </div>
   <div class='ocr_carea' id='block_1_30' title="bbox 3917 1578 5469 1649">
    <p class='ocr_par' dir='ltr' id='par_1_30' title="bbox 3917 1578 5469 1649">
     <span class='ocr_line' id='line_1_30' title="bbox 3917 1578 5469 1649; baseline -0.001 -18"><span class='ocrx_word' id='word_1_194' title='bbox 3917 1595 3983 1633; x_wconf 89' lang='lat' dir='ltr'><strong>ne</strong></span> <span class='ocrx_word' id='word_1_195' title='bbox 4008 1578 4299 1634; x_wconf 79' lang='lat' dir='ltr'><strong>formidat?</strong></span> <span class='ocrx_word' id='word_1_196' title='bbox 4331 1580 4438 1649; x_wconf 82' lang='lat' dir='ltr'><strong>Ego</strong></span> <span class='ocrx_word' id='word_1_197' title='bbox 4473 1590 4653 1635; x_wconf 88' lang='lat' dir='ltr'><strong>autem</strong></span> <span class='ocrx_word' id='word_1_198' title='bbox 4686 1580 4908 1635; x_wconf 82' lang='lat' dir='ltr'><strong>forsitan</strong></span> <span class='ocrx_word' id='word_1_199' title='bbox 4937 1581 5190 1644; x_wconf 84' lang='lat' dir='ltr'><strong>mentior,</strong></span> <span class='ocrx_word' id='word_1_200' title='bbox 5210 1578 5302 1633; x_wconf 87' lang='lat' dir='ltr'><strong>sed</strong></span> <span class='ocrx_word' id='word_1_201' title='bbox 5339 1592 5469 1631; x_wconf 86' lang='lat' dir='ltr'><strong>nun-</strong></span> 
     </span>
    </p>
   </div>
   <div class='ocr_carea' id='block_1_31' title="bbox 3918 1665 5472 1738">
    <p class='ocr_par' dir='ltr' id='par_1_31' title="bbox 3918 1665 5472 1738">
     <span class='ocr_line' id='line_1_31' title="bbox 3918 1665 5472 1738; baseline 0.001 -20"><span class='ocrx_word' id='word_1_202' title='bbox 3918 1669 4043 1736; x_wconf 86' lang='lat' dir='ltr'><strong>quid</strong></span> <span class='ocrx_word' id='word_1_203' title='bbox 4073 1667 4281 1721; x_wconf 80' lang='lat' dir='ltr'><strong>Veritas</strong></span> <span class='ocrx_word' id='word_1_204' title='bbox 4319 1670 4517 1738; x_wconf 92' lang='lat' dir='ltr'><strong>poterit</strong></span> <span class='ocrx_word' id='word_1_205' title='bbox 4571 1670 4810 1733; x_wconf 83' lang='lat' dir='ltr'><strong>mentiri,</strong></span> <span class='ocrx_word' id='word_1_206' title='bbox 4842 1684 4960 1737; x_wconf 75' lang='lat' dir='ltr'><strong>qua:</strong></span> <span class='ocrx_word' id='word_1_207' title='bbox 4987 1670 5118 1724; x_wconf 89' lang='lat' dir='ltr'><strong>dicit</strong></span> <span class='ocrx_word' id='word_1_208' title='bbox 5145 1687 5157 1722; x_wconf 88' lang='lat'><strong>:</strong></span> <span class='ocrx_word' id='word_1_209' title='bbox 5197 1687 5214 1719; x_wconf 87' lang='grc' dir='ltr'><strong>ι</strong></span> <span class='ocrx_word' id='word_1_210' title='bbox 5244 1665 5343 1723; x_wconf 88' lang='lat' dir='ltr'><strong>Ubi</strong></span> <span class='ocrx_word' id='word_1_211' title='bbox 5391 1675 5472 1721; x_wconf 88' lang='lat' dir='ltr'><strong>est</strong></span> 
     </span>
    </p>
   </div>
   <div class='ocr_carea' id='block_1_32' title="bbox 3922 1757 5468 1829">
    <p class='ocr_par' dir='ltr' id='par_1_32' title="bbox 3922 1757 5468 1829">
     <span class='ocr_line' id='line_1_32' title="bbox 3922 1757 5468 1829; baseline -0.003 -14"><span class='ocrx_word' id='word_1_212' title='bbox 3922 1762 4199 1817; x_wconf 87' lang='lat' dir='ltr'><strong>thesaurus</strong></span> <span class='ocrx_word' id='word_1_213' title='bbox 4230 1770 4371 1825; x_wconf 89' lang='lat' dir='ltr'><strong>tuus,</strong></span> <span class='ocrx_word' id='word_1_214' title='bbox 4411 1762 4480 1815; x_wconf 86' lang='lat' dir='ltr'><strong>ibi</strong></span> <span class='ocrx_word' id='word_1_215' title='bbox 4520 1770 4605 1816; x_wconf 88' lang='lat' dir='ltr'><strong>est</strong></span> <span class='ocrx_word' id='word_1_216' title='bbox 4652 1771 4707 1817; x_wconf 91' lang='lat' dir='ltr'><strong>et</strong></span> <span class='ocrx_word' id='word_1_217' title='bbox 4753 1776 4846 1816; x_wconf 91' lang='lat' dir='ltr'><strong>cor</strong></span> <span class='ocrx_word' id='word_1_218' title='bbox 4876 1761 5065 1815; x_wconf 75' lang='lat' dir='ltr'><strong>tuum?</strong></span> <span class='ocrx_word' id='word_1_219' title='bbox 5105 1779 5122 1811; x_wconf 76' lang='grc' dir='ltr'><strong>ι</strong></span> <span class='ocrx_word' id='word_1_220' title='bbox 5152 1757 5359 1829; x_wconf 69' lang='lat' dir='ltr'><strong>(Matth.</strong></span> <span class='ocrx_word' id='word_1_221' title='bbox 5387 1772 5468 1822; x_wconf 84' lang='lat' dir='ltr'><strong>vt;</strong></span> 
     </span>
    </p>
   </div>
   <div class='ocr_carea' id='block_1_33' title="bbox 3920 1848 5474 1923">
    <p class='ocr_par' dir='ltr' id='par_1_33' title="bbox 3920 1848 5474 1923">
     <span class='ocr_line' id='line_1_33' title="bbox 3920 1848 5474 1923; baseline -0.003 -18"><span class='ocrx_word' id='word_1_222' title='bbox 3920 1852 4047 1906; x_wconf 86' lang='lat' dir='ltr'><strong>Luc.</strong></span> <span class='ocrx_word' id='word_1_223' title='bbox 4072 1853 4194 1923; x_wconf 80' lang='lat' dir='ltr'><strong>xu.)</strong></span> <span class='ocrx_word' id='word_1_224' title='bbox 4222 1854 4285 1907; x_wconf 85' lang='lat' dir='ltr'><strong>Et</strong></span> <span class='ocrx_word' id='word_1_225' title='bbox 4311 1855 4447 1907; x_wconf 85' lang='lat' dir='ltr'><strong>forte</strong></span> <span class='ocrx_word' id='word_1_226' title='bbox 4482 1854 4812 1907; x_wconf 87' lang='lat' dir='ltr'><strong>tolerabilius</strong></span> <span class='ocrx_word' id='word_1_227' title='bbox 4842 1863 5167 1916; x_wconf 85' lang='lat' dir='ltr'><strong>censeretur,</strong></span> <span class='ocrx_word' id='word_1_228' title='bbox 5212 1850 5254 1905; x_wconf 89' lang='lat' dir='ltr'><strong>si</strong></span> <span class='ocrx_word' id='word_1_229' title='bbox 5284 1850 5334 1902; x_wconf 91' lang='lat' dir='ltr'><strong>in</strong></span> <span class='ocrx_word' id='word_1_230' title='bbox 5366 1848 5474 1903; x_wconf 83' lang='lat' dir='ltr'><strong>suis</strong></span> 
     </span>
    </p>
   </div>
   <div class='ocr_carea' id='block_1_34' title="bbox 2265 1923 5475 2011">
    <p class='ocr_par' dir='ltr' id='par_1_34' title="bbox 2265 1923 5475 2011">
     <span class='ocr_line' id='line_1_34' title="bbox 2265 1923 5475 2011; baseline 0.001 -35"><span class='ocrx_word' id='word_1_231' title='bbox 2265 1923 2347 1977; x_wconf 88' lang='lat' dir='ltr'><strong>sio</strong></span> <span class='ocrx_word' id='word_1_232' title='bbox 2378 1926 2449 1977; x_wconf 88' lang='lat' dir='ltr'><strong>sit</strong></span> <span class='ocrx_word' id='word_1_233' title='bbox 2473 1925 2772 2011; x_wconf 71' lang='lat' dir='ltr'><strong>domorum,</strong></span> <span class='ocrx_word' id='word_1_234' title='bbox 2806 1942 2909 1979; x_wconf 90' lang='lat' dir='ltr'><strong>non</strong></span> <span class='ocrx_word' id='word_1_235' title='bbox 2934 1927 3166 1980; x_wconf 84' lang='lat' dir='ltr'><strong>scissura</strong></span> <span class='ocrx_word' id='word_1_236' title='bbox 3199 1929 3479 1985; x_wconf 87' lang='lat' dir='ltr'><strong>mentium.</strong></span> <span class='ocrx_word' id='word_1_237' title='bbox 3512 1944 3615 1981; x_wconf 89' lang='lat' dir='ltr'><strong>non</strong></span> <span class='ocrx_word' id='word_1_238' title='bbox 3640 1928 3816 1981; x_wconf 86' lang='lat' dir='ltr'><strong>diver-</strong></span> <span class='ocrx_word' id='word_1_239' title='bbox 3844 1929 3890 1986; x_wconf 78' lang='grc' dir='ltr'><strong>Β</strong></span> <span class='ocrx_word' id='word_1_240' title='bbox 3916 1943 4282 2011; x_wconf 64' lang='grc' dir='ltr'><strong>ρρηριηιίδυε</strong></span> <span class='ocrx_word' id='word_1_241' title='bbox 4328 1942 4494 1995; x_wconf 54' lang='lat' dir='ltr'><strong>amcis</strong></span> <span class='ocrx_word' id='word_1_242' title='bbox 4527 1944 4705 1995; x_wconf 61' lang='grc' dir='ltr'><strong>δίνίηη</strong></span> <span class='ocrx_word' id='word_1_243' title='bbox 4748 1951 5083 2011; x_wconf 46' lang='lat' dir='ltr'><strong>peragam“.</strong></span> <span class='ocrx_word' id='word_1_244' title='bbox 5117 1955 5178 1995; x_wconf 63' lang='lat' dir='ltr'><strong>ac</strong></span> <span class='ocrx_word' id='word_1_245' title='bbox 5217 1954 5317 1993; x_wconf 69' lang='lat' dir='ltr'><strong>non</strong></span> <span class='ocrx_word' id='word_1_246' title='bbox 5366 1938 5475 1990; x_wconf 80' lang='grc' dir='ltr'><strong>ιοη-</strong></span> 
     </span>
    </p>
   </div>
   <div class='ocr_carea' id='block_1_35' title="bbox 2259 1997 3817 2085">
    <p class='ocr_par' dir='ltr' id='par_1_35' title="bbox 2259 1997 3817 2085">
     <span class='ocr_line' id='line_1_35' title="bbox 2259 1997 3817 2085; baseline 0.003 -18"><span class='ocrx_word' id='word_1_247' title='bbox 2259 2015 2390 2067; x_wconf 87' lang='lat' dir='ltr'><strong>sitas</strong></span> <span class='ocrx_word' id='word_1_248' title='bbox 2420 1997 2747 2067; x_wconf 67' lang='lat' dir='ltr'><strong>facultatnni.</strong></span> <span class='ocrx_word' id='word_1_249' title='bbox 2800 2015 3118 2071; x_wconf 76' lang='lat' dir='ltr'><strong>Mementote</strong></span> <span class='ocrx_word' id='word_1_250' title='bbox 3143 2032 3375 2085; x_wconf 83' lang='lat' dir='ltr'><strong>semper,</strong></span> <span class='ocrx_word' id='word_1_251' title='bbox 3404 2019 3526 2085; x_wconf 87' lang='lat' dir='ltr'><strong>quia</strong></span> <span class='ocrx_word' id='word_1_252' title='bbox 3556 2019 3620 2071; x_wconf 84' lang='lat' dir='ltr'><strong>de</strong></span> <span class='ocrx_word' id='word_1_253' title='bbox 3657 2019 3817 2071; x_wconf 83' lang='lat' dir='ltr'><strong>sectis</strong></span> 
     </span>
    </p>
   </div>
   <div class='ocr_carea' id='block_1_36' title="bbox 2262 2102 3816 2172">
    <p class='ocr_par' dir='ltr' id='par_1_36' title="bbox 2262 2102 3816 2172">
     <span class='ocr_line' id='line_1_36' title="bbox 2262 2102 3816 2172; baseline 0.005 -19"><span class='ocrx_word' id='word_1_254' title='bbox 2262 2102 2526 2171; x_wconf 82' lang='lat' dir='ltr'><strong>lapidibus</strong></span> <span class='ocrx_word' id='word_1_255' title='bbox 2552 2102 2717 2155; x_wconf 87' lang='lat' dir='ltr'><strong>altare</strong></span> <span class='ocrx_word' id='word_1_256' title='bbox 2740 2106 2989 2172; x_wconf 82' lang='lat' dir='ltr'><strong>reprobat</strong></span> <span class='ocrx_word' id='word_1_257' title='bbox 3021 2106 3159 2161; x_wconf 86' lang='lat' dir='ltr'><strong>Deus</strong></span> <span class='ocrx_word' id='word_1_258' title='bbox 3188 2125 3201 2159; x_wconf 86' lang='lat'><strong>:</strong></span> <span class='ocrx_word' id='word_1_259' title='bbox 3236 2126 3251 2157; x_wconf 84' lang='grc' dir='ltr'><strong>ι</strong></span> <span class='ocrx_word' id='word_1_260' title='bbox 3287 2108 3340 2159; x_wconf 84' lang='lat' dir='ltr'><strong>Si</strong></span> <span class='ocrx_word' id='word_1_261' title='bbox 3370 2109 3507 2161; x_wconf 89' lang='lat' dir='ltr'><strong>enim</strong></span> <span class='ocrx_word' id='word_1_262' title='bbox 3539 2107 3816 2172; x_wconf 81' lang='lat' dir='ltr'><strong>levavcris,</strong></span> 
     </span>
    </p>
   </div>
   <div class='ocr_carea' id='block_1_37' title="bbox 2261 2190 3817 2263">
    <p class='ocr_par' dir='ltr' id='par_1_37' title="bbox 2261 2190 3817 2263">
     <span class='ocr_line' id='line_1_37' title="bbox 2261 2190 3817 2263; baseline 0.002 -20"><span class='ocrx_word' id='word_1_263' title='bbox 2261 2190 2453 2257; x_wconf 83' lang='lat' dir='ltr'><strong>inquit,</strong></span> <span class='ocrx_word' id='word_1_264' title='bbox 2500 2205 2661 2259; x_wconf 80' lang='lat' dir='ltr'><strong>super</strong></span> <span class='ocrx_word' id='word_1_265' title='bbox 2687 2207 2808 2244; x_wconf 92' lang='lat' dir='ltr'><strong>eum</strong></span> <span class='ocrx_word' id='word_1_266' title='bbox 2860 2193 3087 2246; x_wconf 89' lang='lat' dir='ltr'><strong>cultrum</strong></span> <span class='ocrx_word' id='word_1_267' title='bbox 3137 2204 3281 2247; x_wconf 90' lang='lat' dir='ltr'><strong>tuum</strong></span> <span class='ocrx_word' id='word_1_268' title='bbox 3326 2194 3592 2263; x_wconf 86' lang='lat' dir='ltr'><strong>polluetur</strong></span> <span class='ocrx_word' id='word_1_269' title='bbox 3624 2194 3817 2263; x_wconf 75' lang='lat' dir='ltr'><strong>(Exod.</strong></span> 
     </span>
    </p>
   </div>
   <div class='ocr_carea' id='block_1_38' title="bbox 2264 2280 3822 2356">
    <p class='ocr_par' dir='ltr' id='par_1_38' title="bbox 2264 2280 3822 2356">
     <span class='ocr_line' id='line_1_38' title="bbox 2264 2280 3822 2356; baseline 0.005 -23"><span class='ocrx_word' id='word_1_270' title='bbox 2264 2285 2375 2347; x_wconf 77' lang='lat' dir='ltr'><strong>xx).</strong></span> <span class='ocrx_word' id='word_1_271' title='bbox 2421 2300 2439 2331; x_wconf 70' lang='grc' dir='ltr'><strong>ι</strong></span> <span class='ocrx_word' id='word_1_272' title='bbox 2474 2280 2618 2334; x_wconf 85' lang='lat' dir='ltr'><strong>Secti</strong></span> <span class='ocrx_word' id='word_1_273' title='bbox 2665 2284 2860 2351; x_wconf 80' lang='lat' dir='ltr'><strong>quippe</strong></span> <span class='ocrx_word' id='word_1_274' title='bbox 2910 2284 3114 2353; x_wconf 86' lang='lat' dir='ltr'><strong>lapides</strong></span> <span class='ocrx_word' id='word_1_275' title='bbox 3159 2297 3305 2351; x_wconf 76' lang='lat' dir='ltr'><strong>:tlttl,</strong></span> <span class='ocrx_word' id='word_1_276' title='bbox 3339 2288 3429 2356; x_wconf 86' lang='lat' dir='ltr'><strong>qui</strong></span> <span class='ocrx_word' id='word_1_277' title='bbox 3459 2287 3707 2341; x_wconf 70' lang='lat' dir='ltr'><strong>fraternre</strong></span> <span class='ocrx_word' id='word_1_278' title='bbox 3736 2304 3822 2341; x_wconf 82' lang='lat' dir='ltr'><strong>so-</strong></span> 
     </span>
    </p>
   </div>
   <div class='ocr_carea' id='block_1_39' title="bbox 2260 2370 3823 2443">
    <p class='ocr_par' dir='ltr' id='par_1_39' title="bbox 2260 2370 3823 2443">
     <span class='ocr_line' id='line_1_39' title="bbox 2260 2370 3823 2443; baseline 0.003 -21"><span class='ocrx_word' id='word_1_279' title='bbox 2260 2370 2471 2423; x_wconf 86' lang='lat' dir='ltr'><strong>cietatis</strong></span> <span class='ocrx_word' id='word_1_280' title='bbox 2515 2373 2841 2424; x_wconf 87' lang='lat' dir='ltr'><strong>consortium</strong></span> <span class='ocrx_word' id='word_1_281' title='bbox 2890 2383 3182 2440; x_wconf 81' lang='lat' dir='ltr'><strong>respuunt;</strong></span> <span class='ocrx_word' id='word_1_282' title='bbox 3226 2376 3316 2443; x_wconf 80' lang='lat' dir='ltr'><strong>qui</strong></span> <span class='ocrx_word' id='word_1_283' title='bbox 3365 2377 3542 2427; x_wconf 70' lang='lat' dir='ltr'><strong>vivere</strong></span> <span class='ocrx_word' id='word_1_284' title='bbox 3569 2392 3686 2429; x_wconf 87' lang='lat' dir='ltr'><strong>cum</strong></span> <span class='ocrx_word' id='word_1_285' title='bbox 3722 2377 3823 2427; x_wconf 80' lang='lat' dir='ltr'><strong>frn-</strong></span> 
     </span>
    </p>
   </div>
   <div class='ocr_carea' id='block_1_40' title="bbox 2263 2460 3820 2521">
    <p class='ocr_par' dir='ltr' id='par_1_40' title="bbox 2263 2460 3820 2521">
     <span class='ocr_line' id='line_1_40' title="bbox 2263 2460 3820 2521; baseline 0.004 -10"><span class='ocrx_word' id='word_1_286' title='bbox 2263 2460 2456 2521; x_wconf 89' lang='lat' dir='ltr'><strong>tribus,</strong></span> <span class='ocrx_word' id='word_1_287' title='bbox 2480 2462 2847 2515; x_wconf 81' lang='lat' dir='ltr'><strong>etcouversari</strong></span> <span class='ocrx_word' id='word_1_288' title='bbox 2871 2464 3209 2517; x_wconf 87' lang='lat' dir='ltr'><strong>concorditer</strong></span> <span class='ocrx_word' id='word_1_289' title='bbox 3240 2464 3615 2518; x_wconf 78' lang='lat' dir='ltr'><strong>nolunt.T:iles</strong></span> <span class='ocrx_word' id='word_1_290' title='bbox 3644 2476 3820 2517; x_wconf 86' lang='lat' dir='ltr'><strong>autem</strong></span> 
     </span>
    </p>
   </div>
   <div class='ocr_carea' id='block_1_41' title="bbox 2259 2546 3825 2619">
    <p class='ocr_par' dir='ltr' id='par_1_41' title="bbox 2259 2546 3825 2619">
     <span class='ocr_line' id='line_1_41' title="bbox 2259 2546 3825 2619; baseline 0.003 -20"><span class='ocrx_word' id='word_1_291' title='bbox 2259 2546 2503 2599; x_wconf 78' lang='lat' dir='ltr'><strong>Christus</strong></span> <span class='ocrx_word' id='word_1_292' title='bbox 2534 2548 2585 2600; x_wconf 86' lang='lat' dir='ltr'><strong>in</strong></span> <span class='ocrx_word' id='word_1_293' title='bbox 2622 2564 2717 2601; x_wconf 84' lang='lat' dir='ltr'><strong>suo</strong></span> <span class='ocrx_word' id='word_1_294' title='bbox 2750 2566 2850 2602; x_wconf 84' lang='lat' dir='ltr'><strong>non</strong></span> <span class='ocrx_word' id='word_1_295' title='bbox 2882 2552 3071 2617; x_wconf 85' lang='lat' dir='ltr'><strong>recipit</strong></span> <span class='ocrx_word' id='word_1_296' title='bbox 3120 2567 3373 2619; x_wconf 74' lang='lat' dir='ltr'><strong>corpire.</strong></span> <span class='ocrx_word' id='word_1_297' title='bbox 3433 2570 3567 2619; x_wconf 75' lang='lat' dir='ltr'><strong>quos</strong></span> <span class='ocrx_word' id='word_1_298' title='bbox 3603 2572 3627 2604; x_wconf 62' lang='grc' dir='ltr'><strong>ιι</strong></span> <span class='ocrx_word' id='word_1_299' title='bbox 3680 2570 3825 2604; x_wconf 68' lang='lat' dir='ltr'><strong>Illt&#39;ll-</strong></span> 
     </span>
    </p>
   </div>
   <div class='ocr_carea' id='block_1_42' title="bbox 2266 2636 3826 2709">
    <p class='ocr_par' dir='ltr' id='par_1_42' title="bbox 2266 2636 3826 2709">
     <span class='ocr_line' id='line_1_42' title="bbox 2266 2636 3826 2709; baseline 0.003 -21"><span class='ocrx_word' id='word_1_300' title='bbox 2266 2636 2482 2689; x_wconf 89' lang='lat' dir='ltr'><strong>brorum</strong></span> <span class='ocrx_word' id='word_1_301' title='bbox 2515 2653 2729 2689; x_wconf 87' lang='lat' dir='ltr'><strong>suorum</strong></span> <span class='ocrx_word' id='word_1_302' title='bbox 2761 2650 2936 2691; x_wconf 84' lang='lat' dir='ltr'><strong>sectos</strong></span> <span class='ocrx_word' id='word_1_303' title='bbox 2959 2640 3165 2706; x_wconf 68' lang='lat' dir='ltr'><strong>iudicat</strong></span> <span class='ocrx_word' id='word_1_304' title='bbox 3206 2644 3425 2695; x_wconf 80' lang='lat' dir='ltr'><strong>unitate.</strong></span> <span class='ocrx_word' id='word_1_305' title='bbox 3461 2642 3532 2694; x_wconf 85' lang='lat' dir='ltr'><strong>De</strong></span> <span class='ocrx_word' id='word_1_306' title='bbox 3566 2644 3665 2693; x_wconf 70' lang='lat' dir='ltr'><strong>illis</strong></span> <span class='ocrx_word' id='word_1_307' title='bbox 3705 2659 3826 2709; x_wconf 76' lang='lat' dir='ltr'><strong>por-</strong></span> 
     </span>
    </p>
   </div>
   <div class='ocr_carea' id='block_1_43' title="bbox 2265 2725 3828 2798">
    <p class='ocr_par' dir='ltr' id='par_1_43' title="bbox 2265 2725 3828 2798">
     <span class='ocr_line' id='line_1_43' title="bbox 2265 2725 3828 2798; baseline 0.005 -23"><span class='ocrx_word' id='word_1_308' title='bbox 2265 2725 2609 2795; x_wconf 83' lang='lat' dir='ltr'><strong>mlapidibtts</strong></span> <span class='ocrx_word' id='word_1_309' title='bbox 2640 2727 2809 2780; x_wconf 83' lang='lat' dir='ltr'><strong>altare</strong></span> <span class='ocrx_word' id='word_1_310' title='bbox 2861 2738 2943 2781; x_wconf 88' lang='lat' dir='ltr'><strong>est</strong></span> <span class='ocrx_word' id='word_1_311' title='bbox 2985 2729 3159 2796; x_wconf 92' lang='lat' dir='ltr'><strong>potius</strong></span> <span class='ocrx_word' id='word_1_312' title='bbox 3206 2730 3597 2795; x_wconf 81' lang='lat' dir='ltr'><strong>fabricandum,</strong></span> <span class='ocrx_word' id='word_1_313' title='bbox 3636 2734 3828 2798; x_wconf 76' lang='lat' dir='ltr'><strong>quibus</strong></span> 
     </span>
    </p>
   </div>
   <div class='ocr_carea' id='block_1_44' title="bbox 2266 2814 3825 2889">
    <p class='ocr_par' dir='ltr' id='par_1_44' title="bbox 2266 2814 3825 2889">
     <span class='ocr_line' id='line_1_44' title="bbox 2266 2814 3825 2889; baseline 0.005 -21"><span class='ocrx_word' id='word_1_314' title='bbox 2266 2814 2457 2868; x_wconf 78' lang='lat' dir='ltr'><strong>Petrus</strong></span> <span class='ocrx_word' id='word_1_315' title='bbox 2488 2817 2616 2869; x_wconf 87' lang='lat' dir='ltr'><strong>dicit</strong></span> <span class='ocrx_word' id='word_1_316' title='bbox 2671 2819 2940 2885; x_wconf 87' lang='lat' dir='ltr'><strong>apostolus</strong></span> <span class='ocrx_word' id='word_1_317' title='bbox 2972 2836 2985 2871; x_wconf 89' lang='lat'><strong>:</strong></span> <span class='ocrx_word' id='word_1_318' title='bbox 3028 2840 3044 2869; x_wconf 85' lang='grc' dir='ltr'><strong>ι</strong></span> <span class='ocrx_word' id='word_1_319' title='bbox 3076 2820 3141 2873; x_wconf 84' lang='grc' dir='ltr'>Ει</span> <span class='ocrx_word' id='word_1_320' title='bbox 3171 2821 3267 2887; x_wconf 89' lang='lat' dir='ltr'><strong>ipsi</strong></span> <span class='ocrx_word' id='word_1_321' title='bbox 3322 2832 3570 2889; x_wconf 83' lang='lat' dir='ltr'><strong>tanquam</strong></span> <span class='ocrx_word' id='word_1_322' title='bbox 3626 2825 3825 2889; x_wconf 67' lang='lat' dir='ltr'><strong>lapides</strong></span> 
     </span>
    </p>
   </div>
   <div class='ocr_carea' id='block_1_45' title="bbox 2270 2905 3819 2982">
    <p class='ocr_par' dir='ltr' id='par_1_45' title="bbox 2270 2905 3819 2982">
     <span class='ocr_line' id='line_1_45' title="bbox 2270 2905 3819 2982; baseline 0.006 -27"><span class='ocrx_word' id='word_1_323' title='bbox 2270 2905 2881 2973; x_wconf 72' lang='lat' dir='ltr'><strong>vivisnperrt&#39;tiilit&#39;amini</strong></span> <span class='ocrx_word' id='word_1_324' title='bbox 2906 2909 3094 2963; x_wconf 90' lang='lat' dir='ltr'><strong>domus</strong></span> <span class='ocrx_word' id='word_1_325' title='bbox 3116 2910 3417 2979; x_wconf 79' lang='lat' dir='ltr'><strong>spiritualcs</strong></span> <span class='ocrx_word' id='word_1_326' title='bbox 3450 2913 3498 2980; x_wconf 78' lang='grc' dir='ltr'><strong>(Ι</strong></span> <span class='ocrx_word' id='word_1_327' title='bbox 3527 2912 3666 2965; x_wconf 79' lang='lat' dir='ltr'><strong>I’ctr.</strong></span> <span class='ocrx_word' id='word_1_328' title='bbox 3698 2915 3776 2982; x_wconf 85' lang='lat' dir='ltr'><strong>tt).</strong></span> <span class='ocrx_word' id='word_1_329' title='bbox 3803 2933 3819 2964; x_wconf 74' lang='grc' dir='ltr'><strong>ι</strong></span> 
     </span>
    </p>
   </div>
   <div class='ocr_carea' id='block_1_46' title="bbox 2266 2993 3828 3067">
    <p class='ocr_par' dir='ltr' id='par_1_46' title="bbox 2266 2993 3828 3067">
     <span class='ocr_line' id='line_1_46' title="bbox 2266 2993 3828 3067; baseline 0.005 -22"><span class='ocrx_word' id='word_1_330' title='bbox 2266 2993 2363 3046; x_wconf 86' lang='lat' dir='ltr'><strong>Cui</strong></span> <span class='ocrx_word' id='word_1_331' title='bbox 2420 2995 2665 3048; x_wconf 76' lang='lat' dir='ltr'><strong>videlicet</strong></span> <span class='ocrx_word' id='word_1_332' title='bbox 2712 2999 2890 3050; x_wconf 84' lang='lat' dir='ltr'><strong>domui</strong></span> <span class='ocrx_word' id='word_1_333' title='bbox 2923 2999 3010 3051; x_wconf 88' lang='lat' dir='ltr'><strong>ille</strong></span> <span class='ocrx_word' id='word_1_334' title='bbox 3053 2999 3455 3053; x_wconf 81' lang='lat' dir='ltr'><strong>fundamentum</strong></span> <span class='ocrx_word' id='word_1_335' title='bbox 3486 3012 3589 3060; x_wconf 57' lang='lat' dir='ltr'><strong>est,</strong></span> <span class='ocrx_word' id='word_1_336' title='bbox 3633 3014 3828 3067; x_wconf 58' lang='lat' dir='ltr'><strong>preter</strong></span> 
     </span>
    </p>
   </div>
   <div class='ocr_carea' id='block_1_47' title="bbox 2267 3089 3829 3161">
    <p class='ocr_par' dir='ltr' id='par_1_47' title="bbox 2267 3089 3829 3161">
     <span class='ocr_line' id='line_1_47' title="bbox 2267 3089 3829 3161; baseline 0.006 -23"><span class='ocrx_word' id='word_1_337' title='bbox 2267 3089 2410 3156; x_wconf 86' lang='lat' dir='ltr'><strong>quod</strong></span> <span class='ocrx_word' id='word_1_338' title='bbox 2434 3104 2537 3140; x_wconf 92' lang='lat' dir='ltr'><strong>non</strong></span> <span class='ocrx_word' id='word_1_339' title='bbox 2570 3100 2745 3155; x_wconf 87' lang='lat' dir='ltr'><strong>potest</strong></span> <span class='ocrx_word' id='word_1_340' title='bbox 2776 3090 2914 3141; x_wconf 88' lang='lat' dir='ltr'><strong>aliud</strong></span> <span class='ocrx_word' id='word_1_341' title='bbox 2960 3093 3080 3159; x_wconf 91' lang='lat' dir='ltr'><strong>poni</strong></span> <span class='ocrx_word' id='word_1_342' title='bbox 3108 3092 3157 3161; x_wconf 88' lang='lat' dir='ltr'><strong>(I</strong></span> <span class='ocrx_word' id='word_1_343' title='bbox 3198 3091 3318 3145; x_wconf 86' lang='lat' dir='ltr'><strong>Cor.</strong></span> <span class='ocrx_word' id='word_1_344' title='bbox 3354 3095 3466 3158; x_wconf 79' lang='lat' dir='ltr'><strong>tu);</strong></span> <span class='ocrx_word' id='word_1_345' title='bbox 3503 3096 3587 3145; x_wconf 74' lang='lat' dir='ltr'><strong>ille</strong></span> <span class='ocrx_word' id='word_1_346' title='bbox 3612 3096 3829 3147; x_wconf 77' lang='lat' dir='ltr'><strong>summi-</strong></span> 
     </span>
    </p>
   </div>
   <div class='ocr_carea' id='block_1_48' title="bbox 2265 3176 3831 3251">
    <p class='ocr_par' dir='ltr' id='par_1_48' title="bbox 2265 3176 3831 3251">
     <span class='ocr_line' id='line_1_48' title="bbox 2265 3176 3831 3251; baseline 0.006 -24"><span class='ocrx_word' id='word_1_347' title='bbox 2265 3184 2369 3241; x_wconf 86' lang='lat' dir='ltr'><strong>tas,</strong></span> <span class='ocrx_word' id='word_1_348' title='bbox 2391 3177 2479 3245; x_wconf 89' lang='lat' dir='ltr'><strong>qui</strong></span> <span class='ocrx_word' id='word_1_349' title='bbox 2505 3176 2676 3231; x_wconf 85' lang='lat' dir='ltr'><strong>factus</strong></span> <span class='ocrx_word' id='word_1_350' title='bbox 2706 3188 2785 3233; x_wconf 86' lang='lat' dir='ltr'><strong>est</strong></span> <span class='ocrx_word' id='word_1_351' title='bbox 2815 3181 2864 3232; x_wconf 92' lang='lat' dir='ltr'><strong>in</strong></span> <span class='ocrx_word' id='word_1_352' title='bbox 2892 3189 3048 3249; x_wconf 87' lang='lat' dir='ltr'><strong>caput</strong></span> <span class='ocrx_word' id='word_1_353' title='bbox 3074 3182 3271 3251; x_wconf 81' lang='lat' dir='ltr'><strong>anguli.</strong></span> <span class='ocrx_word' id='word_1_354' title='bbox 3308 3182 3474 3251; x_wconf 74' lang='lat' dir='ltr'><strong>(Psal.</strong></span> <span class='ocrx_word' id='word_1_355' title='bbox 3501 3186 3663 3251; x_wconf 80' lang='lat' dir='ltr'><strong>cxvn)</strong></span> <span class='ocrx_word' id='word_1_356' title='bbox 3692 3186 3831 3237; x_wconf 75' lang='lat' dir='ltr'><strong>Prce-</strong></span> 
     </span>
    </p>
   </div>
   <div class='ocr_carea' id='block_1_49' title="bbox 2267 3270 3899 3340">
    <p class='ocr_par' dir='ltr' id='par_1_49' title="bbox 2267 3270 3899 3340">
     <span class='ocr_line' id='line_1_49' title="bbox 2267 3270 3899 3340; baseline 0.005 -22"><span class='ocrx_word' id='word_1_357' title='bbox 2267 3274 2410 3319; x_wconf 85' lang='lat' dir='ltr'><strong>terea</strong></span> <span class='ocrx_word' id='word_1_358' title='bbox 2461 3270 2719 3336; x_wconf 25' lang='lat' dir='ltr'><strong>nunquid,</strong></span> <span class='ocrx_word' id='word_1_359' title='bbox 2746 3271 2916 3325; x_wconf 90' lang='lat' dir='ltr'><strong>otiose</strong></span> <span class='ocrx_word' id='word_1_360' title='bbox 2948 3273 3189 3340; x_wconf 70' lang='lat' dir='ltr'><strong>pnecipit</strong></span> <span class='ocrx_word' id='word_1_361' title='bbox 3226 3274 3518 3327; x_wconf 82' lang='lat' dir='ltr'><strong>Dominus:</strong></span> <span class='ocrx_word' id='word_1_362' title='bbox 3570 3293 3588 3324; x_wconf 77' lang='grc' dir='ltr'><strong>ι</strong></span> <span class='ocrx_word' id='word_1_363' title='bbox 3629 3275 3827 3333; x_wconf 73' lang='lat' dir='ltr'><strong>Nolite,</strong></span> <span class='ocrx_word' id='word_1_364' title='bbox 3860 3317 3899 3340; x_wconf 56' lang='grc' dir='ltr'><strong>η</strong></span> 
     </span>
    </p>
   </div>
   <div class='ocr_carea' id='block_1_50' title="bbox 2270 3360 3829 3431">
    <p class='ocr_par' dir='ltr' id='par_1_50' title="bbox 2270 3360 3829 3431">
     <span class='ocr_line' id='line_1_50' title="bbox 2270 3360 3829 3431; baseline 0.007 -20"><span class='ocrx_word' id='word_1_365' title='bbox 2270 3360 2471 3428; x_wconf 88' lang='lat' dir='ltr'><strong>inquit,</strong></span> <span class='ocrx_word' id='word_1_366' title='bbox 2517 3363 2880 3418; x_wconf 77' lang='lat' dir='ltr'><strong>thesaurizaz&#39;é</strong></span> <span class='ocrx_word' id='word_1_367' title='bbox 2930 3366 3081 3421; x_wconf 84' lang='lat' dir='ltr'><strong>vobis</strong></span> <span class='ocrx_word' id='word_1_368' title='bbox 3126 3367 3407 3421; x_wconf 80' lang='lat' dir='ltr'><strong>thesauros</strong></span> <span class='ocrx_word' id='word_1_369' title='bbox 3441 3368 3492 3419; x_wconf 93' lang='lat' dir='ltr'><strong>in</strong></span> <span class='ocrx_word' id='word_1_370' title='bbox 3524 3376 3701 3431; x_wconf 86' lang='lat' dir='ltr'><strong>terra,</strong></span> <span class='ocrx_word' id='word_1_371' title='bbox 3740 3370 3829 3422; x_wconf 87' lang='lat' dir='ltr'><strong>ubi</strong></span> 
     </span>
    </p>
   </div>
   <div class='ocr_carea' id='block_1_51' title="bbox 2265 3455 3829 3522">
    <p class='ocr_par' dir='ltr' id='par_1_51' title="bbox 2265 3455 3829 3522">
     <span class='ocr_line' id='line_1_51' title="bbox 2265 3455 3829 3522; baseline 0.006 -19"><span class='ocrx_word' id='word_1_372' title='bbox 2265 3466 2467 3519; x_wconf 71' lang='lat' dir='ltr'><strong>aerugo,</strong></span> <span class='ocrx_word' id='word_1_373' title='bbox 2494 3464 2546 3505; x_wconf 90' lang='lat' dir='ltr'><strong>et</strong></span> <span class='ocrx_word' id='word_1_374' title='bbox 2576 3455 2712 3507; x_wconf 89' lang='lat' dir='ltr'><strong>tinea</strong></span> <span class='ocrx_word' id='word_1_375' title='bbox 2740 3456 3046 3522; x_wconf 87' lang='lat' dir='ltr'><strong>demolitur,</strong></span> <span class='ocrx_word' id='word_1_376' title='bbox 3097 3468 3152 3512; x_wconf 91' lang='lat' dir='ltr'><strong>et</strong></span> <span class='ocrx_word' id='word_1_377' title='bbox 3182 3460 3269 3511; x_wconf 90' lang='lat' dir='ltr'><strong>ubi</strong></span> <span class='ocrx_word' id='word_1_378' title='bbox 3298 3458 3444 3512; x_wconf 80' lang='lat' dir='ltr'><strong>fures</strong></span> <span class='ocrx_word' id='word_1_379' title='bbox 3472 3458 3750 3521; x_wconf 77' lang='lat' dir='ltr'><strong>ell‘udiunt,</strong></span> <span class='ocrx_word' id='word_1_380' title='bbox 3776 3469 3829 3512; x_wconf 89' lang='lat' dir='ltr'><strong>et</strong></span> 
     </span>
    </p>
   </div>
   <div class='ocr_carea' id='block_1_52' title="bbox 2267 3541 3824 3620">
    <p class='ocr_par' dir='ltr' id='par_1_52' title="bbox 2267 3541 3824 3620">
     <span class='ocr_line' id='line_1_52' title="bbox 2267 3541 3824 3620; baseline 0.006 -26"><span class='ocrx_word' id='word_1_381' title='bbox 2267 3541 2547 3597; x_wconf 82' lang='lat' dir='ltr'><strong>furantur?</strong></span> <span class='ocrx_word' id='word_1_382' title='bbox 2581 3565 2597 3595; x_wconf 72' lang='grc' dir='ltr'><strong>ι</strong></span> <span class='ocrx_word' id='word_1_383' title='bbox 2637 3545 2850 3615; x_wconf 76' lang='lat' dir='ltr'><strong>(Matth.</strong></span> <span class='ocrx_word' id='word_1_384' title='bbox 2886 3548 2982 3619; x_wconf 80' lang='lat' dir='ltr'><strong>vi.)</strong></span> <span class='ocrx_word' id='word_1_385' title='bbox 3008 3547 3159 3614; x_wconf 89' lang='lat' dir='ltr'><strong>Quis,</strong></span> <span class='ocrx_word' id='word_1_386' title='bbox 3184 3552 3557 3620; x_wconf 66' lang='lat' dir='ltr'><strong>quaeso,hnjus</strong></span> <span class='ocrx_word' id='word_1_387' title='bbox 3584 3551 3824 3604; x_wconf 81' lang='lat' dir='ltr'><strong>mandati</strong></span> 
     </span>
    </p>
   </div>
   <div class='ocr_carea' id='block_1_53' title="bbox 3919 2030 5474 2104">
    <p class='ocr_par' dir='ltr' id='par_1_53' title="bbox 3919 2030 5474 2104">
     <span class='ocr_line' id='line_1_53' title="bbox 3919 2030 5474 2104; baseline -0.001 -19"><span class='ocrx_word' id='word_1_388' title='bbox 3919 2034 4036 2104; x_wconf 87' lang='lat' dir='ltr'><strong>gius</strong></span> <span class='ocrx_word' id='word_1_389' title='bbox 4090 2033 4417 2095; x_wconf 76' lang='lat' dir='ltr'><strong>laborantes,</strong></span> <span class='ocrx_word' id='word_1_390' title='bbox 4478 2034 4547 2086; x_wconf 85' lang='lat' dir='ltr'><strong>ibi</strong></span> <span class='ocrx_word' id='word_1_391' title='bbox 4582 2034 4747 2087; x_wconf 90' lang='lat' dir='ltr'><strong>Deum</strong></span> <span class='ocrx_word' id='word_1_392' title='bbox 4777 2042 5115 2102; x_wconf 69' lang='lat' dir='ltr'><strong>quaererent,</strong></span> <span class='ocrx_word' id='word_1_393' title='bbox 5150 2032 5237 2085; x_wconf 90' lang='lat' dir='ltr'><strong>ubi</strong></span> <span class='ocrx_word' id='word_1_394' title='bbox 5274 2030 5474 2098; x_wconf 84' lang='lat' dir='ltr'><strong>peculia</strong></span> 
     </span>
    </p>
   </div>
   <div class='ocr_carea' id='block_1_54' title="bbox 3921 2119 5476 2186">
    <p class='ocr_par' dir='ltr' id='par_1_54' title="bbox 3921 2119 5476 2186">
     <span class='ocr_line' id='line_1_54' title="bbox 3921 2119 5476 2186; baseline -0.005 -8"><span class='ocrx_word' id='word_1_395' title='bbox 3921 2123 4256 2178; x_wconf 82' lang='lat' dir='ltr'><strong>custodirent</strong></span> <span class='ocrx_word' id='word_1_396' title='bbox 4284 2140 4297 2186; x_wconf 85' lang='lat'><strong>;</strong></span> <span class='ocrx_word' id='word_1_397' title='bbox 4326 2133 4383 2175; x_wconf 89' lang='lat' dir='ltr'><strong>ut</strong></span> <span class='ocrx_word' id='word_1_398' title='bbox 4430 2138 4549 2175; x_wconf 89' lang='lat' dir='ltr'><strong>cum</strong></span> <span class='ocrx_word' id='word_1_399' title='bbox 4581 2123 4683 2176; x_wconf 90' lang='lat' dir='ltr'><strong>illis</strong></span> <span class='ocrx_word' id='word_1_400' title='bbox 4728 2122 4997 2176; x_wconf 88' lang='lat' dir='ltr'><strong>diceretur</strong></span> <span class='ocrx_word' id='word_1_401' title='bbox 5026 2140 5038 2175; x_wconf 87' lang='lat'><strong>:</strong></span> <span class='ocrx_word' id='word_1_402' title='bbox 5073 2140 5089 2171; x_wconf 86' lang='grc' dir='ltr'><strong>ι</strong></span> <span class='ocrx_word' id='word_1_403' title='bbox 5123 2120 5220 2175; x_wconf 88' lang='lat' dir='ltr'><strong>Ubi</strong></span> <span class='ocrx_word' id='word_1_404' title='bbox 5250 2129 5329 2173; x_wconf 90' lang='lat' dir='ltr'><strong>est</strong></span> <span class='ocrx_word' id='word_1_405' title='bbox 5360 2119 5476 2172; x_wconf 84' lang='lat' dir='ltr'><strong>the-</strong></span> 
     </span>
    </p>
   </div>
   <div class='ocr_carea' id='block_1_55' title="bbox 3921 2210 5471 2278">
    <p class='ocr_par' dir='ltr' id='par_1_55' title="bbox 3921 2210 5471 2278">
     <span class='ocr_line' id='line_1_55' title="bbox 3921 2210 5471 2278; baseline -0.006 -9"><span class='ocrx_word' id='word_1_406' title='bbox 3921 2230 4109 2269; x_wconf 83' lang='lat' dir='ltr'><strong>saurus</strong></span> <span class='ocrx_word' id='word_1_407' title='bbox 4143 2224 4280 2278; x_wconf 88' lang='lat' dir='ltr'><strong>tuus,</strong></span> <span class='ocrx_word' id='word_1_408' title='bbox 4321 2214 4389 2265; x_wconf 83' lang='lat' dir='ltr'><strong>ibi</strong></span> <span class='ocrx_word' id='word_1_409' title='bbox 4418 2224 4501 2265; x_wconf 75' lang='lat' dir='ltr'><strong>est</strong></span> <span class='ocrx_word' id='word_1_410' title='bbox 4539 2223 4591 2267; x_wconf 87' lang='lat' dir='ltr'><strong>et</strong></span> <span class='ocrx_word' id='word_1_411' title='bbox 4621 2229 4715 2267; x_wconf 91' lang='lat' dir='ltr'><strong>cor</strong></span> <span class='ocrx_word' id='word_1_412' title='bbox 4764 2224 4941 2275; x_wconf 88' lang='lat' dir='ltr'><strong>tuum;</strong></span> <span class='ocrx_word' id='word_1_413' title='bbox 4984 2231 5001 2262; x_wconf 77' lang='grc' dir='ltr'><strong>ι</strong></span> <span class='ocrx_word' id='word_1_414' title='bbox 5036 2226 5136 2265; x_wconf 90' lang='lat' dir='ltr'><strong>non</strong></span> <span class='ocrx_word' id='word_1_415' title='bbox 5189 2210 5471 2277; x_wconf 80' lang='lat' dir='ltr'><strong>incongrue</strong></span> 
     </span>
    </p>
   </div>
   <div class='ocr_carea' id='block_1_56' title="bbox 3923 2303 5066 2358">
    <p class='ocr_par' dir='ltr' id='par_1_56' title="bbox 3923 2303 5066 2358">
     <span class='ocr_line' id='line_1_56' title="bbox 3923 2303 5066 2358; baseline -0.004 0"><span class='ocrx_word' id='word_1_416' title='bbox 3923 2305 4243 2358; x_wconf 78' lang='lat' dir='ltr'><strong>Subderetur</strong></span> <span class='ocrx_word' id='word_1_417' title='bbox 4280 2322 4292 2356; x_wconf 89' lang='lat'><strong>:</strong></span> <span class='ocrx_word' id='word_1_418' title='bbox 4328 2305 4413 2357; x_wconf 87' lang='lat' dir='ltr'><strong>ubi</strong></span> <span class='ocrx_word' id='word_1_419' title='bbox 4444 2316 4521 2358; x_wconf 80' lang='lat' dir='ltr'><strong>est</strong></span> <span class='ocrx_word' id='word_1_420' title='bbox 4548 2306 4708 2357; x_wconf 89' lang='lat' dir='ltr'><strong>etiam</strong></span> <span class='ocrx_word' id='word_1_421' title='bbox 4742 2304 4880 2358; x_wconf 86' lang='lat' dir='ltr'><strong>Deus</strong></span> <span class='ocrx_word' id='word_1_422' title='bbox 4909 2303 5066 2356; x_wconf 85' lang='lat' dir='ltr'><strong>tuus?</strong></span> 
     </span>
    </p>
   </div>
   <div class='ocr_carea' id='block_1_57' title="bbox 3994 2387 5478 2464">
    <p class='ocr_par' dir='ltr' id='par_1_57' title="bbox 3994 2387 5478 2464">
     <span class='ocr_line' id='line_1_57' title="bbox 3994 2387 5478 2464; baseline -0.005 -16"><span class='ocrx_word' id='word_1_423' title='bbox 3994 2394 4531 2464; x_wconf 74' lang='lat' dir='ltr'><strong>520$edqnouiam</strong></span> <span class='ocrx_word' id='word_1_424' title='bbox 4553 2410 4635 2446; x_wconf 80' lang='lat' dir='ltr'><strong>res</strong></span> <span class='ocrx_word' id='word_1_425' title='bbox 4652 2396 4763 2447; x_wconf 68' lang='lat' dir='ltr'><strong>ha&#39;c</strong></span> <span class='ocrx_word' id='word_1_426' title='bbox 4793 2407 4894 2445; x_wconf 88' lang='lat' dir='ltr'><strong>non</strong></span> <span class='ocrx_word' id='word_1_427' title='bbox 4928 2391 5143 2444; x_wconf 82' lang='lat' dir='ltr'><strong>ridenda</strong></span> <span class='ocrx_word' id='word_1_428' title='bbox 5172 2387 5478 2452; x_wconf 78' lang='lat' dir='ltr'><strong>est,seddo-</strong></span> 
     </span>
    </p>
   </div>
   <div class='ocr_carea' id='block_1_58' title="bbox 3928 2478 5479 2546">
    <p class='ocr_par' dir='ltr' id='par_1_58' title="bbox 3928 2478 5479 2546">
     <span class='ocr_line' id='line_1_58' title="bbox 3928 2478 5479 2546; baseline -0.004 -12"><span class='ocrx_word' id='word_1_429' title='bbox 3928 2484 4100 2546; x_wconf 83' lang='lat' dir='ltr'><strong>lenda,</strong></span> <span class='ocrx_word' id='word_1_430' title='bbox 4139 2486 4363 2535; x_wconf 78' lang='lat' dir='ltr'><strong>obsecro</strong></span> <span class='ocrx_word' id='word_1_431' title='bbox 4392 2498 4503 2539; x_wconf 77' lang='lat' dir='ltr'><strong>vos.</strong></span> <span class='ocrx_word' id='word_1_432' title='bbox 4537 2484 4867 2535; x_wconf 79' lang='lat' dir='ltr'><strong>dilectissimi</strong></span> <span class='ocrx_word' id='word_1_433' title='bbox 4901 2482 5027 2535; x_wconf 88' lang='lat' dir='ltr'><strong>mihi</strong></span> <span class='ocrx_word' id='word_1_434' title='bbox 5066 2480 5275 2541; x_wconf 86' lang='lat' dir='ltr'><strong>fratres,</strong></span> <span class='ocrx_word' id='word_1_435' title='bbox 5310 2487 5361 2531; x_wconf 89' lang='lat' dir='ltr'><strong>et</strong></span> <span class='ocrx_word' id='word_1_436' title='bbox 5390 2478 5479 2529; x_wconf 75' lang='grc' dir='ltr'><strong>«ιο.</strong></span> 
     </span>
    </p>
   </div>
   <div class='ocr_carea' id='block_1_59' title="bbox 3926 2569 5477 2641">
    <p class='ocr_par' dir='ltr' id='par_1_59' title="bbox 3926 2569 5477 2641">
     <span class='ocr_line' id='line_1_59' title="bbox 3926 2569 5477 2641; baseline -0.003 -16"><span class='ocrx_word' id='word_1_437' title='bbox 3926 2574 4075 2636; x_wconf 89' lang='lat' dir='ltr'><strong>mini,</strong></span> <span class='ocrx_word' id='word_1_438' title='bbox 4104 2574 4287 2635; x_wconf 85' lang='lat' dir='ltr'><strong>nolite,</strong></span> <span class='ocrx_word' id='word_1_439' title='bbox 4320 2588 4436 2640; x_wconf 71' lang='lat' dir='ltr'><strong>quae</strong></span> <span class='ocrx_word' id='word_1_440' title='bbox 4473 2574 4824 2641; x_wconf 75' lang='lat' dir='ltr'><strong>suggerimus,</strong></span> <span class='ocrx_word' id='word_1_441' title='bbox 4855 2573 5251 2640; x_wconf 82' lang='lat' dir='ltr'><strong>parvipcudere.</strong></span> <span class='ocrx_word' id='word_1_442' title='bbox 5296 2570 5386 2621; x_wconf 85' lang='lat' dir='ltr'><strong>sed</strong></span> <span class='ocrx_word' id='word_1_443' title='bbox 5428 2569 5477 2621; x_wconf 89' lang='lat' dir='ltr'><strong>in</strong></span> 
     </span>
    </p>
   </div>
   <div class='ocr_carea' id='block_1_60' title="bbox 3927 2658 5481 2729">
    <p class='ocr_par' dir='ltr' id='par_1_60' title="bbox 3927 2658 5481 2729">
     <span class='ocr_line' id='line_1_60' title="bbox 3927 2658 5481 2729; baseline -0.004 -14"><span class='ocrx_word' id='word_1_444' title='bbox 3927 2661 4104 2715; x_wconf 82' lang='lat' dir='ltr'><strong>schola</strong></span> <span class='ocrx_word' id='word_1_445' title='bbox 4134 2676 4229 2717; x_wconf 84' lang='lat' dir='ltr'><strong>vos</strong></span> <span class='ocrx_word' id='word_1_446' title='bbox 4254 2662 4447 2715; x_wconf 80' lang='lat' dir='ltr'><strong>Christi</strong></span> <span class='ocrx_word' id='word_1_447' title='bbox 4480 2663 4579 2716; x_wconf 92' lang='lat' dir='ltr'><strong>sub</strong></span> <span class='ocrx_word' id='word_1_448' title='bbox 4608 2662 4886 2729; x_wconf 62' lang='lat' dir='ltr'><strong>disciplina</strong></span> <span class='ocrx_word' id='word_1_449' title='bbox 4916 2661 5082 2713; x_wconf 80' lang='lat' dir='ltr'><strong>sancti</strong></span> <span class='ocrx_word' id='word_1_450' title='bbox 5112 2658 5337 2727; x_wconf 90' lang='lat' dir='ltr'><strong>Spiritus</strong></span> <span class='ocrx_word' id='word_1_451' title='bbox 5359 2672 5481 2713; x_wconf 65' lang='grc' dir='ltr'><strong>σου⁴</strong></span> 
     </span>
    </p>
   </div>
   <div class='ocr_carea' id='block_1_61' title="bbox 3928 2750 5479 2823">
    <p class='ocr_par' dir='ltr' id='par_1_61' title="bbox 3928 2750 5479 2823">
     <span class='ocr_line' id='line_1_61' title="bbox 3928 2750 5479 2823; baseline -0.003 -20"><span class='ocrx_word' id='word_1_452' title='bbox 3928 2762 4144 2823; x_wconf 84' lang='lat' dir='ltr'><strong>gregale</strong></span> <span class='ocrx_word' id='word_1_453' title='bbox 4170 2770 4182 2815; x_wconf 85' lang='lat'><strong>;</strong></span> <span class='ocrx_word' id='word_1_454' title='bbox 4208 2764 4473 2821; x_wconf 86' lang='lat' dir='ltr'><strong>quatenus</strong></span> <span class='ocrx_word' id='word_1_455' title='bbox 4506 2754 4616 2820; x_wconf 85' lang='lat' dir='ltr'><strong>ipse</strong></span> <span class='ocrx_word' id='word_1_456' title='bbox 4640 2755 4917 2805; x_wconf 83' lang='lat' dir='ltr'><strong>nobiscum</strong></span> <span class='ocrx_word' id='word_1_457' title='bbox 4953 2766 5109 2811; x_wconf 78' lang='lat' dir='ltr'><strong>nunc,</strong></span> <span class='ocrx_word' id='word_1_458' title='bbox 5142 2756 5194 2803; x_wconf 92' lang='lat' dir='ltr'><strong>et</strong></span> <span class='ocrx_word' id='word_1_459' title='bbox 5225 2763 5390 2816; x_wconf 89' lang='lat' dir='ltr'><strong>usque</strong></span> <span class='ocrx_word' id='word_1_460' title='bbox 5420 2750 5479 2799; x_wconf 88' lang='lat' dir='ltr'><strong>ad</strong></span> 
     </span>
    </p>
   </div>
   <div class='ocr_carea' id='block_1_62' title="bbox 3929 2838 5480 2907">
    <p class='ocr_par' dir='ltr' id='par_1_62' title="bbox 3929 2838 5480 2907">
     <span class='ocr_line' id='line_1_62' title="bbox 3929 2838 5480 2907; baseline -0.005 -14"><span class='ocrx_word' id='word_1_461' title='bbox 3929 2841 4441 2893; x_wconf 85' lang='lat' dir='ltr'><strong>consummationem</strong></span> <span class='ocrx_word' id='word_1_462' title='bbox 4492 2840 4668 2894; x_wconf 71' lang='lat' dir='ltr'><strong>szcculi</strong></span> <span class='ocrx_word' id='word_1_463' title='bbox 4721 2840 4931 2907; x_wconf 78' lang='lat' dir='ltr'><strong>(.lluttlt.</strong></span> <span class='ocrx_word' id='word_1_464' title='bbox 4984 2840 5189 2905; x_wconf 68' lang='lat' dir='ltr'><strong>xxrnt),</strong></span> <span class='ocrx_word' id='word_1_465' title='bbox 5221 2838 5359 2890; x_wconf 88' lang='lat' dir='ltr'><strong>sicut</strong></span> <span class='ocrx_word' id='word_1_466' title='bbox 5403 2846 5480 2889; x_wconf 84' lang='lat' dir='ltr'><strong>est</strong></span> 
     </span>
    </p>
   </div>
   <div class='ocr_carea' id='block_1_63' title="bbox 3930 2925 5480 2997">
    <p class='ocr_par' dir='ltr' id='par_1_63' title="bbox 3930 2925 5480 2997">
     <span class='ocr_line' id='line_1_63' title="bbox 3930 2925 5480 2997; baseline -0.003 -16"><span class='ocrx_word' id='word_1_467' title='bbox 3930 2929 4217 2997; x_wconf 80' lang='lat' dir='ltr'><strong>pollicitus,</strong></span> <span class='ocrx_word' id='word_1_468' title='bbox 4256 2940 4491 2991; x_wconf 80' lang='lat' dir='ltr'><strong>manent,</strong></span> <span class='ocrx_word' id='word_1_469' title='bbox 4538 2940 4591 2984; x_wconf 90' lang='lat' dir='ltr'><strong>et</strong></span> <span class='ocrx_word' id='word_1_470' title='bbox 4630 2931 4694 2982; x_wconf 87' lang='lat' dir='ltr'><strong>ad</strong></span> <span class='ocrx_word' id='word_1_471' title='bbox 4722 2929 4895 2983; x_wconf 81' lang='lat' dir='ltr'><strong>Patris</strong></span> <span class='ocrx_word' id='word_1_472' title='bbox 4946 2930 5025 2982; x_wconf 87' lang='lat' dir='ltr'><strong>sui</strong></span> <span class='ocrx_word' id='word_1_473' title='bbox 5087 2928 5304 2997; x_wconf 77' lang='lat' dir='ltr'><strong>gloriam</strong></span> <span class='ocrx_word' id='word_1_474' title='bbox 5348 2925 5480 2979; x_wconf 84' lang='lat' dir='ltr'><strong>felici</strong></span> 
     </span>
    </p>
   </div>
   <div class='ocr_carea' id='block_1_64' title="bbox 3931 3016 5481 3085">
    <p class='ocr_par' dir='ltr' id='par_1_64' title="bbox 3931 3016 5481 3085">
     <span class='ocr_line' id='line_1_64' title="bbox 3931 3016 5481 3085; baseline 0.001 -19"><span class='ocrx_word' id='word_1_475' title='bbox 3931 3020 4267 3082; x_wconf 83' lang='lat' dir='ltr'><strong>postmodum</strong></span> <span class='ocrx_word' id='word_1_476' title='bbox 4287 3034 4381 3072; x_wconf 86' lang='lat' dir='ltr'><strong>vos</strong></span> <span class='ocrx_word' id='word_1_477' title='bbox 4410 3020 4835 3072; x_wconf 84' lang='lat' dir='ltr'><strong>remuneratione</strong></span> <span class='ocrx_word' id='word_1_478' title='bbox 4867 3019 5137 3085; x_wconf 77' lang='lat' dir='ltr'><strong>perdiu-at.</strong></span> <span class='ocrx_word' id='word_1_479' title='bbox 5166 3016 5481 3082; x_wconf 80' lang='lat' dir='ltr'><strong>Quibusdam</strong></span> 
     </span>
    </p>
   </div>
   <div class='ocr_carea' id='block_1_65' title="bbox 3936 3106 5483 3177">
    <p class='ocr_par' dir='ltr' id='par_1_65' title="bbox 3936 3106 5483 3177">
     <span class='ocr_line' id='line_1_65' title="bbox 3936 3106 5483 3177; baseline -0.001 -17"><span class='ocrx_word' id='word_1_480' title='bbox 3936 3109 4070 3161; x_wconf 69' lang='lat' dir='ltr'><strong>forte</strong></span> <span class='ocrx_word' id='word_1_481' title='bbox 4096 3110 4423 3175; x_wconf 71' lang='lat' dir='ltr'><strong>displiceam,</strong></span> <span class='ocrx_word' id='word_1_482' title='bbox 4451 3111 4573 3177; x_wconf 87' lang='lat' dir='ltr'><strong>quia</strong></span> <span class='ocrx_word' id='word_1_483' title='bbox 4605 3110 4729 3161; x_wconf 87' lang='lat' dir='ltr'><strong>dum</strong></span> <span class='ocrx_word' id='word_1_484' title='bbox 4758 3110 4889 3161; x_wconf 88' lang='lat' dir='ltr'><strong>alios</strong></span> <span class='ocrx_word' id='word_1_485' title='bbox 4921 3112 5057 3161; x_wconf 87' lang='lat' dir='ltr'><strong>intra</strong></span> <span class='ocrx_word' id='word_1_486' title='bbox 5087 3106 5338 3177; x_wconf 73' lang='lat' dir='ltr'><strong>regularis</strong></span> <span class='ocrx_word' id='word_1_487' title='bbox 5368 3106 5483 3158; x_wconf 70' lang='lat' dir='ltr'><strong>vita</strong></span> 
     </span>
    </p>
   </div>
   <div class='ocr_carea' id='block_1_66' title="bbox 3935 3193 5483 3267">
    <p class='ocr_par' dir='ltr' id='par_1_66' title="bbox 3935 3193 5483 3267">
     <span class='ocr_line' id='line_1_66' title="bbox 3935 3193 5483 3267; baseline -0.002 -19"><span class='ocrx_word' id='word_1_488' title='bbox 3935 3198 4157 3251; x_wconf 69' lang='lat' dir='ltr'><strong>limitem</strong></span> <span class='ocrx_word' id='word_1_489' title='bbox 4190 3214 4530 3266; x_wconf 73' lang='lat' dir='ltr'><strong>Compescere</strong></span> <span class='ocrx_word' id='word_1_490' title='bbox 4560 3198 4748 3267; x_wconf 84' lang='lat' dir='ltr'><strong>gestio,</strong></span> <span class='ocrx_word' id='word_1_491' title='bbox 4797 3198 4907 3264; x_wconf 88' lang='lat' dir='ltr'><strong>ipse</strong></span> <span class='ocrx_word' id='word_1_492' title='bbox 4950 3197 5159 3249; x_wconf 89' lang='lat' dir='ltr'><strong>modum</strong></span> <span class='ocrx_word' id='word_1_493' title='bbox 5196 3193 5483 3263; x_wconf 64' lang='lat' dir='ltr'><strong>compendii</strong></span> 
     </span>
    </p>
   </div>
   <div class='ocr_carea' id='block_1_67' title="bbox 3934 3281 5484 3352">
    <p class='ocr_par' dir='ltr' id='par_1_67' title="bbox 3934 3281 5484 3352">
     <span class='ocr_line' id='line_1_67' title="bbox 3934 3281 5484 3352; baseline -0.001 -16"><span class='ocrx_word' id='word_1_494' title='bbox 3934 3284 4235 3350; x_wconf 81' lang='lat' dir='ltr'><strong>epistolaris</strong></span> <span class='ocrx_word' id='word_1_495' title='bbox 4264 3286 4483 3338; x_wconf 76' lang='lat' dir='ltr'><strong>excedo.</strong></span> <span class='ocrx_word' id='word_1_496' title='bbox 4526 3284 4628 3337; x_wconf 82' lang='lat' dir='ltr'><strong>Sed</strong></span> <span class='ocrx_word' id='word_1_497' title='bbox 4656 3286 4856 3352; x_wconf 90' lang='lat' dir='ltr'><strong>optime</strong></span> <span class='ocrx_word' id='word_1_498' title='bbox 4907 3290 5301 3352; x_wconf 83' lang='lat' dir='ltr'><strong>compensatur,</strong></span> <span class='ocrx_word' id='word_1_499' title='bbox 5334 3281 5378 3335; x_wconf 89' lang='lat' dir='ltr'><strong>si</strong></span> <span class='ocrx_word' id='word_1_500' title='bbox 5406 3295 5484 3334; x_wconf 79' lang='lat' dir='ltr'><strong>ar-</strong></span> 
     </span>
    </p>
   </div>
   <div class='ocr_carea' id='block_1_68' title="bbox 3936 3367 5486 3441">
    <p class='ocr_par' dir='ltr' id='par_1_68' title="bbox 3936 3367 5486 3441">
     <span class='ocr_line' id='line_1_68' title="bbox 3936 3367 5486 3441; baseline -0.001 -20"><span class='ocrx_word' id='word_1_501' title='bbox 3936 3374 4112 3437; x_wconf 72' lang='lat' dir='ltr'><strong>guitur</strong></span> <span class='ocrx_word' id='word_1_502' title='bbox 4134 3373 4411 3441; x_wconf 74' lang='lat' dir='ltr'><strong>imperitia:</strong></span> <span class='ocrx_word' id='word_1_503' title='bbox 4441 3374 4688 3441; x_wconf 81' lang='lat' dir='ltr'><strong>scriptor,</strong></span> <span class='ocrx_word' id='word_1_504' title='bbox 4714 3372 4997 3425; x_wconf 78' lang='lat' dir='ltr'><strong>dummodo</strong></span> <span class='ocrx_word' id='word_1_505' title='bbox 5018 3368 5260 3440; x_wconf 81' lang='lat' dir='ltr'><strong>proﬁciat</strong></span> <span class='ocrx_word' id='word_1_506' title='bbox 5282 3367 5486 3437; x_wconf 87' lang='lat' dir='ltr'><strong>sapien-</strong></span> 
     </span>
    </p>
   </div>
   <div class='ocr_carea' id='block_1_69' title="bbox 3938 3462 4275 3515">
    <p class='ocr_par' dir='ltr' id='par_1_69' title="bbox 3938 3462 4275 3515">
     <span class='ocr_line' id='line_1_69' title="bbox 3938 3462 4275 3515; baseline 0.003 -3"><span class='ocrx_word' id='word_1_507' title='bbox 3938 3470 4019 3513; x_wconf 83' lang='lat' dir='ltr'><strong>ter</strong></span> <span class='ocrx_word' id='word_1_508' title='bbox 4043 3462 4275 3515; x_wconf 88' lang='lat' dir='ltr'><strong>auditor.</strong></span> 
     </span>
    </p>
   </div>
   <div class='ocr_carea' id='block_1_70' title="bbox 4284 3552 5139 3607">
    <p class='ocr_par' dir='ltr' id='par_1_70' title="bbox 4284 3552 5139 3607">
     <span class='ocr_line' id='line_1_70' title="bbox 4284 3552 5139 3607; baseline 0.001 -2"><span class='ocrx_word' id='word_1_509' title='bbox 4284 3552 4359 3605; x_wconf 82' lang='lat' dir='ltr'><strong>Sit</strong></span> <span class='ocrx_word' id='word_1_510' title='bbox 4376 3570 4559 3606; x_wconf 80' lang='lat' dir='ltr'><strong>nomen</strong></span> <span class='ocrx_word' id='word_1_511' title='bbox 4580 3553 4784 3607; x_wconf 83' lang='lat' dir='ltr'><strong>Domini</strong></span> <span class='ocrx_word' id='word_1_512' title='bbox 4807 3554 5139 3607; x_wconf 71' lang='lat' dir='ltr'><strong>benedictum.</strong></span> 
     </span>
    </p>
   </div>
   <div class='ocr_carea' id='block_1_71' title="bbox 2285 3725 5052 3754">
    <p class='ocr_par' dir='ltr' id='par_1_71' title="bbox 2285 3725 5052 3754">
     <span class='ocr_line' id='line_1_71' title="bbox 2285 3725 5052 3754; baseline 0.001 -8"><span class='ocrx_word' id='word_1_513' title='bbox 2285 3725 5052 3754; x_wconf 47' lang='lat' dir='ltr'><strong>mm</strong></span> 
     </span>
    </p>
   </div>
   <div class='ocr_carea' id='block_1_72' title="bbox 2386 3860 4623 3999">
    <p class='ocr_par' dir='ltr' id='par_1_72' title="bbox 2386 3860 4540 3999">
     <span class='ocr_line' id='line_1_72' title="bbox 2386 3860 4540 3999; baseline 0.008 -23"><span class='ocrx_word' id='word_1_514' title='bbox 2386 3860 2739 3935; x_wconf 64' lang='grc' dir='ltr'><strong>εει-⁵2³</strong></span> <span class='ocrx_word' id='word_1_515' title='bbox 2822 3883 3658 3997; x_wconf 85' lang='lat' dir='ltr'><strong>OPUSCULUM</strong></span> <span class='ocrx_word' id='word_1_516' title='bbox 3741 3882 4540 3999; x_wconf 77' lang='lat' dir='ltr'><strong>VICESIMUM</strong></span> 
     </span>
    </p>
   </div>
   <div class='ocr_carea' id='block_1_73' title="bbox 3115 3860 5352 3999">
    <p class='ocr_par' dir='ltr' id='par_1_73' title="bbox 3115 3882 5352 3999">
     <span class='ocr_line' id='line_1_73' title="bbox 3115 3882 5352 3999; baseline -0.002 -4"><span class='ocrx_word' id='word_1_517' title='bbox 3115 3883 3658 3997; x_wconf 80' lang='lat' dir='ltr'><strong>SCULUM</strong></span> <span class='ocrx_word' id='word_1_518' title='bbox 3741 3882 4540 3999; x_wconf 82' lang='lat' dir='ltr'><strong>VICESIMUM</strong></span> <span class='ocrx_word' id='word_1_519' title='bbox 4628 3882 5352 3998; x_wconf 84' lang='lat' dir='ltr'><strong>OCTAVUM.</strong></span> 
     </span>
    </p>
   </div>
   <div class='ocr_carea' id='block_1_74' title="bbox 2799 4098 4971 4162">
    <p class='ocr_par' dir='ltr' id='par_1_74' title="bbox 2799 4098 4971 4162">
     <span class='ocr_line' id='line_1_74' title="bbox 2799 4098 4971 4162; baseline -0 -2"><span class='ocrx_word' id='word_1_520' title='bbox 2799 4098 3397 4160; x_wconf 75' lang='lat' dir='ltr'><strong>APOLOGETICUS</strong></span> <span class='ocrx_word' id='word_1_521' title='bbox 3437 4098 4006 4161; x_wconf 76' lang='lat' dir='ltr'><strong>MONACHORUM</strong></span> <span class='ocrx_word' id='word_1_522' title='bbox 4053 4098 4463 4162; x_wconf 79' lang='lat' dir='ltr'><strong>ADVERSUS</strong></span> <span class='ocrx_word' id='word_1_523' title='bbox 4505 4099 4971 4162; x_wconf 82' lang='lat' dir='ltr'><strong>CANONICOS.</strong></span> 
     </span>
    </p>
   </div>
   <div class='ocr_carea' id='block_1_75' title="bbox 3706 4263 4059 4280">
    <p class='ocr_par' dir='ltr' id='par_1_75' title="bbox 3706 4263 4059 4280">
     <span class='ocr_line' id='line_1_75' title="bbox 3706 4263 4059 4280; baseline -0.003 0"><span class='ocrx_word' id='word_1_524' title='bbox 3706 4263 4059 4280; x_wconf 68' lang='grc' dir='ltr'><strong>-ι-</strong></span> 
     </span>
    </p>
   </div>
   <div class='ocr_carea' id='block_1_76' title="bbox 2273 4367 5486 4445">
    <p class='ocr_par' dir='ltr' id='par_1_76' title="bbox 2273 4367 5486 4445">
     <span class='ocr_line' id='line_1_76' title="bbox 2273 4367 5486 4445; baseline 0.002 -22"><span class='ocrx_word' id='word_1_525' title='bbox 2273 4370 2669 4445; x_wconf 51' lang='lat' dir='ltr'><strong>Aequumne:</strong></span> <span class='ocrx_word' id='word_1_526' title='bbox 2700 4398 2769 4445; x_wconf 66' lang='grc' dir='ltr'><strong>-τ</strong></span> <span class='ocrx_word' id='word_1_527' title='bbox 2798 4367 3103 4445; x_wconf 79' lang='lat' dir='ltr'><strong>Queruntur</strong></span> <span class='ocrx_word' id='word_1_528' title='bbox 3142 4368 3410 4445; x_wconf 80' lang='lat' dir='ltr'><strong>monachi,</strong></span> <span class='ocrx_word' id='word_1_529' title='bbox 3434 4370 3577 4438; x_wconf 85' lang='lat' dir='ltr'><strong>quod</strong></span> <span class='ocrx_word' id='word_1_530' title='bbox 3604 4386 3634 4445; x_wconf 70' lang='grc' dir='ltr'>τι</span> <span class='ocrx_word' id='word_1_531' title='bbox 3660 4378 3805 4445; x_wconf 69' lang='lat' dir='ltr'><strong>coetu</strong></span> <span class='ocrx_word' id='word_1_532' title='bbox 3832 4371 3997 4445; x_wconf 79' lang='lat' dir='ltr'><strong>totius</strong></span> <span class='ocrx_word' id='word_1_533' title='bbox 4034 4371 4288 4445; x_wconf 62' lang='lat' dir='ltr'><strong>Ecclesiae</strong></span> <span class='ocrx_word' id='word_1_534' title='bbox 4315 4390 4411 4443; x_wconf 87' lang='lat' dir='ltr'><strong>per</strong></span> <span class='ocrx_word' id='word_1_535' title='bbox 4430 4376 4719 4430; x_wconf 77' lang='lat' dir='ltr'><strong>canonicos</strong></span> <span class='ocrx_word' id='word_1_536' title='bbox 4748 4376 4945 4431; x_wconf 70' lang='lat' dir='ltr'><strong>exclusi</strong></span> <span class='ocrx_word' id='word_1_537' title='bbox 4985 4374 5199 4438; x_wconf 82' lang='lat' dir='ltr'><strong>fuerint,</strong></span> <span class='ocrx_word' id='word_1_538' title='bbox 5244 4390 5365 4445; x_wconf 87' lang='lat' dir='ltr'><strong>cum</strong></span> <span class='ocrx_word' id='word_1_539' title='bbox 5390 4376 5486 4445; x_wconf 73' lang='lat' dir='ltr'><strong>ipsi</strong></span> 
     </span>
    </p>
   </div>
   <div class='ocr_carea' id='block_1_77' title="bbox 2350 4437 5484 4513">
    <p class='ocr_par' dir='ltr' id='par_1_77' title="bbox 2350 4437 5484 4513">
     <span class='ocr_line' id='line_1_77' title="bbox 2350 4437 5484 4513; baseline 0.002 -23"><span class='ocrx_word' id='word_1_540' title='bbox 2350 4440 2420 4513; x_wconf 80' lang='lat' dir='ltr'><strong>ab</strong></span> <span class='ocrx_word' id='word_1_541' title='bbox 2446 4437 2856 4513; x_wconf 74' lang='lat' dir='ltr'><strong>apostolis,_imo</strong></span> <span class='ocrx_word' id='word_1_542' title='bbox 2890 4451 2927 4513; x_wconf 32' lang='lat' dir='ltr'><strong>a‘</strong></span> <span class='ocrx_word' id='word_1_543' title='bbox 2949 4439 3221 4505; x_wconf 88' lang='lat' dir='ltr'><strong>prophetis</strong></span> <span class='ocrx_word' id='word_1_544' title='bbox 3251 4454 3401 4491; x_wconf 90' lang='lat' dir='ltr'><strong>suam</strong></span> <span class='ocrx_word' id='word_1_545' title='bbox 3436 4437 3698 4513; x_wconf 60' lang='lat' dir='ltr'><strong>traxerint</strong></span> <span class='ocrx_word' id='word_1_546' title='bbox 3725 4440 4017 4513; x_wconf 68' lang='lat' dir='ltr'><strong>originem.</strong></span> <span class='ocrx_word' id='word_1_547' title='bbox 4035 4440 4232 4513; x_wconf 86' lang='lat' dir='ltr'><strong>Severe</strong></span> <span class='ocrx_word' id='word_1_548' title='bbox 4254 4437 4535 4512; x_wconf 80' lang='lat' dir='ltr'><strong>quemdam</strong></span> <span class='ocrx_word' id='word_1_549' title='bbox 4558 4453 4819 4513; x_wconf 87' lang='lat' dir='ltr'><strong>arguunt,</strong></span> <span class='ocrx_word' id='word_1_550' title='bbox 4861 4445 4953 4513; x_wconf 90' lang='lat' dir='ltr'><strong>qui</strong></span> <span class='ocrx_word' id='word_1_551' title='bbox 4982 4460 5141 4498; x_wconf 89' lang='lat' dir='ltr'><strong>ausus</strong></span> <span class='ocrx_word' id='word_1_552' title='bbox 5160 4452 5240 4498; x_wconf 87' lang='lat' dir='ltr'><strong>est</strong></span> <span class='ocrx_word' id='word_1_553' title='bbox 5265 4437 5445 4513; x_wconf 73' lang='lat' dir='ltr'><strong>dicere</strong></span> <span class='ocrx_word' id='word_1_554' title='bbox 5470 4462 5484 4497; x_wconf 89' lang='lat'><strong>:</strong></span> 
     </span>
    </p>
   </div>
   <div class='ocr_carea' id='block_1_78' title="bbox 2349 4505 5484 4583">
    <p class='ocr_par' dir='ltr' id='par_1_78' title="bbox 2349 4505 5484 4583">
     <span class='ocr_line' id='line_1_78' title="bbox 2349 4505 5484 4583; baseline 0.003 -26"><span class='ocrx_word' id='word_1_555' title='bbox 2349 4506 2406 4583; x_wconf 47' lang='grc' dir='ltr'>Δ</span> <span class='ocrx_word' id='word_1_556' title='bbox 2422 4505 2698 4583; x_wconf 69' lang='lat' dir='ltr'><strong>monachis</strong></span> <span class='ocrx_word' id='word_1_557' title='bbox 2717 4505 2979 4583; x_wconf 57' lang='lat' dir='ltr'><strong>Ecclesia;</strong></span> <span class='ocrx_word' id='word_1_558' title='bbox 3000 4516 3335 4583; x_wconf 71' lang='lat' dir='ltr'><strong>sacramenta</strong></span> <span class='ocrx_word' id='word_1_559' title='bbox 3367 4509 3536 4583; x_wconf 57' lang='lat' dir='ltr'><strong>nullo</strong></span> <span class='ocrx_word' id='word_1_560' title='bbox 3552 4518 3708 4583; x_wconf 77' lang='lat' dir='ltr'><strong>pacto</strong></span> <span class='ocrx_word' id='word_1_561' title='bbox 3745 4505 4532 4583; x_wconf 34' lang='lat' dir='ltr'><strong>esseministrandaJDenique</strong></span> <span class='ocrx_word' id='word_1_562' title='bbox 4565 4505 4813 4583; x_wconf 20' lang='lat' dir='ltr'><strong>exirmplo&#39;</strong></span> <span class='ocrx_word' id='word_1_563' title='bbox 4836 4505 4896 4566; x_wconf 71' lang='lat' dir='ltr'><strong>sa</strong></span> <span class='ocrx_word' id='word_1_564' title='bbox 4936 4524 5140 4567; x_wconf 88' lang='lat' dir='ltr'><strong>ctorum</strong></span> <span class='ocrx_word' id='word_1_565' title='bbox 5174 4512 5484 4582; x_wconf 80' lang='lat' dir='ltr'><strong>Augustini,</strong></span> 
     </span>
    </p>
   </div>
   <div class='ocr_carea' id='block_1_79' title="bbox 2342 4572 5483 4654">
    <p class='ocr_par' dir='ltr' id='par_1_79' title="bbox 2342 4572 5483 4654">
     <span class='ocr_line' id='line_1_79' title="bbox 2342 4572 5483 4654; baseline 0.004 -28"><span class='ocrx_word' id='word_1_566' title='bbox 2342 4572 2674 4654; x_wconf 55' lang='lat' dir='ltr'><strong>pieronymi,</strong></span> <span class='ocrx_word' id='word_1_567' title='bbox 2702 4575 2981 4629; x_wconf 81' lang='lat' dir='ltr'><strong>Athanasii</strong></span> <span class='ocrx_word' id='word_1_568' title='bbox 3028 4584 3083 4629; x_wconf 92' lang='lat' dir='ltr'><strong>et</strong></span> <span class='ocrx_word' id='word_1_569' title='bbox 3129 4576 3343 4632; x_wconf 85' lang='lat' dir='ltr'><strong>decreto</strong></span> <span class='ocrx_word' id='word_1_570' title='bbox 3373 4572 3634 4633; x_wconf 75' lang='lat' dir='ltr'><strong>Bonifacii</strong></span> <span class='ocrx_word' id='word_1_571' title='bbox 3672 4594 3824 4649; x_wconf 63' lang='lat' dir='ltr'><strong>papa:</strong></span> <span class='ocrx_word' id='word_1_572' title='bbox 3868 4578 3933 4635; x_wconf 85' lang='lat' dir='ltr'><strong>IV</strong></span> <span class='ocrx_word' id='word_1_573' title='bbox 3988 4583 4220 4651; x_wconf 85' lang='lat' dir='ltr'><strong>probant</strong></span> <span class='ocrx_word' id='word_1_574' title='bbox 4250 4572 4462 4653; x_wconf 64' lang='lat' dir='ltr'><strong>ligandi&#39;</strong></span> <span class='ocrx_word' id='word_1_575' title='bbox 4489 4591 4543 4637; x_wconf 90' lang='lat' dir='ltr'><strong>et</strong></span> <span class='ocrx_word' id='word_1_576' title='bbox 4577 4572 4816 4639; x_wconf 68' lang='lat' dir='ltr'><strong>solvendi</strong></span> <span class='ocrx_word' id='word_1_577' title='bbox 4846 4592 5164 4654; x_wconf 81' lang='lat' dir='ltr'><strong>petestatem</strong></span> <span class='ocrx_word' id='word_1_578' title='bbox 5194 4572 5483 4637; x_wconf 60' lang='lat' dir='ltr'><strong>monachos</strong></span> 
     </span>
    </p>
   </div>
   <div class='ocr_carea' id='block_1_80' title="bbox 2347 4643 2566 4697">
    <p class='ocr_par' dir='ltr' id='par_1_80' title="bbox 2347 4643 2566 4697">
     <span class='ocr_line' id='line_1_80' title="bbox 2347 4643 2566 4697; baseline -0.009 0"><span class='ocrx_word' id='word_1_579' title='bbox 2347 4643 2566 4697; x_wconf 83' lang='lat' dir='ltr'><strong>habere.</strong></span> 
     </span>
    </p>
   </div>
   <div class='ocr_carea' id='block_1_81' title="bbox 2349 4772 5483 4850">
    <p class='ocr_par' dir='ltr' id='par_1_81' title="bbox 2349 4772 5483 4850">
     <span class='ocr_line' id='line_1_81' title="bbox 2349 4772 5483 4850; baseline 0.003 -23"><span class='ocrx_word' id='word_1_580' title='bbox 2349 4772 2571 4827; x_wconf 90' lang='lat' dir='ltr'><strong>Cunctis</strong></span> <span class='ocrx_word' id='word_1_581' title='bbox 2609 4772 2992 4827; x_wconf 82' lang='lat' dir='ltr'><strong>amantissimis</strong></span> <span class='ocrx_word' id='word_1_582' title='bbox 3016 4772 3229 4829; x_wconf 89' lang='lat' dir='ltr'><strong>clericis</strong></span> <span class='ocrx_word' id='word_1_583' title='bbox 3256 4789 3321 4829; x_wconf 82' lang='lat' dir='ltr'><strong>ac</strong></span> <span class='ocrx_word' id='word_1_584' title='bbox 3338 4774 3631 4841; x_wconf 88' lang='lat' dir='ltr'><strong>canonicis,</strong></span> <span class='ocrx_word' id='word_1_585' title='bbox 3654 4791 3849 4831; x_wconf 77' lang='lat' dir='ltr'><strong>omnes</strong></span> <span class='ocrx_word' id='word_1_586' title='bbox 3877 4782 3920 4840; x_wconf 85' lang='grc' dir='ltr'>ι)</span> <span class='ocrx_word' id='word_1_587' title='bbox 3949 4779 4198 4850; x_wconf 88' lang='lat' dir='ltr'><strong>scripsit,</strong></span> <span class='ocrx_word' id='word_1_588' title='bbox 4227 4782 4524 4849; x_wconf 87' lang='lat' dir='ltr'><strong>primitivos</strong></span> <span class='ocrx_word' id='word_1_589' title='bbox 4556 4780 4887 4837; x_wconf 86' lang='lat' dir='ltr'><strong>Christianos</strong></span> <span class='ocrx_word' id='word_1_590' title='bbox 4918 4780 5223 4844; x_wconf 81' lang='lat' dir='ltr'><strong>monachos,</strong></span> <span class='ocrx_word' id='word_1_591' title='bbox 5254 4794 5361 4834; x_wconf 91' lang='lat' dir='ltr'><strong>non</strong></span> <span class='ocrx_word' id='word_1_592' title='bbox 5393 4795 5483 4835; x_wconf 84' lang='lat' dir='ltr'><strong>ca-</strong></span> 
     </span>
    </p>
   </div>
   <div class='ocr_carea' id='block_1_82' title="bbox 2278 4863 2911 4918">
    <p class='ocr_par' dir='ltr' id='par_1_82' title="bbox 2278 4863 2911 4918">
     <span class='ocr_line' id='line_1_82' title="bbox 2278 4863 2911 4918; baseline -0.003 0"><span class='ocrx_word' id='word_1_593' title='bbox 2278 4863 2609 4918; x_wconf 91' lang='lat' dir='ltr'><strong>unanimiter</strong></span> <span class='ocrx_word' id='word_1_594' title='bbox 2644 4863 2911 4917; x_wconf 82' lang='lat' dir='ltr'><strong>monachi.</strong></span> 
     </span>
    </p>
   </div>
   <div class='ocr_carea' id='block_1_83' title="bbox 2348 4951 3833 5025">
    <p class='ocr_par' dir='ltr' id='par_1_83' title="bbox 2348 4951 3833 5025">
     <span class='ocr_line' id='line_1_83' title="bbox 2348 4951 3833 5025; baseline 0.003 -18"><span class='ocrx_word' id='word_1_595' title='bbox 2348 4951 2573 5007; x_wconf 74' lang='lat' dir='ltr'><strong>Multum</strong></span> <span class='ocrx_word' id='word_1_596' title='bbox 2596 4993 2611 5017; x_wconf 91' lang='lat'><strong>,</strong></span> <span class='ocrx_word' id='word_1_597' title='bbox 2639 4951 2839 5007; x_wconf 84' lang='lat' dir='ltr'><strong>fratres</strong></span> <span class='ocrx_word' id='word_1_598' title='bbox 2867 4952 3199 5018; x_wconf 87' lang='lat' dir='ltr'><strong>cbarissimi,</strong></span> <span class='ocrx_word' id='word_1_599' title='bbox 3222 4955 3265 5008; x_wconf 90' lang='lat' dir='ltr'><strong>si</strong></span> <span class='ocrx_word' id='word_1_600' title='bbox 3298 4954 3446 5025; x_wconf 88' lang='lat' dir='ltr'><strong>digni</strong></span> <span class='ocrx_word' id='word_1_601' title='bbox 3466 4956 3597 5011; x_wconf 88' lang='lat' dir='ltr'><strong>estis</strong></span> <span class='ocrx_word' id='word_1_602' title='bbox 3626 4958 3833 5023; x_wconf 89' lang='lat' dir='ltr'><strong>audire,</strong></span> 
     </span>
    </p>
   </div>
   <div class='ocr_carea' id='block_1_84' title="bbox 2281 5042 3835 5114">
    <p class='ocr_par' dir='ltr' id='par_1_84' title="bbox 2281 5042 3835 5114">
     <span class='ocr_line' id='line_1_84' title="bbox 2281 5042 3835 5114; baseline 0.004 -18"><span class='ocrx_word' id='word_1_603' title='bbox 2281 5042 2565 5107; x_wconf 86' lang='lat' dir='ltr'><strong>miramur,</strong></span> <span class='ocrx_word' id='word_1_604' title='bbox 2589 5043 2855 5111; x_wconf 88' lang='lat' dir='ltr'><strong>quomodo</strong></span> <span class='ocrx_word' id='word_1_605' title='bbox 2883 5042 2964 5096; x_wconf 85' lang='lat' dir='ltr'><strong>vel</strong></span> <span class='ocrx_word' id='word_1_606' title='bbox 2997 5045 3067 5097; x_wconf 92' lang='lat' dir='ltr'><strong>ob</strong></span> <span class='ocrx_word' id='word_1_607' title='bbox 3116 5059 3274 5114; x_wconf 88' lang='lat' dir='ltr'><strong>quam</strong></span> <span class='ocrx_word' id='word_1_608' title='bbox 3307 5060 3522 5099; x_wconf 88' lang='lat' dir='ltr'><strong>causam</strong></span> <span class='ocrx_word' id='word_1_609' title='bbox 3568 5050 3835 5102; x_wconf 91' lang='lat' dir='ltr'><strong>conamini</strong></span> 
     </span>
    </p>
   </div>
   <div class='ocr_carea' id='block_1_85' title="bbox 2284 5130 3837 5191">
    <p class='ocr_par' dir='ltr' id='par_1_85' title="bbox 2284 5130 3837 5191">
     <span class='ocr_line' id='line_1_85' title="bbox 2284 5130 3837 5191; baseline 0.005 -8"><span class='ocrx_word' id='word_1_610' title='bbox 2284 5143 2433 5183; x_wconf 85' lang='lat' dir='ltr'><strong>nosa</strong></span> <span class='ocrx_word' id='word_1_611' title='bbox 2458 5130 2728 5184; x_wconf 89' lang='lat' dir='ltr'><strong>consortio</strong></span> <span class='ocrx_word' id='word_1_612' title='bbox 2768 5139 2821 5183; x_wconf 90' lang='lat' dir='ltr'><strong>et</strong></span> <span class='ocrx_word' id='word_1_613' title='bbox 2867 5130 3069 5184; x_wconf 88' lang='lat' dir='ltr'><strong>unitate</strong></span> <span class='ocrx_word' id='word_1_614' title='bbox 3101 5132 3420 5187; x_wconf 81' lang='lat' dir='ltr'><strong>universalis</strong></span> <span class='ocrx_word' id='word_1_615' title='bbox 3471 5133 3723 5189; x_wconf 66' lang='lat' dir='ltr'><strong>Ecclesiae</strong></span> <span class='ocrx_word' id='word_1_616' title='bbox 3753 5152 3837 5191; x_wconf 86' lang='lat' dir='ltr'><strong>se-</strong></span> 
     </span>
    </p>
   </div>
   <div class='ocr_carea' id='block_1_86' title="bbox 2282 5225 3840 5288">
    <p class='ocr_par' dir='ltr' id='par_1_86' title="bbox 2282 5225 3840 5288">
     <span class='ocr_line' id='line_1_86' title="bbox 2282 5225 3840 5288; baseline 0.007 -16"><span class='ocrx_word' id='word_1_617' title='bbox 2282 5233 2476 5288; x_wconf 83' lang='lat' dir='ltr'><strong>parare</strong></span> <span class='ocrx_word' id='word_1_618' title='bbox 2513 5233 2529 5272; x_wconf 90' lang='lat'><strong>:</strong></span> <span class='ocrx_word' id='word_1_619' title='bbox 2576 5235 2696 5274; x_wconf 91' lang='lat' dir='ltr'><strong>cum</strong></span> <span class='ocrx_word' id='word_1_620' title='bbox 2730 5231 2937 5275; x_wconf 88' lang='lat' dir='ltr'><strong>constet</strong></span> <span class='ocrx_word' id='word_1_621' title='bbox 2962 5237 2993 5275; x_wconf 85' lang='lat' dir='ltr'><strong>a</strong></span> <span class='ocrx_word' id='word_1_622' title='bbox 3020 5225 3317 5287; x_wconf 89' lang='lat' dir='ltr'><strong>monachis,</strong></span> <span class='ocrx_word' id='word_1_623' title='bbox 3360 5241 3463 5279; x_wconf 92' lang='lat' dir='ltr'><strong>non</strong></span> <span class='ocrx_word' id='word_1_624' title='bbox 3507 5241 3536 5279; x_wconf 92' lang='lat' dir='ltr'><strong>a</strong></span> <span class='ocrx_word' id='word_1_625' title='bbox 3568 5227 3840 5283; x_wconf 89' lang='lat' dir='ltr'><strong>canonicis</strong></span> 
     </span>
    </p>
   </div>
   <div class='ocr_carea' id='block_1_87' title="bbox 2282 5309 3841 5385">
    <p class='ocr_par' dir='ltr' id='par_1_87' title="bbox 2282 5309 3841 5385">
     <span class='ocr_line' id='line_1_87' title="bbox 2282 5309 3841 5385; baseline 0.005 -22"><span class='ocrx_word' id='word_1_626' title='bbox 2282 5309 2638 5364; x_wconf 87' lang='lat' dir='ltr'><strong>universalem</strong></span> <span class='ocrx_word' id='word_1_627' title='bbox 2670 5310 2961 5364; x_wconf 77' lang='lat' dir='ltr'><strong>Ecclesiam</strong></span> <span class='ocrx_word' id='word_1_628' title='bbox 2996 5312 3290 5379; x_wconf 83' lang='lat' dir='ltr'><strong>fundatam,</strong></span> <span class='ocrx_word' id='word_1_629' title='bbox 3332 5316 3685 5385; x_wconf 88' lang='lat' dir='ltr'><strong>gubernatam</strong></span> <span class='ocrx_word' id='word_1_630' title='bbox 3711 5326 3766 5371; x_wconf 91' lang='lat' dir='ltr'><strong>et</strong></span> <span class='ocrx_word' id='word_1_631' title='bbox 3811 5334 3841 5371; x_wconf 87' lang='lat' dir='ltr'><strong>a</strong></span> 
     </span>
    </p>
   </div>
   <div class='ocr_carea' id='block_1_88' title="bbox 2285 5399 3837 5476">
    <p class='ocr_par' dir='ltr' id='par_1_88' title="bbox 2285 5399 3837 5476">
     <span class='ocr_line' id='line_1_88' title="bbox 2285 5399 3837 5476; baseline 0.005 -23"><span class='ocrx_word' id='word_1_632' title='bbox 2285 5399 2497 5456; x_wconf 83' lang='lat' dir='ltr'><strong>diverso</strong></span> <span class='ocrx_word' id='word_1_633' title='bbox 2523 5415 2710 5456; x_wconf 87' lang='lat' dir='ltr'><strong>errore</strong></span> <span class='ocrx_word' id='word_1_634' title='bbox 2744 5401 3056 5455; x_wconf 87' lang='lat' dir='ltr'><strong>cribratam.</strong></span> <span class='ocrx_word' id='word_1_635' title='bbox 3096 5404 3333 5472; x_wconf 81' lang='lat' dir='ltr'><strong>Apostoli</strong></span> <span class='ocrx_word' id='word_1_636' title='bbox 3374 5422 3563 5476; x_wconf 89' lang='lat' dir='ltr'><strong>nempe</strong></span> <span class='ocrx_word' id='word_1_637' title='bbox 3588 5406 3837 5461; x_wconf 53' lang='lat' dir='ltr'><strong>fundato.</strong></span> 
     </span>
    </p>
   </div>
   <div class='ocr_carea' id='block_1_89' title="bbox 2292 5492 3842 5559">
    <p class='ocr_par' dir='ltr' id='par_1_89' title="bbox 2292 5492 3842 5559">
     <span class='ocr_line' id='line_1_89' title="bbox 2292 5492 3842 5559; baseline 0.006 -16"><span class='ocrx_word' id='word_1_638' title='bbox 2292 5503 2397 5553; x_wconf 88' lang='lat' dir='ltr'><strong>res,</strong></span> <span class='ocrx_word' id='word_1_639' title='bbox 2453 5500 2511 5544; x_wconf 90' lang='lat' dir='ltr'><strong>et</strong></span> <span class='ocrx_word' id='word_1_640' title='bbox 2555 5501 2796 5546; x_wconf 89' lang='lat' dir='ltr'><strong>rectores</strong></span> <span class='ocrx_word' id='word_1_641' title='bbox 2845 5492 3206 5548; x_wconf 82' lang='lat' dir='ltr'><strong>Ecclesiarum</strong></span> <span class='ocrx_word' id='word_1_642' title='bbox 3254 5507 3456 5559; x_wconf 87' lang='lat' dir='ltr'><strong>nostro,</strong></span> <span class='ocrx_word' id='word_1_643' title='bbox 3507 5514 3613 5554; x_wconf 88' lang='lat' dir='ltr'><strong>non</strong></span> <span class='ocrx_word' id='word_1_644' title='bbox 3660 5508 3842 5553; x_wconf 84' lang='lat' dir='ltr'><strong>vestro</strong></span> 
     </span>
    </p>
   </div>
   <div class='ocr_carea' id='block_1_90' title="bbox 2288 5580 3846 5656">
    <p class='ocr_par' dir='ltr' id='par_1_90' title="bbox 2288 5580 3846 5656">
     <span class='ocr_line' id='line_1_90' title="bbox 2288 5580 3846 5656; baseline 0.008 -24"><span class='ocrx_word' id='word_1_645' title='bbox 2288 5592 2437 5633; x_wconf 90' lang='lat' dir='ltr'><strong>more</strong></span> <span class='ocrx_word' id='word_1_646' title='bbox 2482 5580 2764 5647; x_wconf 83' lang='lat' dir='ltr'><strong>vivebant,</strong></span> <span class='ocrx_word' id='word_1_647' title='bbox 2812 5592 2869 5637; x_wconf 87' lang='lat' dir='ltr'><strong>ut</strong></span> <span class='ocrx_word' id='word_1_648' title='bbox 2922 5584 3095 5639; x_wconf 88' lang='lat' dir='ltr'><strong>Lucas</strong></span> <span class='ocrx_word' id='word_1_649' title='bbox 3151 5588 3472 5656; x_wconf 82' lang='lat' dir='ltr'><strong>evangelista</strong></span> <span class='ocrx_word' id='word_1_650' title='bbox 3525 5591 3576 5643; x_wconf 91' lang='lat' dir='ltr'><strong>in</strong></span> <span class='ocrx_word' id='word_1_651' title='bbox 3620 5591 3846 5645; x_wconf 83' lang='lat' dir='ltr'><strong>Actibus</strong></span> 
     </span>
    </p>
   </div>
   <div class='ocr_carea' id='block_1_91' title="bbox 2287 5670 3840 5743">
    <p class='ocr_par' dir='ltr' id='par_1_91' title="bbox 2287 5670 3840 5743">
     <span class='ocr_line' id='line_1_91' title="bbox 2287 5670 3840 5743; baseline 0.009 -24"><span class='ocrx_word' id='word_1_652' title='bbox 2287 5670 2650 5739; x_wconf 85' lang='lat' dir='ltr'><strong>apostolorum</strong></span> <span class='ocrx_word' id='word_1_653' title='bbox 2684 5673 2849 5727; x_wconf 89' lang='lat' dir='ltr'><strong>refert</strong></span> <span class='ocrx_word' id='word_1_654' title='bbox 2899 5674 3038 5743; x_wconf 78' lang='lat' dir='ltr'><strong>(Act.</strong></span> <span class='ocrx_word' id='word_1_655' title='bbox 3072 5676 3152 5743; x_wconf 83' lang='lat' dir='ltr'><strong>t):</strong></span> <span class='ocrx_word' id='word_1_656' title='bbox 3192 5685 3246 5732; x_wconf 89' lang='lat' dir='ltr'><strong>et</strong></span> <span class='ocrx_word' id='word_1_657' title='bbox 3272 5676 3423 5731; x_wconf 86' lang='lat' dir='ltr'><strong>Philo</strong></span> <span class='ocrx_word' id='word_1_658' title='bbox 3452 5679 3840 5735; x_wconf 83' lang='lat' dir='ltr'><strong>disertissimus</strong></span> 
     </span>
    </p>
   </div>
   <div class='ocr_carea' id='block_1_92' title="bbox 2290 5754 3843 5834">
    <p class='ocr_par' dir='ltr' id='par_1_92' title="bbox 2290 5754 3843 5834">
     <span class='ocr_line' id='line_1_92' title="bbox 2290 5754 3843 5834; baseline 0.008 -22"><span class='ocrx_word' id='word_1_659' title='bbox 2290 5754 2618 5827; x_wconf 67' lang='lat' dir='ltr'><strong>Judcorum,</strong></span> <span class='ocrx_word' id='word_1_660' title='bbox 2643 5760 2696 5814; x_wconf 92' lang='lat' dir='ltr'><strong>in</strong></span> <span class='ocrx_word' id='word_1_661' title='bbox 2720 5761 2869 5817; x_wconf 88' lang='lat' dir='ltr'><strong>libris</strong></span> <span class='ocrx_word' id='word_1_662' title='bbox 2900 5778 3033 5834; x_wconf 89' lang='lat' dir='ltr'><strong>quos</strong></span> <span class='ocrx_word' id='word_1_663' title='bbox 3056 5766 3107 5820; x_wconf 92' lang='lat' dir='ltr'><strong>in</strong></span> <span class='ocrx_word' id='word_1_664' title='bbox 3136 5765 3347 5821; x_wconf 81' lang='lat' dir='ltr'><strong>laudem</strong></span> <span class='ocrx_word' id='word_1_665' title='bbox 3380 5777 3685 5823; x_wconf 87' lang='lat' dir='ltr'><strong>nostrorum</strong></span> <span class='ocrx_word' id='word_1_666' title='bbox 3714 5783 3843 5823; x_wconf 75' lang='lat' dir='ltr'><strong>cou-</strong></span> 
     </span>
    </p>
   </div>
   <div class='ocr_carea' id='block_1_93' title="bbox 3944 4868 5484 4935">
    <p class='ocr_par' dir='ltr' id='par_1_93' title="bbox 3944 4868 5484 4935">
     <span class='ocr_line' id='line_1_93' title="bbox 3944 4868 5484 4935; baseline 0 -14"><span class='ocrx_word' id='word_1_667' title='bbox 3944 4870 4169 4924; x_wconf 91' lang='lat' dir='ltr'><strong>nonicos</strong></span> <span class='ocrx_word' id='word_1_668' title='bbox 4219 4881 4403 4935; x_wconf 84' lang='lat' dir='ltr'><strong>vocat;</strong></span> <span class='ocrx_word' id='word_1_669' title='bbox 4467 4879 4521 4924; x_wconf 89' lang='lat' dir='ltr'><strong>et</strong></span> <span class='ocrx_word' id='word_1_670' title='bbox 4570 4871 4871 4924; x_wconf 83' lang='lat' dir='ltr'><strong>habitacula</strong></span> <span class='ocrx_word' id='word_1_671' title='bbox 4928 4884 5109 4924; x_wconf 90' lang='lat' dir='ltr'><strong>eorum</strong></span> <span class='ocrx_word' id='word_1_672' title='bbox 5172 4868 5484 4921; x_wconf 83' lang='lat' dir='ltr'><strong>monasteria</strong></span> 
     </span>
    </p>
   </div>
   <div class='ocr_carea' id='block_1_94' title="bbox 3942 4955 5486 5028">
    <p class='ocr_par' dir='ltr' id='par_1_94' title="bbox 3942 4955 5486 5028">
     <span class='ocr_line' id='line_1_94' title="bbox 3942 4955 5486 5028; baseline -0.001 -18"><span class='ocrx_word' id='word_1_673' title='bbox 3942 4967 4217 5028; x_wconf 88' lang='lat' dir='ltr'><strong>nuncupat</strong></span> <span class='ocrx_word' id='word_1_674' title='bbox 4288 4974 4353 5014; x_wconf 90' lang='lat' dir='ltr'><strong>ac</strong></span> <span class='ocrx_word' id='word_1_675' title='bbox 4418 4958 4810 5028; x_wconf 88' lang='lat' dir='ltr'><strong>quamplurima</strong></span> <span class='ocrx_word' id='word_1_676' title='bbox 4858 4957 5017 5022; x_wconf 87' lang='lat' dir='ltr'><strong>dicit,</strong></span> <span class='ocrx_word' id='word_1_677' title='bbox 5065 4972 5157 5011; x_wconf 88' lang='lat' dir='ltr'><strong>eos</strong></span> <span class='ocrx_word' id='word_1_678' title='bbox 5209 4955 5486 5010; x_wconf 87' lang='lat' dir='ltr'><strong>laudabilia</strong></span> 
     </span>
    </p>
   </div>
   <div class='ocr_carea' id='block_1_95' title="bbox 3941 5046 5485 5117">
    <p class='ocr_par' dir='ltr' id='par_1_95' title="bbox 3941 5046 5485 5117">
     <span class='ocr_line' id='line_1_95' title="bbox 3941 5046 5485 5117; baseline -0.002 -16"><span class='ocrx_word' id='word_1_679' title='bbox 3941 5048 4136 5115; x_wconf 87' lang='lat' dir='ltr'><strong>egisse,</strong></span> <span class='ocrx_word' id='word_1_680' title='bbox 4180 5057 4233 5102; x_wconf 92' lang='lat' dir='ltr'><strong>et</strong></span> <span class='ocrx_word' id='word_1_681' title='bbox 4275 5048 4681 5117; x_wconf 85' lang='lat' dir='ltr'><strong>conscripsisse.</strong></span> <span class='ocrx_word' id='word_1_682' title='bbox 4722 5046 4879 5102; x_wconf 91' lang='lat' dir='ltr'><strong>Certe</strong></span> <span class='ocrx_word' id='word_1_683' title='bbox 4918 5047 5116 5107; x_wconf 90' lang='lat' dir='ltr'><strong>nostri,</strong></span> <span class='ocrx_word' id='word_1_684' title='bbox 5164 5060 5268 5098; x_wconf 91' lang='lat' dir='ltr'><strong>non</strong></span> <span class='ocrx_word' id='word_1_685' title='bbox 5325 5046 5485 5098; x_wconf 80' lang='lat' dir='ltr'><strong>vestri</strong></span> 
     </span>
    </p>
   </div>
   <div class='ocr_carea' id='block_1_96' title="bbox 3943 5130 5485 5206">
    <p class='ocr_par' dir='ltr' id='par_1_96' title="bbox 3943 5130 5485 5206">
     <span class='ocr_line' id='line_1_96' title="bbox 3943 5130 5485 5206; baseline 0 -19"><span class='ocrx_word' id='word_1_686' title='bbox 3943 5135 4145 5189; x_wconf 90' lang='lat' dir='ltr'><strong>ordinis</strong></span> <span class='ocrx_word' id='word_1_687' title='bbox 4189 5136 4396 5206; x_wconf 80' lang='lat' dir='ltr'><strong>Moyses</strong></span> <span class='ocrx_word' id='word_1_688' title='bbox 4420 5146 4474 5189; x_wconf 90' lang='lat' dir='ltr'><strong>et</strong></span> <span class='ocrx_word' id='word_1_689' title='bbox 4503 5136 4660 5190; x_wconf 77' lang='lat' dir='ltr'><strong>Elius-</strong></span> <span class='ocrx_word' id='word_1_690' title='bbox 4686 5134 4832 5189; x_wconf 81' lang='lat' dir='ltr'><strong>fuere</strong></span> <span class='ocrx_word' id='word_1_691' title='bbox 4862 5134 5073 5206; x_wconf 71' lang='lat' dir='ltr'><strong>(Exod.</strong></span> <span class='ocrx_word' id='word_1_692' title='bbox 5114 5150 5203 5198; x_wconf 86' lang='lat' dir='ltr'><strong>tu;</strong></span> <span class='ocrx_word' id='word_1_693' title='bbox 5233 5132 5327 5186; x_wconf 88' lang='lat' dir='ltr'><strong><em>III</em></strong></span> <span class='ocrx_word' id='word_1_694' title='bbox 5362 5130 5485 5203; x_wconf 74' lang='lat' dir='ltr'><strong>Reg.</strong></span> 
     </span>
    </p>
   </div>
   <div class='ocr_carea' id='block_1_97' title="bbox 3948 5222 5488 5295">
    <p class='ocr_par' dir='ltr' id='par_1_97' title="bbox 3948 5222 5488 5295">
     <span class='ocr_line' id='line_1_97' title="bbox 3948 5222 5488 5295; baseline -0.001 -20"><span class='ocrx_word' id='word_1_695' title='bbox 3948 5224 4099 5295; x_wconf 76' lang='lat' dir='ltr'><strong>xvii),</strong></span> <span class='ocrx_word' id='word_1_696' title='bbox 4127 5239 4367 5279; x_wconf 90' lang='lat' dir='ltr'><strong>eremum</strong></span> <span class='ocrx_word' id='word_1_697' title='bbox 4404 5226 4491 5293; x_wconf 91' lang='lat' dir='ltr'><strong>qui</strong></span> <span class='ocrx_word' id='word_1_698' title='bbox 4521 5226 4828 5279; x_wconf 86' lang='lat' dir='ltr'><strong>incoluere:</strong></span> <span class='ocrx_word' id='word_1_699' title='bbox 4874 5222 5039 5278; x_wconf 90' lang='lat' dir='ltr'><strong>nostri</strong></span> <span class='ocrx_word' id='word_1_700' title='bbox 5091 5231 5335 5275; x_wconf 88' lang='lat' dir='ltr'><strong>auctores</strong></span> <span class='ocrx_word' id='word_1_701' title='bbox 5374 5236 5488 5291; x_wconf 85' lang='lat' dir='ltr'><strong>gre-</strong></span> 
     </span>
    </p>
   </div>
   <div class='ocr_carea' id='block_1_98' title="bbox 3945 5310 5486 5385">
    <p class='ocr_par' dir='ltr' id='par_1_98' title="bbox 3945 5310 5486 5385">
     <span class='ocr_line' id='line_1_98' title="bbox 3945 5310 5486 5385; baseline -0.004 -17"><span class='ocrx_word' id='word_1_702' title='bbox 3945 5329 4036 5383; x_wconf 84' lang='lat' dir='ltr'><strong>ges</strong></span> <span class='ocrx_word' id='word_1_703' title='bbox 4073 5315 4453 5385; x_wconf 82' lang='lat' dir='ltr'><strong>prapbetarum</strong></span> <span class='ocrx_word' id='word_1_704' title='bbox 4497 5331 4616 5370; x_wconf 90' lang='lat' dir='ltr'><strong>cum</strong></span> <span class='ocrx_word' id='word_1_705' title='bbox 4656 5314 4850 5383; x_wconf 86' lang='lat' dir='ltr'><strong>quibus</strong></span> <span class='ocrx_word' id='word_1_706' title='bbox 4896 5312 5148 5382; x_wconf 87' lang='lat' dir='ltr'><strong>reprobus</strong></span> <span class='ocrx_word' id='word_1_707' title='bbox 5188 5310 5313 5364; x_wconf 84' lang='lat' dir='ltr'><strong>Saul</strong></span> <span class='ocrx_word' id='word_1_708' title='bbox 5353 5324 5486 5378; x_wconf 60' lang='lat' dir='ltr'><strong>sepe</strong></span> 
     </span>
    </p>
   </div>
   <div class='ocr_carea' id='block_1_99' title="bbox 3945 5399 5486 5476">
    <p class='ocr_par' dir='ltr' id='par_1_99' title="bbox 3945 5399 5486 5476">
     <span class='ocr_line' id='line_1_99' title="bbox 3945 5399 5486 5476; baseline -0.005 -16"><span class='ocrx_word' id='word_1_709' title='bbox 3945 5408 4177 5460; x_wconf 84' lang='lat' dir='ltr'><strong>cantavit</strong></span> <span class='ocrx_word' id='word_1_710' title='bbox 4204 5406 4339 5476; x_wconf 85' lang='grc'><strong>(111</strong></span> <span class='ocrx_word' id='word_1_711' title='bbox 4378 5405 4503 5475; x_wconf 80' lang='lat' dir='ltr'><strong>Reg.</strong></span> <span class='ocrx_word' id='word_1_712' title='bbox 4525 5407 4659 5475; x_wconf 74' lang='lat' dir='ltr'><strong>nx).</strong></span> <span class='ocrx_word' id='word_1_713' title='bbox 4701 5405 4937 5474; x_wconf 88' lang='lat' dir='ltr'><strong>Longum</strong></span> <span class='ocrx_word' id='word_1_714' title='bbox 4966 5412 5047 5458; x_wconf 86' lang='lat' dir='ltr'><strong>est</strong></span> <span class='ocrx_word' id='word_1_715' title='bbox 5060 5399 5486 5472; x_wconf 76' lang='lat' dir='ltr'><strong>paginasVeteris</strong></span> 
     </span>
    </p>
   </div>
   <div class='ocr_carea' id='block_1_100' title="bbox 3947 5488 5487 5561">
    <p class='ocr_par' dir='ltr' id='par_1_100' title="bbox 3947 5488 5487 5561">
     <span class='ocr_line' id='line_1_100' title="bbox 3947 5488 5487 5561; baseline -0.004 -13"><span class='ocrx_word' id='word_1_716' title='bbox 3947 5495 4272 5551; x_wconf 85' lang='lat' dir='ltr'><strong>Testamenti</strong></span> <span class='ocrx_word' id='word_1_717' title='bbox 4325 5497 4617 5561; x_wconf 87' lang='lat' dir='ltr'><strong>revolvere,</strong></span> <span class='ocrx_word' id='word_1_718' title='bbox 4670 5495 4946 5549; x_wconf 84' lang='lat' dir='ltr'><strong>veniamus</strong></span> <span class='ocrx_word' id='word_1_719' title='bbox 4992 5492 5057 5546; x_wconf 89' lang='lat' dir='ltr'><strong>ad</strong></span> <span class='ocrx_word' id='word_1_720' title='bbox 5087 5490 5307 5553; x_wconf 83' lang='lat' dir='ltr'><strong>Novum,</strong></span> <span class='ocrx_word' id='word_1_721' title='bbox 5352 5488 5487 5559; x_wconf 85' lang='lat' dir='ltr'><strong>quod</strong></span> 
     </span>
    </p>
   </div>
   <div class='ocr_carea' id='block_1_101' title="bbox 3947 5583 5489 5655">
    <p class='ocr_par' dir='ltr' id='par_1_101' title="bbox 3947 5583 5489 5655">
     <span class='ocr_line' id='line_1_101' title="bbox 3947 5583 5489 5655; baseline -0.006 -16"><span class='ocrx_word' id='word_1_722' title='bbox 3947 5601 4105 5655; x_wconf 88' lang='lat' dir='ltr'><strong>supra</strong></span> <span class='ocrx_word' id='word_1_723' title='bbox 4159 5586 4490 5655; x_wconf 82' lang='lat' dir='ltr'><strong>reliquimus.</strong></span> <span class='ocrx_word' id='word_1_724' title='bbox 4539 5583 4822 5654; x_wconf 80' lang='lat' dir='ltr'><strong>Apostolos</strong></span> <span class='ocrx_word' id='word_1_725' title='bbox 4855 5591 5021 5647; x_wconf 89' lang='lat' dir='ltr'><strong>certe,</strong></span> <span class='ocrx_word' id='word_1_726' title='bbox 5059 5589 5114 5634; x_wconf 87' lang='lat' dir='ltr'><strong>et</strong></span> <span class='ocrx_word' id='word_1_727' title='bbox 5157 5592 5489 5633; x_wconf 76' lang='lat' dir='ltr'><strong>successores</strong></span> 
     </span>
    </p>
   </div>
   <div class='ocr_carea' id='block_1_102' title="bbox 3947 5670 5483 5743">
    <p class='ocr_par' dir='ltr' id='par_1_102' title="bbox 3947 5670 5483 5743">
     <span class='ocr_line' id='line_1_102' title="bbox 3947 5670 5483 5743; baseline -0.005 -14"><span class='ocrx_word' id='word_1_728' title='bbox 3947 5692 4151 5740; x_wconf 83' lang='lat' dir='ltr'><strong>eorum,</strong></span> <span class='ocrx_word' id='word_1_729' title='bbox 4188 5678 4233 5730; x_wconf 91' lang='lat' dir='ltr'><strong>si</strong></span> <span class='ocrx_word' id='word_1_730' title='bbox 4268 5675 4675 5732; x_wconf 84' lang='lat' dir='ltr'><strong>irreverberatis</strong></span> <span class='ocrx_word' id='word_1_731' title='bbox 4701 5674 4869 5729; x_wconf 85' lang='lat' dir='ltr'><strong>oculis</strong></span> <span class='ocrx_word' id='word_1_732' title='bbox 4894 5674 5115 5743; x_wconf 86' lang='lat' dir='ltr'><strong>paginas</strong></span> <span class='ocrx_word' id='word_1_733' title='bbox 5144 5670 5264 5725; x_wconf 85' lang='lat' dir='ltr'><strong>novi</strong></span> <span class='ocrx_word' id='word_1_734' title='bbox 5290 5671 5483 5725; x_wconf 83' lang='lat' dir='ltr'><strong>instru-</strong></span> 
     </span>
    </p>
   </div>
   <div class='ocr_carea' id='block_1_103' title="bbox 3952 5760 5483 5836">
    <p class='ocr_par' dir='ltr' id='par_1_103' title="bbox 3952 5760 5483 5836">
     <span class='ocr_line' id='line_1_103' title="bbox 3952 5760 5483 5836; baseline -0.005 -17"><span class='ocrx_word' id='word_1_735' title='bbox 3952 5768 4114 5821; x_wconf 81' lang='lat' dir='ltr'><strong>menti</strong></span> <span class='ocrx_word' id='word_1_736' title='bbox 4138 5766 4432 5836; x_wconf 86' lang='lat' dir='ltr'><strong>percipitis,</strong></span> <span class='ocrx_word' id='word_1_737' title='bbox 4465 5764 4777 5822; x_wconf 84' lang='lat' dir='ltr'><strong>monachico</strong></span> <span class='ocrx_word' id='word_1_738' title='bbox 4831 5779 4933 5817; x_wconf 89' lang='lat' dir='ltr'><strong>non</strong></span> <span class='ocrx_word' id='word_1_739' title='bbox 4962 5760 5218 5817; x_wconf 63' lang='lat' dir='ltr'><strong>canorum</strong></span> <span class='ocrx_word' id='word_1_740' title='bbox 5241 5768 5387 5815; x_wconf 71' lang='lat' dir='ltr'><strong>more</strong></span> <span class='ocrx_word' id='word_1_741' title='bbox 5410 5760 5483 5811; x_wconf 84' lang='lat' dir='ltr'><strong>vi-</strong></span> 
     </span>
    </p>
   </div>
  </div>
