5664 6624
694 416 787 473 513

1599 407 1843 466 OPL'SC.
1884 403 2118 460 XXVIII.
2150 434 2219 443 ——
2256 400 2648 459 APOLOGET.
2692 397 2996 456 MONACH.

3834 394 3941 449 ΒΗ

694 543 809 584 vere
853 526 1159 589 invenietis,
1225 523 1408 589 eisque
1468 528 1788 588 potestatem
1843 516 2043 587 ligandi
2094 524 2253 583 atque
2284 518 2327 576 Α
2359 515 2659 570 riosissime
2705 512 3094 581 gubernarunt.
3138 507 3437 577 Gregorius
3482 520 3546 560 ex
3602 508 3940 559 monasterio

696 620 922 675 solvendi
953 616 1182 686 (Matth.
1220 613 1384 681 xvnt)
1416 624 1729 664 concessam
1762 624 1791 662 a
1814 609 2039 663 Domino
2066 604 2257 676 procul

697 714 847 769 dubio
877 710 1175 779 reperietis.
1208 706 1360 771 Quod
1388 704 1431 758 si
1466 703 1537 755 ita
1575 711 1688 765 est,
1718 717 1825 755 tmo
1854 700 1981 769 quia
2018 700 2090 751 ita
2138 706 2256 761 est,

696 818 787 857 cur
821 814 917 855 nos
940 798 1007 851 ab
1036 798 1139 850 hoc
1165 794 1446 864 privilegio
1473 806 1725 860 separare
1756 789 2058 844 conamini?
2079 786 2259 840 Nesci-

694 895 778 959 tis,
808 893 929 962 quia
962 889 1158 959 quibus
1181 888 1317 941 dixit
1342 884 1632 955 Apostolus
1664 901 1676 936 :
1708 882 1903 935 Mortui
1931 882 2073 933 enim
2100 880 2257 942 estis,

694 983 890 1038 scilicet
938 980 1139 1035 mundo
1194 975 1435 1046 (Colon.
1474 976 1565 1044 In)
1602 990 1614 1026 :
1649 973 1851 1026 eisdem
1884 972 2019 1025 dixit
2062 970 2115 1023 in
2154 965 2255 1022 alia

694 1072 922 1141 Epistola
956 1087 967 1122 :
999 1067 1391 1136 Nescitis,quia
1415 1066 1635 1135 angelos
1656 1062 2031 1131 iudicabimus,
2060 1068 2259 1129 quanto

693 1161 856 1231 magis
890 1158 1165 1213 srecularia
1191 1157 1202 1209 l
1241 1154 1302 1225 (1
1326 1153 1446 1209 Cor.
1476 1152 1574 1221 vr.)
1622 1152 1760 1221 Ergo
1782 1151 1850 1213 si,
1881 1152 2021 1204 sicut
2049 1164 2142 1202 vos
2180 1148 2260 1202 di-

694 1250 826 1313 citis,
846 1247 1045 1302 tnundo
1066 1244 1263 1300 mortui
1287 1256 1490 1301 sumus,
1509 1240 1714 1294 scilicet
1730 1239 1896 1302 vitiis,
1921 1246 1971 1315 et
1996 1238 2256 1306 peccatis,

694 1351 791 1389 non
816 1334 1209 1394 erubescimus,
1258 1330 1382 1399 quia
1416 1329 1554 1383 idem
1596 1325 1886 1395 Apostolus
1928 1326 2100 1379 dicit:
2141 1341 2158 1373 ι
2201 1323 2257 1378 Si

694 1431 864 1476 autem
890 1420 1088 1475 mortui
1133 1433 1321 1473 sumus
1368 1431 1492 1470 cum
1532 1415 1769 1484 Christo,
1817 1414 2088 1468 credimus
2132 1414 2258 1482 quia

690 1512 840 1564 simul
867 1484 1364 1578 resurgemus‘cum
1392 1506 1507 1575 ipso
1551 1503 1633 1573 (11
1682 1502 1815 1556 Tim.
1844 1519 1913 1567 n;
1942 1502 2092 1556 Rom.
2113 1505 2253 1572 γι);ι

689 1600 962 1668 itemque:
1033 1614 1052 1647 ‹
1085 1596 1219 1657 Mihi,
1238 1595 1421 1649 vivere
1452 1594 1705 1647 Christus
1733 1600 1852 1657 est,
1898 1601 1950 1646 et
1999 1593 2133 1645 mori
2187 1592 2259 1645 In-

685 1706 831 1744 crum
861 1686 1125 1766 (Philipp.
1154 1686 1226 1753 t);
1281 1705 1297 1736 ι
1334 1694 1390 1739 et
1421 1686 1472 1738 in
1504 1684 1610 1737 alio
1644 1683 1760 1737 loco
1792 1701 1804 1737 :
1847 1702 1866 1734 ι
1900 1684 2030 1737 Vivo
2053 1692 2257 1750 autem,

690 1796 791 1834 non
822 1780 935 1849 jam
961 1794 1080 1847 ego,
1112 1777 1241 1829 vivit
1276 1790 1407 1828 vero
1450 1776 1501 1827 in
1529 1788 1614 1827 me
1652 1774 1899 1828 Christus
1930 1770 2073 1843 (Cal.
2110 1772 2193 1843 n).
2236 1792 2253 1821 ι

2359 615 2571 669 raptus,
2611 617 2673 654 ac
2696 601 2962 655 violenter
2991 598 3248 653 infulatus
3268 639 3282 664 ,
3310 613 3415 650 non
3459 597 3633 649 solum
3674 612 3800 651 snas
3825 614 3943 666 pro-

2360 694 2511 757 tulit,
2560 693 2654 747 sed
2707 692 2872 745 etiam
2931 690 3310 757 dispositiones
3359 689 3587 743 aliorum
3653 690 3941 743 meiiorare

2359 786 2584 839 studuit.
2640 783 2777 836 Num
2818 784 2982 836 etiam
3032 782 3337 845 Martinutn
3377 780 3749 834 Turonensem
3779 782 3942 833 omit-

2363 876 2580 928 tendum
2622 873 2846 941 putatis,
2880 872 2965 926 cui
2995 872 3191 923 astanti
3235 879 3578 924 sacramento
3613 870 3798 923 divino
3836 870 3945 939 glo-

2359 966 2459 1020 bus
2489 967 2676 1035 igneus
2711 964 3000 1033 apparuit?
3042 962 3245 1016 Fersan
3295 976 3362 1014 ex
3418 961 3646 1013 istorum
3691 960 3943 1014 manibus

2360 1059 2483 1126 quia
2522 1055 2764 1110 monachi
2795 1055 3031 1116 fuerant,
3067 1056 3347 1122 percipere
3371 1060 3711 1106 sacramenta
3757 1051 3935 1105 divina

2362 1148 2655 1216 quisquam
2692 1146 2916 1199 insanus
2949 1142 3259 1212 prohibuit?
3308 1141 3482 1195 Absit.
3516 1140 3774 1195 Facessat
3811 1154 3945 1208 ergo

2361 1237 2549 1294 insana
2582 1247 2636 1289 ct
2667 1246 2920 1306 proterva
2959 1234 3207 1289 doctrinm
3233 1276 3245 1294 ,
3286 1242 3341 1286 et
3375 1241 3688 1287 sanctorum
3722 1233 3944 1286 Patrum

2360 1336 2619 1393 sequatur
2642 1326 2960 1388 auctoritas,
2999 1339 3119 1392 quae
3144 1322 3310 1375 etiam
3341 1338 3405 1376 ex
3444 1322 3813 1391 cujuscunque
3854 1336 3942 1377 sa-

2361 1417 2596 1470 cerdotis
2642 1416 2893 1469 manibus
2942 1423 3285 1468 sacramenta
3335 1412 3543 1475 divina,
3597 1428 3706 1468 non
3764 1414 3940 1467 solum

2358 1506 2660 1575 percipere,
2686 1504 2780 1557 sed
2807 1502 2970 1556 etiam
3001 1502 3354 1571 dedignantes
3377 1501 3655 1569 suscipere
3681 1502 3750 1555 ab
3773 1501 3949 1555 eccle-

2360 1595 2437 1647 sia
2472 1602 2715 1661 separat,
2741 1593 2785 1646 si
2817 1600 2996 1646 tamen
3030 1592 3346 1645 sacerdotes
3375 1598 3539 1644 rectae
3567 1589 3692 1646 ﬁdei
3724 1590 3946 1645 fuerint.

2361 1682 2638 1738 Suﬂicient
2666 1683 2767 1737 ista
2798 1681 3319 1737 contradicentibus.

2991 1796 3219 1851 CAPUT
3252 1796 3313 1850 ΙΙ.

694 1870 796 1926 Sed
828 1888 892 1925 ne
920 1869 1394 1936 turbarentur,qui
1422 1883 1479 1921 se
1505 1868 1662 1921 toties
1692 1876 1932 1921 mortuos
1954 1868 2255 1931 audissent,
2289 1854 2333 1913 Β
2437 1887 2589 1952 Quod
2642 1897 3093 1941 ,ηενωηεηιογωη
3153 1887 3545 1941 σώηίηηηηιίο
3602 1892 3873 1941 nmmum,

692 1963 806 2016 ait:
867 1982 884 2013 r
921 1960 1150 2015 Nescitis
1206 1960 1330 2028 Quia
1383 1958 1601 2028 angelos
1644 1957 2023 2025 iudicabimus,
2058 1969 2259 2027 quanto

688 2053 854 2121 magis
901 2050 1181 2105 smcularia
1214 2050 1225 2101 ε
1273 2068 1290 2099 ι
1334 2047 1400 2117 (1
1430 2047 1552 2101 Cor.
1581 2048 1679 2116 VI.)
1718 2048 1853 2101 Ecce
1887 2059 2067 2101 nostra
2099 2049 2262 2102 liber-

687 2152 790 2197 tas.
821 2143 1038 2209 Quare?
1092 2141 1217 2210 quia
1248 2141 1387 2194 idem
1420 2140 1707 2208 Apostolus
1744 2140 1872 2191 dicit
1909 2156 1919 2191 ε
1971 2159 1986 2188 ε
2022 2139 2121 2194 Ubi
2147 2141 2260 2208 spi-

697 2230 826 2285 ritus
866 2230 1102 2293 Domini,
1130 2230 1198 2282 ibi
1239 2229 1461 2282 libertas
1508 2227 1591 2298 (Il
1635 2228 1756 2281 Cor.
1802 2228 1907 2296 ιιι).
1946 2247 1963 2277 ι
2022 2228 2107 2281 ντε
2135 2244 2261 2296 ergo

689 2318 841 2373 nobis
866 2326 920 2373 et.
950 2319 1129 2381 vobis,
1157 2318 1198 2370 si
1248 2318 1444 2370 mortui
1478 2332 1584 2369 non
1638 2315 1898 2370 fuerimus
1938 2318 2156 2371 mundo.
2205 2317 2260 2369 Si

690 2405 848 2477 igitur
877 2409 1077 2463 mortui
1127 2422 1313 2461 sumus
1362 2408 1580 2467 mundo,
1617 2416 1672 2460 et
1702 2406 1934 2460 vivimus
1980 2406 2112 2469 Deo,
2143 2422 2261 2475 pro-

694 2496 934 2552 babimus
961 2512 1057 2551 vos
1086 2512 1181 2565 per
1203 2496 1385 2548 omnia
1416 2509 1535 2549 esse
1560 2496 1847 2559 mentitos;
1876 2496 2001 2565 quia
2028 2495 2207 2549 dicitis
2246 2509 2259 2547 :

690 2582 797 2639 Nos
830 2585 898 2639 ob
939 2587 1064 2647 hoc,
1093 2586 1236 2653 quod
1272 2586 1464 2638 mortui
1493 2600 1679 2638 sumus
1714 2586 1935 2649 mundo,
1962 2601 2067 2639 non
2107 2600 2265 2653 posse

692 2676 999 2746 dispensare
1045 2678 1429 2732 ecclesiastica.
1455 2676 1703 2745 Sedquid
1736 2690 1830 2730 vos
1857 2676 2111 2728 cxtollitis
2134 2675 2266 2728 Hie-

690 2768 842 2822 colite
860 2771 1117 2839 principia
1135 2779 1338 2834 nostra,
1353 2780 1403 2823 et
1429 2780 1635 2835 vestra;
1660 2778 1712 2823 et
1733 2784 1796 2822 ex
1818 2770 2139 2822 auctoritate
2161 2768 2263 2821 Pa-

688 2865 847 2923 trum,
871 2860 956 2915 cui
981 2860 1098 2929 plus
1117 2868 1404 2929 competat,
1430 2859 1708 2929 collyrian
1731 2858 1931 2912 lumine
1951 2856 2265 2926 perjudicet.

1191 2968 1420 3024 CAPUT
1464 2966 1753 3021 PRIMUM.

892 3059 1209 3129 Conqttcstio
1244 3058 1623 3112 monachorum
1653 3057 1716 3109 de
1763 3058 2051 3110 canonicis.

754 3146 951 3203 Contra
981 3164 1076 3203 vos
1103 3149 1284 3216 itaque
1312 3146 1539 3200 multum
1562 3146 1964 3213 conquerimur,
1989 3144 2115 3212 quia
2148 3145 2263 3212 qui-

686 3238 804 3291 dam
828 3249 1128 3293 vestrorum
1160 3253 1323 3292 ausus
1362 3237 1460 3291 fuit
1495 3236 1783 3290 temerario
1817 3250 1911 3289 ore
1939 3235 2117 3288 dicere
2148 3252 2159 3286 :
2215 3234 2259 3286 A

690 3328 971 3383 monachis
1003 3327 1149 3380 nullo
1174 3328 1336 3381 modo
1372 3325 1806 3379 communionem
1838 3340 1958 3378 esse
1998 3324 2261 3392 recipien-

687 3414 838 3481 dam;
872 3397 1096 3485 insuper
1143 3416 1306 3468 etiam
1357 3414 1714 3481 suscipientes
1739 3412 2256 3474 cxcommunicavit,

688 3513 738 3556 et
759 3521 809 3558 tn
848 3506 1199 3576 opprobrium
1231 3514 1496 3565 nostrum,
1538 3502 1644 3556 imo
1673 3504 1725 3556 in
1753 3503 2258 3557 condemnationem

688 3605 925 3659 suam,et
962 3597 1175 3650 illorum
1207 3595 1672 3663 recommnnicare
1704 3596 1976 3665 prmecpit.
2003 3594 2108 3649 Sed
2133 3595 2261 3662 quid

688 3694 868 3739 contra
891 3686 1080 3739 illum?
1112 3684 1350 3749 Scimus,
1388 3686 1510 3753 quia
1542 3699 1680 3752 pene
1710 3685 1872 3738 idiota
1905 3694 2010 3747 est.
2035 3695 2088 3739 et
2120 3685 2261 3738 mul-

689 3783 859 3830 torum
905 3777 1195 3831 criminum
1226 3791 1380 3839 reus;
1423 3775 1650 3842 ideoque
1683 3772 1841 3849 juxta
1882 3774 2258 3838 Salomonem,

686 3865 913 3922 vitamus
942 3867 1107 3922 stulto
1127 3865 1453 3935 respondere
1476 3865 1632 3933 juxta
1671 3865 1954 3919 stultitiam
1980 3882 2156 3930 suam,
2195 3882 2262 3921 nc

688 3953 884 4009 similes
906 3956 957 4011 ei
984 3955 1281 4010 efﬁciamur
1308 3954 1489 4025 (Prov.
1531 3956 1702 4022 xxvr).
1731 3954 1858 4019 Sed,
1882 3971 1950 4008 ne,
1980 3956 2262 4010 videamur

689 4047 1054 4111 succubuisse,
1071 4046 1396 4116 respondere
1411 4045 1651 4099 volumus
1672 4046 1857 4107 stulto.
1883 4055 1939 4099 ut
1955 4048 2093 4101 idem
2110 4046 2254 4101 Salo-

688 4147 805 4189 mon
836 4138 1114 4199 admonet,
1138 4135 1296 4202 juxta
1323 4135 1605 4190 stultitiam
1632 4151 1807 4199 suam,
1836 4152 1905 4190 ne
1920 4138 2133 4206 sapiens
2160 4136 2261 4191 sibi

686 4239 801 4282 esse
834 4230 1085 4285 videatur
1113 4222 1349 4299 (Ibid):
1401 4236 1455 4283 et
1479 4237 1731 4298 patenter
1755 4231 2091 4284 ostendimus
2138 4246 2260 4285 eum

690 4314 740 4369 in
776 4319 1237 4388 rebaptizatorum
1275 4328 1480 4374 sectam
1538 4320 1925 4376 miserabiliter
1965 4323 2255 4377 corruisse.

687 4402 785 4460 Sed
812 4424 917 4462 non
948 4410 1167 4472 mirum,
1188 4410 1232 4462 si
1262 4410 1443 4463 odium
1470 4406 1771 4463 fraternum
1800 4410 1907 4464 hoc.
1930 4412 2257 4479 promeruit;

685 4507 799 4589 cum
810 4496 1050 4554 Joannes
1065 4498 1222 4569 523
1237 4497 1522 4568 Apostolus
1534 4498 1757 4563 intonet,
1772 4499 1957 4554 dicens
1976 4517 1988 4553 :
2010 4499 2263 4567 «Quiodit
2294 4529 2339 4589 ο

689 4581 905 4643 fratrem
927 4604 1108 4654 suum,
1135 4591 1187 4643 in
1206 4589 1443 4645 tenebris
1457 4598 1561 4654 est,
1589 4600 1643 4645 et
1665 4589 1716 4644 in
1734 4590 1971 4646 tenebris
1995 4590 2256 4657 ambulat,

685 4684 736 4730 et
774 4680 948 4735 nescit
977 4696 1087 4749 quo
1116 4693 1239 4747 eat;
1285 4682 1540 4750 quoniam
1572 4682 1807 4737 tenebrae
1843 4682 2257 4738 obcrecaverunt

685 4768 863 4824 oculos
904 4769 1025 4839 ejus
1059 4771 1108 4842 (I
1130 4771 1287 4827 Joan.
1319 4772 1433 4839 11).»
1454 4772 1559 4827 Sed
1582 4788 1651 4833 ne
1672 4773 1883 4841 longius
1908 4775 2085 4830 toxica
2114 4775 2257 4831 illius

688 4860 872 4923 veneni
940 4870 1186 4930 serpant,
1242 4863 1529 4919 manifeste
1570 4866 1905 4920 ostendimus
1951 4876 2260 4924 antecesso-

686 4944 828 5003 ribus
851 4952 1058 5005 nostris
1082 4966 1191 5020 prae
1220 4952 1473 5006 omnibus
1500 4952 1736 5017 clericis,
1760 4954 1877 5009 haec
1915 4964 2257 5011 sacramenta

686 5031 827 5090 licita
852 5036 1023 5093 fuisse
1053 5039 1387 5109 contingere,
1417 5050 1470 5094 et
1498 5041 1845 5109 dispensare;
1883 5044 2025 5099 sicut
2057 5044 2109 5097 in
2147 5045 2260 5098 vita

686 5120 742 5182 Β.
777 5126 993 5183 Martini
1022 5129 1239 5199 legitur,
1265 5132 1405 5200 quod
1429 5131 1495 5185 de
1524 5133 1651 5187 vino
1687 5148 1717 5187 a
1748 5134 1981 5203 quodam
2022 5136 2261 5190 anacho-

685 5222 796 5271 reta
833 5229 1185 5285 consecrato,
1222 5236 1252 5274 a
1302 5222 1558 5281 maximis
1581 5229 1636 5277 et
1693 5225 2093 5280 venerabilibus
2126 5226 2259 5280 viris

687 5318 778 5371 pro
806 5306 1188 5364 benedictione
1214 5313 1602 5379 expetebatur:
1635 5324 1759 5369 ante
1777 5314 1931 5383 cujus
1953 5317 2097 5371 fores
2117 5333 2257 5387 saepe

683 5404 735 5449 et
758 5400 1021 5471 episcOpi,
1047 5411 1102 5456 et
1131 5404 1360 5458 comites
1396 5405 1787 5461 benedictionis
1828 5409 1999 5478 gratia
2063 5424 2256 5477 perno-

683 5495 912 5545 ctarunt.
930 5490 1296 5561 Telesphorus
1318 5493 1548 5563 denique
1576 5496 1904 5565 apostolicus
1928 5512 1991 5550 ex
2022 5498 2256 5552 anacbo~

687 5576 812 5632 retis
832 5577 1003 5635 fuisse
1029 5582 1447 5648 comprobatur;
1474 5582 1764 5654 Dionysius
1790 5586 1977 5649 etiam,
2003 5595 2059 5640 et
2084 5587 2257 5641 Adeo-

686 5664 859 5735 datus,
891 5685 958 5725 ac
984 5670 1298 5741 Stephanus
1334 5687 1507 5741 nuper
1537 5672 1849 5739 defunctus,
1879 5690 1944 5730 ex
1979 5676 2257 5730 monachis

687 5752 846 5817 fuisse
875 5759 1150 5831 leguntur.
1191 5764 1279 5831 qui
1313 5773 1491 5820 tamen
1533 5766 1887 5836 apostolicam
1931 5767 2113 5823 sedem
2147 5767 2258 5827 stlo-

2642 1974 2753 2027 pra:
2788 1958 3027 2010 omnibus
3054 1958 3260 2009 clericis
3290 1959 3434 2009 licita
3480 1957 3661 2025 fuerit.

2436 2048 2540 2103 Sed
2561 2049 2687 2117 quia
2718 2048 2882 2100 nimis
2896 2046 3257 2115 periculosum
3284 2057 3365 2099 cst
3395 2048 3772 2100 obnmtcscerc
3788 2049 3948 2111 velle,

2366 2139 2764 2193 introducimus
2820 2146 2877 2189 ct
2930 2136 3065 2189 alios
3151 2145 3338 2195 testes.
3402 2136 3661 2189 Basilium
3717 2136 3948 2197 scilicet,

2364 2230 2746 2291 Athanasium,
2788 2237 2844 2281 et
2876 2228 3257 2296 Augustinum,
3318 2243 3417 2280 nec
3458 2244 3561 2279 non
3589 2236 3644 2280 et
3687 2226 3953 2296 Hierony-

2368 2309 2515 2373 mitm
2549 2333 2717 2371 sacrm
2746 2317 2879 2386 legis
2928 2318 3301 2384 interpretem,
3338 2315 3700 2368 Marinianum
3740 2332 3957 2386 quoque

2367 2409 2744 2463 Ravennatem
2777 2409 3111 2475 episc0pum,
3154 2416 3209 2459 et
3243 2408 3606 2474 Augustinum
3655 2406 3953 2474 Anglorum

2365 2498 2668 2568 praesulem,
2701 2514 2839 2565 quos
2870 2497 2997 2549 nulli
3037 2497 3259 2549 dubium
3300 2505 3381 2549 est
3434 2496 3730 2551 monachos
3767 2497 3952 2549 fuisse.

2367 2589 2748 2656 Nunquidnam
2771 2588 2997 2639 “muniti
3026 2587 3305 2655 praesides,
3322 2601 3458 2655 quos
3480 2586 3853 2654 prrediximus.
3870 2585 3955 2639 vel

2369 2683 2493 2743 isti,
2528 2697 2663 2749 quos
2696 2696 2837 2734 nunc
2886 2680 3197 2738 retulimus.
3245 2683 3367 2749 quia
3411 2681 3662 2736 monachi
3702 2680 3955 2747 fuerunt,

2370 2771 2551 2823 minus
2578 2770 2872 2824 laudabiles
2904 2771 3074 2823 habiti
3106 2771 3270 2823 sunt?
3311 2770 3426 2823 Non
3461 2771 3669 2840 utique.
3702 2770 3955 2824 Forsitan

2370 2859 2673 2925 episcopos,
2730 2858 3093 2928 presbyteros,
3144 2860 3398 2913 diaconos
3450 2874 3556 2913 non
3598 2860 3946 2926 ordinarunt,

2370 2949 2491 3015 quis
2525 2948 2747 2999 insanus
2778 2950 2973 3001 audeat
3013 2950 3232 3002 dicere?
3279 2950 3358 3001 An
3397 2948 3624 3003 forsitan
3680 2951 3955 3018 paeniten-

2376 3037 2502 3089 tiam
2530 3036 2844 3091 criminosis
2872 3053 2977 3090 nou
3011 3038 3408 3106 imposuerunt,
3440 3048 3494 3091 et
3520 3038 3957 3105 absolutionem,

2372 3135 2430 3178 ut
2460 3128 2822 3193 competehat,
2848 3128 3234 3198 benignissime
3263 3145 3366 3180 non
3413 3128 3704 3183 addidere?
3758 3129 3957 3198 Utique

2290 3188 2333 3246 δ
2367 3217 2545 3273 facere
2571 3228 2882 3286 potuerunt.

2433 3309 2583 3362 Nunc
2608 3310 2769 3377 igitur
2792 3310 3048 3378 requirite
3070 3321 3255 3363 sancta
3283 3298 3407 3365 octo
3437 3310 3689 3375 concilia,
3720 3310 3885 3383 524
3900 3321 3956 3366 et

2362 3399 2597 3452 maxime
2626 3410 2861 3463 sextum,
2890 3408 2943 3452 et
2965 3400 3255 3468 septimum
3282 3400 3604 3465 concilium;
3642 3401 3826 3470 ibique
3868 3404 3952 3457 in-

2362 3489 2591 3541 Venictis
2642 3489 2930 3542 monachis
2975 3488 3181 3542 licitum
3220 3489 3385 3543 fuisse
3420 3490 3721 3559 disputare,
3744 3492 3951 3562 absque

2362 3579 2471 3634 ullo
2504 3580 2760 3649 scrupulo
2790 3582 2839 3633 in
2864 3592 3158 3649 conspectu
3180 3583 3397 3636 concilii
3429 3594 3593 3652 super
3617 3598 3807 3639 omnes
3859 3587 3956 3656 qui

2362 3673 2606 3725 aderant.
2638 3671 2741 3725 Sed
2767 3672 2877 3741 jam
2909 3671 3198 3725 sulliciant.

2437 3758 2731 3815 Veniamus
2762 3764 2828 3815 ad
2864 3764 3359 3827 consecrationem,
3391 3778 3576 3833 quam,
3607 3765 3957 3834 dispensante

2369 3852 2503 3915 Deo,
2533 3868 2632 3922 per
2662 3854 2948 3924 episcopos
2992 3856 3324 3923 accepimus.
3354 3855 3607 3924 Nunquid
3640 3871 3739 3911 nos
3773 3855 3957 3922 aliter.

2365 3958 2528 4011 quam
2561 3945 2808 3998 canonici
2842 3960 3255 4011 consecramur,
3298 3947 3422 4016 quis
3464 3947 3727 4016 insipiens
3758 3949 3959 4006 audeat

2366 4034 2588 4088 dicere?
2617 4034 2805 4089 Nemo.
2830 4033 2966 4089 Nam
3002 4037 3246 4105 utrisque.
3297 4037 3349 4090 in
3404 4053 3693 4093 commune
3737 4039 3959 4094 benedi-

2362 4124 2597 4178 ctionem
2622 4140 2650 4178 a
2678 4125 2907 4181 Domino
2926 4125 3132 4181 infundi
3157 4128 3445 4197 episcopus
3467 4128 3951 4199 obnixedeposcit.

2364 4213 2432 4268 Et
2454 4215 2579 4269 dum
2601 4224 2889 4271 consecrat
2917 4217 3191 4288 sigillatim
3211 4258 3225 4281 ,
3252 4218 3452 4272 obnixe
3469 4218 3716 4287 deposcit
3738 4221 3955 4275 cunctis

2365 4306 2760 4371 sacerdotibus,
2793 4307 3017 4363 dicens:
3042 4307 3460 4374 Consecrentnr,
3485 4308 3733 4373 Domine,
3758 4324 3955 4365 manus

2365 4397 2501 4461 istm,
2537 4410 2596 4453 ut
2624 4398 2887 4469 quidquid
2941 4400 3343 4464 benedixerint,
3382 4401 3673 4455 benedicta
3723 4400 3857 4467 sint,
3902 4411 3958 4458 et

2365 4489 2626 4559 quidquid
2690 4491 3165 4551 consecraverint.
3236 4500 3561 4546 consecrata
3631 4490 3761 4545 sint.
3815 4492 3956 4547 Ecce

2366 4581 2671 4636 communis
2716 4580 3045 4635 benedictio.
3088 4582 3239 4637 Unde
3275 4598 3405 4643 creo
3436 4582 3771 4637 divortium?
3811 4582 3958 4638 Lon-

2368 4688 2492 4743 gum
2517 4682 2601 4725 est
2629 4673 2730 4725 ista
2768 4673 3046 4742 prosequi.

2443 4764 2731 4817 Videamus
2764 4774 3075 4817 nostrorum
3105 4805 3119 4827 ,
3152 4772 3567 4834 restrornmqne
3596 4762 3958 4818 vestimento—

2367 4869 2488 4908 rum
2519 4852 2769 4923 ﬁguram.
2798 4852 2956 4921 Agite
2988 4864 3299 4923 utrumque.
3328 4854 3614 4924 PrOpheta:
3642 4862 3697 4909 et
3724 4855 3954 4924 apostoli

2367 4954 2556 5001 nostro
2583 4961 2652 4999 an
2690 4954 2871 5001 vestro
2903 4947 3104 5001 vestitu
3146 4948 3225 5001 usi
3258 4948 3419 5001 sunt?
3448 4947 3701 5003 Forsitan
3726 4947 3953 5011 dicetis.

2366 5049 2573 5096 nostro.
2607 5040 2674 5094 Et
2698 5041 2788 5095 ubi
2816 5049 2902 5096 est
2923 5039 3078 5104 illud,
3110 5041 3254 5111 quod
3288 5044 3354 5096 de
3382 5041 3501 5096 Elia
3540 5041 3772 5110 legitur:
3804 5059 3822 5092 ι
3856 5039 3957 5095 Vir

2362 5134 2591 5203 pilosus,
2657 5141 2709 5187 et
2751 5147 2885 5187 zona
2944 5132 3169 5203 pellicea
3218 5134 3497 5188 accinctus
3544 5134 3767 5189 renibus
3823 5130 3950 5204 (IV

2361 5225 2488 5293 Reg.
2522 5241 2537 5279 ι
2568 5227 2615 5293 );
2667 5244 2685 5277 ι
2722 5236 2776 5281 et
2808 5226 2875 5281 de
2904 5226 3041 5295 ipso,
3092 5236 3147 5280 ct
3196 5227 3465 5281 similibus
3516 5226 3719 5282 Paulus
3766 5228 3894 5280 dicit
3930 5244 3944 5278 :

2368 5336 2385 5367 ι
2428 5318 2772 5371 Circuierunt
2821 5317 2875 5370 in
2936 5317 3181 5380 melotis,
3236 5328 3291 5371 et
3326 5321 3377 5372 in
3433 5320 3663 5388 pellibus
3709 5319 3951 5388 caprinis

2362 5406 2550 5476 (Hebr.
2592 5407 2703 5475 xi);
2740 5426 2757 5457 ι
2804 5407 2947 5461 etde
2975 5406 3182 5462 Joanne
3206 5407 3474 5478 Baptista,
3512 5409 3749 5464 Joannes
3784 5422 3952 5464 evan-

2362 5495 2557 5565 gelista
2590 5513 2603 5549 :
2635 5514 2653 5546 ι
2689 5495 2869 5560 Zona,
2900 5497 3093 5565 inquit,
3130 5498 3379 5566 pellieina
3410 5499 3557 5552 circa
3582 5498 3798 5552 lumbos
3826 5495 3948 5565 eius

2363 5585 2579 5655 (Matth.
2599 5601 2690 5649 lll;
2718 5585 2887 5639 Marc.
2910 5593 3005 5654 ης)
3029 5586 3189 5642 Petro
3211 5604 3428 5657 quoque
3449 5589 3949 5659 angelusimperat:

2369 5696 2386 5727 ι
2416 5676 2693 5743 Prtncinge
2720 5685 2792 5739 te,
2816 5684 2871 5729 et
2901 5676 3084 5731 calcea
3119 5689 3171 5730 te
3198 5677 3401 5749 caligas
3439 5688 3564 5733 tuas
3589 5678 3731 5749 (Art.
3759 5674 3889 5745 xu);
3925 5690 3949 5727 ι

2366 5766 2432 5820 de
2460 5765 2610 5819 Pauli
2643 5780 2858 5836 quoque
2880 5780 3016 5819 zona
3049 5767 3269 5837 Agabus
3296 5768 3434 5823 dixit
3473 5786 3485 5823 :
3527 5786 3546 5821 ι
3580 5768 3766 5823 Virum
3796 5763 3955 5833 cuius

4838 6205 5150 6418 ‘
