5664 6650
288 32 1755 244 -ι

287 6416 885 6550 ῃ

2266 454 2381 509 515

2690 454 2749 510 S.
2789 453 2989 509 PETRI
3026 447 3304 507 DAlllANl
3368 449 3518 508 OPP.
3548 447 3783 507 TOMUS
3814 445 3942 503 SEU
4004 445 4183 504 PARS
4217 443 4304 503 Ill.
4336 476 4404 491 α·-
4426 442 4789 506 OPUSCC‘LA
4838 446 5060 503 VARIA.

5393 448 5493 505 δια

2269 571 2386 624 haec
2409 583 2544 625 zona
2580 578 2686 636 est,
2724 567 2889 623 διιάεί
2936 568 2987 621 in
3031 565 3362 621 Hierusalem
3414 556 3727 637 alligabunt,
3774 572 3830 617 et
3858 570 3904 626 Α
3933 574 4108 619 torum
4146 563 4361 617 Patrum
4393 561 4621 618 instituti
4654 554 4933 633 exemplis,
4964 564 5157 634 quibus
5182 571 5263 618 est
5290 566 5493 633 pericu-

2272 659 2494 716 tradent
2544 658 2595 713 in
2651 671 2842 711 manus
2896 656 3131 726 gentium
3171 656 3312 725 (Act.
3369 656 3502 724 xxi).
3545 675 3565 707 ι
3622 654 3829 708 Horum

2273 764 2406 821 ergo
2428 748 2646 802 Patrum
2671 747 2979 802 indumenta
2997 746 3304 803 nullatenus
3328 745 3637 800 nominatim
3655 743 3831 813 Scrip.

2180 873 2198 886 ρ
2274 850 2394 894 tura
2438 847 2684 908 poneret,
2736 839 2841 893 nisi
2870 838 2950 891 eis
2987 837 3236 907 privatim
3274 836 3353 891 usi
3390 835 3629 889 fuissent.
3679 834 3833 899 Quod

2271 930 2319 985 si
2346 929 2501 983 vobis
2531 928 2751 983 dubium
2773 926 3000 991 videtur,
3041 926 3230 981 saltem
3258 935 3559 980 vestrorum
3600 924 3832 991 partium

2274 1019 2592 1074 testimonio
2640 1033 2825 1072 aurem
2852 1020 3271 1073 accommodate.
3309 1016 3493 1085 Legite
3518 1016 3833 1070 collationes

2272 1108 2522 1172 Patrum,
2551 1121 2685 1176 quas
2711 1106 3009 1161 Eucherius
3034 1105 3399 1174 Lugdunensis
3432 1104 3715 1171 cpiscopus
3740 1103 3834 1157 eli-

2273 1211 2424 1253 mato
2441 1212 2690 1252 sermone
2714 1197 3028 1251 abbreviare
3048 1195 3273 1259 studuit;
3293 1204 3348 1249 et
3371 1196 3414 1249 si
3435 1197 3589 1249 nobis
3614 1196 3837 1249 credere

2284 1300 2392 1339 non
2419 1285 2602 1349 vultis,
2637 1284 2828 1339 saltem
2854 1283 2993 1339 illius
3022 1282 3212 1336 littera:
3235 1282 3457 1336 credite.
3477 1281 3610 1335 Nam
3633 1297 3745 1344 nos,
3772 1295 3836 1337 eo

2258 1376 2516 1435 doctore.
2568 1376 2706 1430 hanc
2742 1374 2989 1442 paginam
3019 1374 3380 1431 exaravimus.
3423 1373 3592 1443 igitur
3613 1389 3715 1428 non
3751 1387 3836 1427 so-

2274 1464 2386 1518 lum
2412 1466 2693 1533 praadictos
2716 1463 2904 1517 Patres
2931 1465 2981 1517 in
3012 1466 3206 1517 vestitu
3235 1464 3537 1532 sequimur,
3572 1464 3664 1517 sed
3692 1464 3838 1516 insue

2275 1567 2375 1622 per
2418 1552 2851 1606 sublimissimam
2898 1553 3152 1607 caelorum
3184 1555 3389 1608 curiam
3423 1594 3437 1619 ,
3496 1554 3634 1623 quod
3690 1553 3837 1608 vobis

2275 1642 2467 1696 durum
2506 1651 2586 1696 est
2618 1643 2822 1697 audire.
2858 1640 3137 1711 Seraphim
3188 1644 3411 1707 scilicet,
3465 1645 3586 1711 quis
3631 1644 3838 1697 dubitet

2281 1745 2377 1783 sex
2410 1731 2519 1783 alas
2555 1732 3031 1786 habereidicente
3061 1733 3333 1801 Scriptura
3360 1751 3371 1785 :
3408 1751 3424 1782 ι
3460 1732 3564 1785 Sex
3588 1732 3683 1786 alae
3723 1733 3833 1795 uni,

2274 1828 2331 1871 et
2378 1833 2470 1871 sex
2520 1819 2617 1871 altu
2669 1819 2820 1872 alteri
2850 1819 2984 1887 (lsa.
3025 1820 3118 1891 γι).
3148 1839 3166 1871 ι
3203 1820 3486 1874 Enimvero
3530 1830 3584 1874 et
3622 1837 3717 1874 nos
3745 1836 3836 1874 sex

3934 656 4263 709 losissimum
4306 652 4586 720 refragari,
4620 653 4889 706 credimus
4924 668 4952 706 a
4980 652 5346 707 sacerdotibus
5386 667 5496 707 mo-

3934 745 4122 801 nachis
4170 741 4749 810 ligandisolvendiqur
4796 741 5048 806 cilicium,
5089 744 5195 795 Deo
5220 752 5488 811 operante,

3935 841 4095 908 digne
4122 836 4511 899 administrari,
4539 836 4583 889 si
4607 848 4699 889 eos
4726 836 4883 907 digne
4909 836 5189 904 contigerit
5215 837 5315 890 hoc
5344 834 5498 889 mini-

3935 927 4101 982 sterio
4120 924 4418 979 sublimnri.
4437 925 4590 991 Quod
4614 925 4986 978 incunctanter
5012 924 5237 979 affirmat
5260 925 5493 993 quisquis

3933 1024 4132 1070 statum
4161 1014 4545 1067 monachOrum
4583 1023 4633 1067 et
4664 1013 4901 1066 habitum
4937 1021 5356 1083 potestatemque
5388 1011 5495 1066 evi-

3934 1106 4124 1160 denter
4172 1105 4497 1160 considerat.
4548 1104 4706 1159 Verbi
4764 1105 4931 1174 gratia
4959 1144 4974 1169 ,
5032 1117 5249 1175 angetus
5291 1104 5493 1167 Graec,

3934 1194 4125 1248 Latine
4166 1194 4388 1247 nuntius
4435 1203 4609 1247 sonat.
4657 1192 4977 1247 Sacerdotes
5026 1193 5207 1262 igitur,
5257 1191 5497 1245 monachi

3936 1291 4097 1350 atque
4142 1282 4407 1345 canonici,
4461 1284 4551 1350 qui
4602 1282 4842 1351 quotidie
4878 1282 4969 1335 Dei
5013 1291 5273 1351 praecepta
5311 1279 5498 1349 populo

3936 1372 4205 1435 nuntiant,
4256 1371 4431 1440 angeli
4477 1381 4755 1433 vocantur,
4805 1373 5009 1425 ratione
5054 1388 5156 1425 non
5189 1373 5492 1440 incongrua.

3938 1462 4042 1516 Sed
4078 1464 4442 1531 unusquisque
4486 1462 4759 1530 angellcus
4785 1463 4937 1527 ordo,
4972 1474 5172 1532 quanto
5198 1462 5494 1516 claritatem

3916 1549 4031 1602 Dei
4060 1551 4287 1604 vicinius
4314 1553 4724 1621 contemplatur,
4760 1562 4908 1606 tanto
4938 1550 5126 1619 majori
5158 1553 5350 1606 virtute
5387 1552 5499 1620 ejus

3938 1640 4200 1695 divinitati
4243 1642 4542 1705 adhmrens,
4592 1641 4707 1695 sine
4755 1642 4915 1696 dubio
4967 1642 5285 1695 roboratur:
5316 1653 5496 1695 eorum

3938 1732 4216 1785 cherubim
4265 1731 4397 1785 ordo
4443 1732 4673 1785 eximius
4718 1732 5059 1799 praedicatur,
5108 1745 5334 1798 quorum
5374 1730 5501 1799 ligu-

3938 1836 4051 1873 ram
4083 1822 4463 1874 monachorum
4509 1821 4685 1875 cultus
4716 1831 5082 1891 competenter
5114 1823 5312 1875 habere
5351 1836 5495 1874 com-

2276 1907 2381 1961 alis
2427 1908 2683 1973 velamur,
2730 1909 2974 1965 videlicet
3025 1910 3229 1964 duabus
3256 1911 3309 1964 in
3336 1912 3529 1980 capite,
3554 1922 3605 1966 et
3634 1913 3835 1966 duabus
3867 1912 3909 1969 Β
3939 1911 4221 1978 probatur.
4254 1909 4386 1962 Nam
4433 1911 4508 1963 uti
4550 1911 4849 1975 cherubim,
4899 1913 4970 1964 ita
5005 1913 5246 1965 monachi
5282 1926 5371 1963 sex
5408 1910 5504 1965 alis

2276 1997 2501 2059 dextera
2530 1998 2782 2067 laevaque,
2820 2008 2874 2052 et
2906 1998 3111 2053 duabus
3132 2012 3273 2065 ante,
3301 2009 3355 2053 et
3378 2009 3540 2054 retro.
3571 2003 3627 2055 Si
3658 2011 3834 2055 autem

2278 2088 2396 2142 haec
2430 2088 2756 2142 incredibilia
2786 2088 2933 2142 vobis
2957 2090 3223 2154 videntur,
3249 2093 3544 2160 perquirite
3574 2093 3713 2160 quod
3740 2092 3835 2146 Bo-

2276 2180 2505 2234 nifacius
2548 2182 2596 2232 iu
2649 2191 2951 2233 nostrorum
2984 2180 3205 2236 tuitione
3238 2186 3566 2251 compesuit;
3598 2194 3650 2237 et
3679 2185 3719 2236 si
3746 2185 3840 2236 ad-

2277 2270 2385 2324 huc
2414 2271 2684 2323 contraire
2736 2270 2913 2331 vultis,
2968 2286 3176 2325 morum
3228 2284 3527 2327 vestrorum
3578 2290 3641 2327 ac
3679 2276 3839 2328 vesti-

2278 2370 2580 2412 tneutm-um
2633 2370 2881 2429 auctores
2920 2374 2985 2412 ex
3030 2362 3586 2416 auctoritate'Patrum
3613 2364 3836 2417 edicite:

2276 2459 2333 2503 et
2361 2452 2503 2517 quod
2550 2452 2700 2504 nobis
2747 2452 3034 2519 apponitis,
3073 2453 3396 2523 testimoniis
3424 2455 3681 2520 probate:
3714 2462 3767 2506 et
3795 2454 3841 2505 si

2274 2540 2387 2592 vita
2442 2554 2620 2593 comes
2671 2540 2849 2603 fuerit,
2900 2540 3091 2596 altiora
3135 2557 3297 2610 quam
3327 2543 3581 2608 diximus,
3623 2544 3843 2612 juvante

2280 2629 2412 2693 Deo,
2441 2631 2661 2685 dicenda
2686 2641 2917 2698 sperate.

2612 2738 2693 2793 Sit
2727 2755 2910 2792 nomen
2939 2738 3149 2793 Domini
3176 2741 3519 2796 benedictum.

2469 2920 2819 2992 525-526
2856 2936 3137 2977 occanunt
3179 2936 3441 2977 nomnen
3487 2936 3653 2977 eam.

2279 3054 2432 3119 Quod
2458 3058 2694 3108 monachi
2725 3056 3023 3123 presbyterii
3049 3056 3242 3109 honore
3268 3055 3519 3119 decorati,
3548 3066 3846 3122 potestatem

2347 3125 2531 3177 habent
2563 3124 2758 3191 ligandi
2785 3136 2829 3176 et
2856 3126 3102 3177 solvendi.

2349 3194 2415 3247 cii
2441 3192 2467 3245 1
2489 3191 2542 3257 γ,
2580 3191 2729 3246 Ροηι.
2765 3193 2909 3247 Mar.
2944 3195 3029 3258 lli,
3052 3210 3139 3263 qu.
3160 3191 3219 3257 ‘l,
3250 3210 3335 3263 ap.
3368 3193 3519 3247 Derr.
3548 3192 3723 3263 Crat.)

2357 3342 2373 3374 ι
2411 3325 2546 3377 Sant
2572 3324 2807 3384 nonnulli
2846 3323 2989 3377 nullo
3026 3325 3273 3393 dogmate
3314 3323 3454 3385 fulti,
3484 3323 3844 3378 audacissime

2276 3412 2516 3482 quidem,
2566 3413 2680 3466 zelo
2732 3414 2902 3482 magis
2942 3413 3315 3471 amaritudinis
3352 3428 3511 3481 quam
3543 3413 3845 3468 dilectionis

2273 3502 2607 3565 inﬂammati,
2640 3513 2940 3557 asserentes
2972 3505 3286 3566 monachos,
3316 3504 3440 3572 quia
3467 3504 3665 3558 mundo
3697 3519 3843 3557 mor-

2278 3595 2354 3648 tui
2383 3602 2505 3649 sunt
2545 3602 2597 3645 et
2627 3593 2733 3647 Deo
2776 3595 2979 3658 vivunt,
3036 3594 3382 3648 sacerdotalis
3424 3593 3580 3648 cilicii
3613 3596 3845 3663 potentia

2281 3689 2559 3757 indignos;
2595 3702 2765 3755 neque
2812 3688 3205 3756 pcenitentiam,
3254 3703 3426 3758 neque
3468 3685 3842 3742 Christianita-

2279 3788 2385 3833 tem
2417 3778 2619 3848 largiri,
2653 3792 2825 3846 neque
2869 3772 3144 3831 absolvere
3181 3793 3337 3846 posse
3374 3793 3469 3847 per
3501 3778 3846 3833 sacerdotalis

2278 3866 2437 3921 olllcii
2470 3866 2721 3920 divinitus
2758 3868 2858 3920 sibi
2907 3866 3196 3934 injunctam
3233 3877 3569 3937 potestatem,
3599 3871 3690 3923 sed
3724 3884 3843 3923 om-

2281 3957 2410 4011 nino
2443 3956 2707 4010 labuntur.
2736 3955 2868 4011 Nam
2890 3958 2941 4011 si
2974 3973 3039 4012 ex
3081 3959 3183 4013 hac
3230 3974 3390 4013 causa
3417 3968 3627 4014 veteres
3666 3960 3846 4014 remuli

2284 4060 2409 4100 vera
2439 4048 2809 4115 praedicarent,
2848 4048 3151 4117 apostolicae
3181 4065 3400 4119 compar
3426 4052 3569 4105 sedis
3598 4052 3838 4105 beatissi-

2286 4151 2405 4189 Inus
2431 4128 2718 4201 Gregorius
2740 4138 3053 4190 monachico
3077 4138 3219 4191 cultu
3238 4139 3463 4209 pollens,
3490 4140 3555 4192 ad
3579 4155 3845 4194 summum

2284 4226 2584 4278 nullatenus
2632 4226 2834 4294 apicem
2881 4227 3286 4294 conscenderet,
3339 4230 3421 4284 cui
3463 4230 3681 4299 quidem
3734 4232 3850 4289 bare

2284 4315 2477 4385 ligandi
2510 4316 2854 4384 solveudique
2888 4326 3125 4385 potestas
3162 4334 3189 4374 a
3220 4320 3332 4375 Deo
3358 4335 3565 4375 summa
3597 4324 3849 4379 concedi-

2286 4418 2371 4460 tur
2396 4425 2409 4459 :
2443 4407 2767 4476 Augustinus
2788 4416 2999 4479 quoque
3026 4409 3263 4479 ejusdem
3299 4414 3627 4468 sanctissimi
3649 4413 3851 4485 Grego-

2286 4495 2352 4548 rii
2396 4495 2722 4565 discipulus,
2774 4496 3061 4567 Anglorum
3110 4501 3429 4569 prmdicator
3473 4504 3759 4574 egregius:
3794 4514 3848 4559 et

3151 3124 3246 3193 (Ab
3288 3126 3594 3193 auctoritate
3623 3125 3849 3193 Bonifa-

3937 2001 4207 2055 velantur.
4242 2001 4455 2056 Duabus
4486 2002 4700 2071 quidem
4738 2002 4788 2055 in
4820 2002 5065 2071 capu‘cio,
5105 2017 5210 2070 quo
5243 2010 5399 2070 caput
5427 2010 5502 2054 te-

3939 2093 4070 2161 gitur
4102 2109 4113 2154 ;
4146 2092 4266 2146 aliis
4297 2107 4425 2146 vero
4448 2091 4677 2155 duabus,
4717 2092 4908 2161 quibus
4933 2093 5092 2161 pedes
5120 2091 5390 2161 leguntur,
5417 2104 5505 2143 ve-

3946 2184 4262 2237 risimilibus
4309 2182 4712 2236 demonstratur
4756 2182 5161 2236 assertionibus.
5206 2179 5338 2235 Illud
5381 2193 5505 2233 vero

3951 2272 4189 2331 cucullze,
4224 2273 4367 2339 quod
4409 2271 4648 2326 brachiis
4693 2271 5013 2335 ostenditur,
5045 2270 5175 2324 alias
5222 2270 5355 2322 duas
5399 2267 5506 2323 alas

3942 2376 4059 2415 esse
4090 2362 4337 2423 dicimus,
4362 2372 4415 2413 et
4444 2360 4494 2414 id
4522 2360 4757 2425 tandem,
4781 2361 4920 2429 quod
4945 2361 5155 2424 dicitur,
5187 2374 5279 2414 sex
5306 2358 5506 2412 alarum

3950 2468 4233 2507 numerum
4271 2452 4573 2506 certissime
4607 2453 4816 2520 impleri
4849 2454 5123 2506 asseritur.
5166 2451 5508 2505 Decertantes

3942 2545 4108 2613 igitur
4130 2544 4441 2598 monasticae
4464 2541 4811 2611 professionis
4835 2543 5177 2611 presbyteros
5204 2540 5508 2596 saeerdou-

3943 2634 4009 2687 lis
4040 2634 4291 2703 potentirc
4338 2634 4512 2687 arceri
4541 2631 4714 2685 cilicio
4754 2634 4897 2685 nnmi
4946 2632 5102 2687 modo
5150 2630 5504 2700 pmcipimus,

3945 2734 4005 2778 ut
4046 2725 4112 2777 ab
4143 2723 4444 2791 hujusmodi
4490 2721 4735 2776 nefandis
4785 2723 5003 2775 ausibus
5050 2722 5405 2789 reprintantur
5454 2720 5503 2771 in

3946 2822 4241 2881 posterum,
4279 2812 4403 2879 quia
4453 2820 4655 2879 quanto
4692 2811 4918 2881 quisque
4972 2819 5053 2865 est
5104 2808 5314 2875 celsior,
5367 2817 5507 2863 tanto

3946 2910 4030 2955 cst
4054 2910 4108 2953 et
4134 2901 4187 2953 in
4211 2900 4293 2954 bis
4315 2900 4602 2969 potentior.

4016 2992 4310 3060 Episcopus
4362 2991 4520 3045 debet
4564 3004 4760 3045 canere
4809 2991 5027 3046 missam
5075 2990 5129 3044 in
5178 2988 5508 3044 ordinatione

3948 3082 4267 3151 presbyteri,
4297 3081 4546 3135 similiter
4582 3090 4636 3134 et
4665 3082 4829 3135 abbas
4857 3082 4909 3134 in
4943 3080 5278 3135 ordinatione
5320 3094 5506 3132 monac

3951 3175 4068 3238 chi;
4107 3174 4233 3242 quia
4280 3174 4525 3227 remissio
4549 3182 4889 3242 peccatorum
4921 3180 5022 3226 est.
5062 3171 5284 3239 Propter
5307 3170 5407 3224 hoc
5434 3184 5510 3223 re-

3874 3241 3918 3303 c
3951 3241 4158 3333 linquet
4194 3278 4286 3317 rex
4326 3241 4568 3333 regnum,
4612 3273 4665 3317 et
4710 3278 4949 3317 summus
4977 3260 5210 3331 pontifex
5238 3261 5511 3330 pontiﬁca-

3950 3362 4078 3415 tum,
4110 3354 4394 3421 episcopus
4438 3355 4824 3423 episcopatum,
4865 3367 5045 3408 eomes
5086 3351 5417 3414 comitatum,
5458 3358 5510 3403 et

3948 3441 4100 3496 multi
4148 3442 4339 3496 divites
4390 3443 4670 3509 utriusque
4711 3456 4873 3495 sexus
4910 3455 5034 3495 suas
5062 3440 5430 3510 possessiones
5459 3437 5509 3489 in

3949 3534 4165 3596 saeculo,
4196 3543 4249 3586 et
4275 3534 4489 3587 venient
4536 3534 4587 3587 in
4634 3533 5017 3587 monasterium
5058 3533 5123 3585 ad
5174 3530 5508 3585 serviendum

3949 3622 4270 3687 Deo.“Ab_sit
4321 3630 4381 3676 ut
4426 3622 4723 3674 monachus
4759 3621 4942 3674 vivens
4970 3620 5067 3673 sub
5093 3618 5272 3689 regula
5312 3617 5396 3671 vel
5429 3616 5513 3671 ab-

3946 3712 4091 3775 bate,
4118 3710 4435 3777 subjiciatur
4461 3709 4581 3766 aliis
4617 3710 4942 3765 hominibus.
4988 3708 5146 3763 Nefas
5184 3718 5263 3763 est
5290 3709 5507 3762 dicere:

3946 3800 4240 3855 Monachus
4271 3815 4376 3854 non
4415 3799 4579 3855 habet
4604 3786 4925 3869 potestatem
4973 3799 5165 3869 ligandi
5208 3805 5365 3866 atque
5413 3795 5512 3851 sol-

3946 3891 4126 3954 vendi,
4172 3899 4233 3944 ut
4279 3889 4498 3959 quidam
4546 3889 4747 3949 dicunt,
4797 3888 4920 3957 quia
4952 3887 5145 3940 mortui
5193 3895 5337 3941 sunt.
5380 3886 5512 3940 Vere

3948 3978 4148 4032 mortui
4206 3985 4335 4033 sunt
4391 3976 4517 4032 huic
4580 3976 4807 4041 steculo,
4876 3977 5014 4030 sicut
5065 3977 5234 4030 sancti
5293 3972 5511 4044 apostoli

3948 4070 4185 4125 fuerunt.
4241 4068 4490 4137 Nunquid
4542 4067 4715 4123 sancti
4771 4067 4997 4137 apostoli
5051 4082 5158 4120 non
5217 4064 5511 4119 habuerunt

3947 4168 4268 4230 potestatem
4319 4158 4517 4228 ligandi
4576 4169 4631 4213 et
4689 4157 4972 4221 solvendi,
5029 4170 5095 4210 ex
5138 4156 5329 4224 quibus
5381 4166 5515 4207 unus

3949 4251 4162 4305 dicebat
4207 4266 4221 4303 :
4264 4266 4284 4299 ι
4337 4246 4395 4302 Si
4440 4248 4581 4302 enim
4635 4248 4829 4301 mortui
4869 4262 5051 4302 sumus
5093 4262 5212 4301 cum
5259 4244 5510 4303 Christo.

3955 4339 4226 4395 credimus
4265 4339 4391 4409 quia
4423 4338 4583 4394 simul
4613 4340 4854 4395 vivemus
4891 4354 5011 4395 cum
5048 4339 5146 4394 eo?
5172 4356 5191 4389 ι
5220 4336 5389 4407 (Rom.
5418 4336 5511 4404 vi.)

3956 4424 4090 4493 Quis
4136 4426 4327 4481 melius
4369 4435 4545 4496 potest
4587 4426 4788 4492 dicere,
4832 4427 5037 4481 solvere
5064 4424 5148 4479 vel
5188 4424 5355 4494 ligare
5389 4438 5513 4490 pec-

3952 4526 4186 4583 cantem,
4218 4533 4377 4587 quam
4405 4518 4494 4587 qui
4524 4517 4839 4573 solutusest
4858 4534 4886 4571 a
4915 4518 5022 4571 Deo
5052 4533 5079 4569 a
5109 4517 5359 4584 peccatis.
5388 4513 5513 4580 Quis

2284 4584 2674 4677 Pannonieusis
2704 4584 2960 4641 Martinus
2983 4588 3341 4657 beatissimus,
3368 4570 3847 4660 cujus'sanctitatis
3874 4570 3926 4629 Β
3952 4570 4723 4664 dare
4752 4570 4877 4673 beo,
4908 4624 5064 4677 quam
5098 4570 5183 4661 ille
5217 4607 5307 4675 qui
5339 4570 5514 4676 proxi-

2285 4672 2480 4731 famam
2512 4674 2664 4743 longe
2695 4674 2906 4744 lateque
2937 4676 3182 4733 dillusam
3228 4687 3371 4735 totus
3409 4694 3661 4750 personat
3694 4700 3850 4739 mun-

2287 4764 2418 4827 dus;
2452 4764 2540 4817 alii
2560 4779 2771 4833 quoque
2797 4766 3174 4836 quatnplurimi
3218 4770 3316 4823 viri
3347 4772 3691 4838 sanctissimi,
3722 4789 3849 4843 pre-

2288 4855 2577 4910 tiosissimo
2594 4858 2973 4913 monachorum
3004 4860 3185 4914 habitu
3211 4860 3491 4932 fulgentes,
3516 4880 3851 4933 nequaquam

2290 4944 2491 4997 annulo
2517 4946 2802 5013 pontiﬁcali
2832 4950 3302 5005 subarrharentur.
3329 4952 3432 5007 Sed
3465 4954 3589 5023 quia
3607 4955 3854 5009 monachi

2290 5028 2532 5094 fuerunt,
2562 5035 2825 5101 prtedictis
2851 5037 2926 5090 uti
2958 5039 3344 5107 prohibentur?
3380 5039 3561 5110 Neque
3600 5043 3744 5096 enim
3791 5044 3851 5097 Β.

2292 5122 2612 5177 Benedictus
2651 5128 3028 5183 monachorum
3065 5142 3359 5201 praeceptor
3386 5132 3670 5198 almilicus,
3699 5135 3856 5203 hujus

2292 5214 2371 5265 rei
2401 5213 2581 5281 aliquo
2603 5216 2759 5269 modo
2789 5214 2887 5271 fuit
2915 5219 3253 5288 interdictor;
3285 5224 3375 5279 sed
3395 5240 3489 5280 eos
3516 5226 3851 5281 saecularium

2293 5302 2629 5370 negotiorum
2684 5305 2849 5360 edixit
2898 5320 3141 5377 expertes
3192 5312 3307 5368 fore
3351 5310 3720 5371 tantummodo
3768 5316 3833 5388 (S

2296 5391 2491 5479 Bsncn.
2526 5389 2678 5464 Reg.,
2705 5411 2823 5466 cap.
2854 5396 2929 5465 ι).
2966 5397 3115 5465 Quod
3148 5404 3362 5472 quidem
3406 5406 3716 5475 apostolicis
3762 5409 3857 5462 do-

2295 5483 2557 5537 cumentis
2602 5494 2657 5538 et
2689 5486 2929 5542 omnium
2969 5501 3271 5549 sanctorum
3310 5495 3526 5553 Patrum
3572 5499 3855 5566 institutis,

2297 5586 2401 5624 non
2438 5571 2605 5626 solmn
2643 5578 2937 5645 monachis,
2966 5582 3059 5635 sed
3103 5584 3265 5638 etiam
3294 5589 3567 5658 canonicis
3598 5590 3859 5647 maximo-

2297 5678 2425 5731 pere
2456 5664 2763 5731 imperatur.
2793 5687 2811 5719 ‹
2844 5669 3010 5725 Nemo
3032 5674 3175 5729 enim
3199 5676 3436 5733 militans
3464 5681 3591 5745 Deo,
3620 5682 3860 5750 implicat

2297 5768 2353 5807 se
2381 5757 2609 5826 negotiis
2635 5759 2976 5819 secularibus
3005 5764 3054 5837 (l
3092 5764 3225 5824 Tim.
3256 5772 3338 5839 ιι).
3372 5790 3391 5824 ι
3426 5771 3535 5830 Nos
3581 5790 3705 5831 vero
3743 5786 3859 5832 tan-

3951 4715 4072 4754 mus
4120 4708 4204 4752 est
4236 4696 4318 4752 ei?
4363 4697 4462 4764 Qui
4515 4699 4702 4753 dentes
4746 4698 5047 4767 hujusmodi
5101 4698 5333 4751 stridunt
5373 4696 5512 4750 circa

3958 4789 4281 4852 monachos,
4329 4787 4568 4842 infelices
4617 4798 4769 4853 sunt,
4814 4797 4871 4843 et
4920 4789 5082 4843 verba
5130 4802 5313 4842 eorum
5359 4801 5511 4840 vana.

3955 4879 4061 4934 Sed
4086 4879 4263 4933 audite
4287 4894 4381 4932 cur
4428 4878 4553 4932 talia
4584 4879 4784 4933 dicunt.
4820 4879 4926 4935 Lex
4952 4882 5093 4934 enim
5122 4881 5279 4934 dicit:
5310 4880 5365 4935 Si
5398 4881 5513 4950 quis

3956 4970 4186 5023 clericus
4209 4969 4259 5021 in
4291 4969 4554 5023 adulterio
4582 4970 4663 5023 vel
4695 4970 4748 5023 in
4778 4971 4957 5041 aliquo
4980 4971 5201 5025 crimine
5226 4972 5389 5025 fuerit
5421 4974 5513 5028 deo

3955 5059 4275 5126 prehensus,
4302 5067 4394 5111 aut
4423 5058 4537 5127 ipse
4565 5059 4859 5124 confessus,
4905 5070 4995 5114 aut
5022 5060 5089 5115 ab
5116 5061 5233 5115 aliis
5264 5062 5512 5128 revictus,

3951 5150 4105 5219 juxta
4155 5150 4379 5204 concilia
4424 5160 4782 5205 trecentorum
4823 5152 5005 5208 decem
5039 5162 5093 5208 et
5127 5163 5245 5207 octo
5272 5151 5511 5215 Patrum.

3957 5241 4023 5295 ad
4078 5240 4332 5295 honorem
4384 5256 4488 5295 non
4539 5252 4716 5310 potest
4766 5244 4959 5308 redire,
5012 5244 5112 5299 nisi
5165 5260 5260 5314 per
5304 5246 5512 5316 dignam

3955 5332 4349 5401 paenitentiam.
4385 5330 4459 5385 Ex
4490 5347 4593 5401 qua
4624 5347 4683 5386 re
4708 5332 4871 5387 multa
4900 5333 4976 5387 ira
5006 5342 5056 5388 et
5087 5333 5283 5387 invidia
5313 5334 5515 5389 inflam-

3958 5421 4088 5472 mati
4119 5420 4261 5473 circa
4294 5420 4603 5483 monachos,
4634 5420 4718 5475 vel
4761 5422 4903 5476 circa
4928 5422 5219 5478 catholicos
5255 5424 5397 5478 viros
5434 5422 5513 5477 die

3958 5518 4229 5578 noctuque
4273 5519 4462 5578 optant
4502 5510 4723 5566 insidias
4765 5512 5023 5578 invenire,
5061 5513 5286 5583 qualiter
5314 5515 5513 5582 possint

3959 5616 4052 5657 eos
4074 5600 4267 5669 injuste
4296 5592 4606 5670 illaqueare.
4631 5602 4732 5668 Qui
4762 5604 4903 5657 enim
4942 5618 5035 5657 sua
5060 5611 5274 5674 peccata
5294 5605 5513 5660 nullate-

3962 5708 4062 5748 nus
4089 5693 4262 5747 valent
4302 5709 4550 5763 purgare,
4584 5696 4851 5765 quomodo
4879 5706 5101 5767 possunt
5146 5695 5315 5753 aliena
5345 5697 5515 5753 dimlta

3964 5786 4105 5840 tere?
4137 5785 4382 5857 Nunquid
4421 5796 4594 5857 potest
4628 5803 4799 5845 cacus
4836 5803 5035 5846 caecum
5077 5788 5303 5846 ducere?
5346 5789 5513 5861 Itaque
