5664 6630
690 418 786 472 8ιῖ

1451 413 1693 470 OPUSC.
1737 410 1926 466 XXIX.
1961 437 2032 450 —-
2060 406 2147 462 DE
2188 405 2320 462 VlLl
2363 403 2658 459 VESTITU
2701 398 3142 457 ECCLESIAST.

3821 390 3927 448 518

688 530 774 602 qui
829 543 914 584 res
957 529 1041 585 vel
1089 529 1320 582 honores
1367 526 1619 580 Ecclesiae
1664 523 1981 579 subtrahere
2010 519 2256 582 voluerit,
2285 527 2329 578 Λ
2360 525 2415 571 et
2457 516 2609 584 sequi
2659 514 2845 578 Deum,
2886 513 2976 580 qui
3007 512 3176 566 dicit:
3209 531 3224 563 ι
3260 508 3445 564 Venite
3482 508 3551 562 ad
3594 522 3701 574 me,
3723 522 3848 562 omn

689 620 972 675 anathema
1021 619 1110 672 sit.
1161 617 1298 682 Quid
1335 616 1470 668 ultra
1505 616 1711 667 dicam?
1753 610 2136 667 Convertimini
2204 619 2257 663 et

692 708 863 762 videte
882 708 1006 777 quia
1038 707 1110 759 nil
1141 705 1331 758 melius
1358 715 1437 759 est
1460 719 1619 772 quam
1660 703 1966 770 relinquere
2000 699 2254 752 sreculum

2363 617 2414 659 et
2440 623 2536 677 ego
2566 621 2659 660 vos
2691 605 3026 672 requiescere
3051 602 3245 657 faciam
3273 600 3486 672 (Matth.
3520 600 3616 668 XI).
3658 617 3674 650 ι

2704 693 2786 747 Sit
2814 708 2998 745 nomen
3032 692 3243 744 Domini
3269 691 3590 744 benedictum

702 824 3933 867 MM

899 975 1258 1048 527-528
1329 989 2175 1105 OPUSCULUM
2215 976 2218 979 ‘
2260 985 3066 1105 VICESIMUM
3153 979 3704 1097 NONUM.

1536 1204 1632 1268 DE
1675 1207 1839 1268 VlLl
1884 1205 2221 1269 VESTITU
2264 1201 3078 1266 ECCLESIASTICORUM.

2120 1372 2498 1393 α-ω--α

691 1495 1081 1550 Aacuusnrrl.
1104 1520 1174 1530 —
1193 1488 1468 1542 Mainardo
1495 1486 1672 1540 abbati
1702 1485 1788 1554 qui
1813 1483 2220 1552 pretiosioribus
2247 1482 2484 1536 vestibus
2512 1481 2656 1534 indui
2700 1488 3075 1554 consueverat,
3112 1478 3349 1534 ostendit
3374 1493 3539 1554 quam
3552 1479 3650 1554 _sit
3684 1479 3940 1534 ecclesia-

762 1548 906 1618 sticis
948 1563 1096 1622 viris,
1145 1569 1197 1613 et
1239 1562 1533 1627 praesertim
1581 1548 1855 1627 rnouachis
1897 1555 2228 1627 indecorum,
2277 1555 2716 1627 vestimentorum
2773 1550 3484 1627 speciositateprappetere.
3521 1548 3681 1627 blulta
3724 1563 3940 1618 quoque

759 1635 1023 1685 ex’sncris
1055 1619 1251 1682 litteris
1267 1631 1574 1694 deprompta
1600 1625 1838 1691 exempla
1871 1623 2105 1694 adducit,
2128 1638 2190 1674 ex
2214 1622 2408 1694 quibus
2442 1620 2723 1694 manifeste
2749 1619 2934 1694 probat
2966 1620 3072 1694 Deo
3112 1619 3413 1694 hujusmodi
3436 1619 3935 1694 vestiumpompam

758 1704 982 1754 invisam
1010 1716 1127 1753 esse
1158 1718 1168 1750 :
1200 1689 1536 1750 cmn'omnés
1555 1695 1726 1748 sancti
1758 1689 1874 1746 tam
1910 1691 2114 1746 Veteris
2161 1707 2322 1760 quam
2369 1689 2498 1743 Novi
2531 1690 2884 1754 'l‘estamcnti,
2917 1698 2972 1743 et
3006 1690 3118 1757 ipse
3145 1693 3306 1744 etiam
3332 1690 3597 1754 Clit‘iStUs‘,
3627 1690 3815 1744 viliore
3848 1703 3942 1741 ve-

758 1774 885 1824 stitu
909 1771 983 1822 uti
1009 1786 1112 1822 non
1148 1767 1477 1820 erubuerint.

751 1906 955 1960 Domno
987 1903 1265 1957 Humano
1313 1901 1465 1954 fratri
1506 1899 1843 1964 charissima,
1877 1900 2091 1954 Perses
2128 1914 2249 1967 pec-
2281 1908 2326 1967 Β
2353 1904 2407 1950 et
2456 1894 2510 1949 in
2567 1907 2682 1964 lpSO
2732 1891 3029 1954 indumenti
3080 1891 3322 1946 cultioris
3358 1902 3575 1957 ornatu,
3620 1893 3736 1947 sine
3777 1893 3939 1947 dubio

687 2005 835 2050 calor
864 1995 1160 2049 monachus
1186 1991 1411 2045 salutem
1441 1991 1493 2042 in
1522 1990 1766 2043 Domino.

753 2087 1000 2140 Tentatis
1025 2093 1079 2138 et
1115 2090 1480 2150 competenter
1511 2080 1762 2133 adhibitis
1804 2080 2054 2133 omnibus
2089 2078 2256 2133 medi-

685 2179 814 2232 cina:
841 2176 1148 2246 generibus,
1205 2173 1248 2225 si
1297 2172 1576 2240 languidus
1623 2173 1802 2231 obeat,
1853 2186 1958 2224 non
2001 2179 2082 2223 est
2115 2169 2255 2222 unde

681 2269 948 2322 medicum
977 2263 1305 2319 conscientia
1334 2262 1709 2330 reprehendat.
1753 2261 1902 2314 Fecit
1929 2262 2070 2312 enim
2098 2274 2256 2313 omne

682 2360 818 2429 quod
857 2359 1054 2426 potuit,
1100 2356 1190 2425 qui
1235 2364 1425 2408 cuncta
1471 2369 1590 2421 quae
1636 2354 1826 2405 decent
1873 2351 2254 2420 Archigenem,

680 2451 1021 2506 curationum
1069 2456 1381 2516 argumenta
1417 2445 1690 2514 persolvit.
1725 2443 1857 2495 Dum
1905 2443 1950 2495 is
1997 2457 2126 2510 ergo
2165 2442 2256 2508 qui

682 2541 950 2595 febricitat
996 2540 1244 2601 moritur,
1283 2536 1373 2606 qui
1414 2535 1639 2590 curandi
1681 2549 1873 2586 munus
1919 2531 2254 2599 impleverat,

681 2632 907 2684 crimine
957 2644 1062 2682 non
1111 2636 1338 2681 tenetur.
1381 2625 1534 2688 Nam,
1575 2624 1714 2692 quod
1743 2639 1897 2677 suum
1935 2632 2074 2685 erat,
2105 2623 2258 2674 indu-

680 2725 865 2775 striam
898 2722 1034 2773 artis
1073 2718 1335 2780 exhibuit,
1367 2726 1525 2782 atque
1557 2716 1674 2768 ideo
1712 2714 1991 2767 calumnia:
2021 2729 2126 2765 non
2165 2728 2258 2780 pa-

682 2810 828 2864 tebit.
863 2809 965 2862 Diu
987 2807 1121 2876 jam,
1151 2805 1338 2867 frater,
1383 2813 1483 2868 est,
1515 2818 1581 2856 ex
1624 2818 1730 2870 quo
1772 2802 1866 2854 tibi
1897 2803 2258 2870 pretiosarum

683 2899 908 2951 vestium
939 2905 1103 2952 aestus
1134 2894 1430 2956 incanduit,
1455 2901 1529 2956 et,
1565 2902 1624 2944 ut
1666 2893 1736 2944 ita
1767 2890 1975 2957 loquar,
2007 2890 2257 2943 ambitio-

682 2987 762 3040 nis
792 2997 898 3040 tuae
930 2986 1142 3038 viscera
1178 2992 1428 3051 tanquam
1458 2979 1717 3034 lethiferae
1757 2979 1922 3033 febris
1967 2979 2126 3031 ardor
2164 2993 2258 3029 ex-

681 3073 840 3125 coxit.
883 3073 997 3140 Ego
1021 3080 1201 3124 autem
1234 3071 1327 3122 tibi
1354 3069 1493 3121 velut
1516 3069 1776 3127 medicus,
1805 3065 1928 3118 licet
1954 3066 2253 3132 imperitus,

680 3171 732 3215 et
761 3163 938 3215 oleum
969 3161 1104 3213 lenis
1133 3168 1293 3229 atQue
1317 3159 1498 3213 suavis
1527 3157 1909 3210 admonitionis
1937 3155 2180 3218 adhibui,
2203 3166 2258 3209 et

2357 2000 2508 2039 vane
2543 1983 2729 2054 gloria:
2757 1981 3179 2050 deprehenditur
3214 1984 3500 2051 appetitus.
3541 1984 3708 2037 Nemo
3739 1985 3940 2052 quippe

2357 2076 2465 2130 illic
2512 2075 2729 2130 anhelat
2776 2073 3026 2143 pretiosis
3082 2073 3322 2126 vestibus
3368 2075 3538 2139 indui,
3586 2076 3675 2128 ubi
3725 2075 3938 2130 alienus

2356 2183 2478 2222 eum
2507 2175 2757 2236 aspectus
2787 2173 3021 2234 nequeat
3053 2165 3269 2218 intueri.
3304 2165 3411 2218 Sed
3458 2168 3524 2219 ad
3565 2167 3666 2219 hoc
3713 2168 3944 2233 quisque

2356 2259 2672 2315 cultioribus
2711 2256 3040 2310 indumentis
3077 2256 3375 2308 enitescere
3407 2257 3758 2325 concupiscit,
3795 2267 3852 2308 ut
3884 2271 3942 2310 se

2356 2350 2670 2404 mirantium
2694 2346 2952 2400 nitiilulus
2966 2345 3197 2399 oblectet
3218 2353 3517 2413 aspectum,
3555 2355 3613 2397 ut
3639 2346 3939 2398 alienorum

2355 2449 2546 2511 pascat
2561 2438 2839 2491 illecebras
2855 2435 3132 2489 oculorum
3154 2452 3167 2497 ;
3185 2435 3276 2488 sed
3292 2435 3416 2488 dum
3439 2433 3634 2487 mulcet
3649 2435 3832 2488 oculos
3847 2449 3941 2488 ex.

2361 2531 2626 2584 trinsecus
2643 2525 3188 2586 intuentium,interni
3204 2522 3404 2590 iudicis
3420 2521 3644 2577 offendit
3666 2523 3935 2580 obtutum.

2875 2615 3103 2670 CAPUT
3144 2613 3432 2668 PRIMUM.

2588 2707 2786 2775 Quibus
2811 2708 3029 2762 vestibus
3059 2705 3116 2760 S.
3149 2705 3383 2759 Ecclesia
3413 2705 3693 2758 delectetur

2429 2801 2614 2855 Solent
2645 2799 2802 2868 plane
2834 2808 3079 2868 potentes
3106 2796 3286 2849 saeculi
3317 2785 3610 2864 phaleratis
3642 2795 3945 2862 obsequen-

2358 2888 2489 2942 tium
2518 2887 2750 2940 induviis
2780 2885 3062 2950 delectari,
3096 2885 3394 2952 praesertim
3433 2885 3477 2938 si
3520 2893 3810 2937 melatores
3845 2883 3946 2936 lio-

2357 2977 2502 3045 spitii
2549 2977 2657 3030 sint
2707 2975 3010 3038 mirabiles,
3043 2975 3089 3028 si
3138 2974 3449 3042 prccambuli
3493 2975 3692 3044 quique
3742 2973 3944 3027 diversi

2357 3066 2534 3119 cultus
2561 3065 2738 3135 specie
2776 3066 3060 3117 videantur
3096 3065 3356 3134 insignes.
3391 3063 3495 3118 Sed
3525 3065 3799 3117 videamus
3835 3079 3948 3117 tne-

2358 3165 2585 3208 tatorem
2637 3155 2836 3208 Christi
2887 3154 3170 3218 Joannem,
3213 3155 3554 3208 attendamus
3605 3155 3743 3224 regis
3791 3170 3948 3224 egre-

679 3259 907 3301 austerzn
937 3245 1293 3314 correptionis
1328 3245 1509 3298 viuum
1552 3243 1861 3311 frequenter
1910 3241 2097 3294 infudi.
2147 3242 2256 3295 Nec
2283 3244 2327 3304 C
2359 3244 2502 3312 gium
2551 3257 2977 3312 pnccursorcm:
3012 3243 3103 3311 qui
3160 3243 3415 3296 nimirum
3459 3244 3666 3311 prieivit
3718 3259 3838 3295 eum
3891 3243 3946 3296 in

671 3333 1083 3404 Scripturarutn
1123 3333 1218 3386 tibi
1261 3331 1478 3386 deﬂere
1523 3331 1815 3399 pigmenta,
1862 3345 2087 3396 quarum
2137 3345 2259 3382 sen-

683 3425 876 3477 tentias
916 3423 1044 3478 dqu
1075 3436 1344 3488 exponere
1386 3420 1586 3482 atndui,
1626 3419 1768 3471 velut
1811 3419 2132 3470 aromaticas
2164 3418 2256 3470 tibi

2358 3333 2549 3400 spiritu
2607 3342 2661 3386 ct
2711 3335 2909 3386 virtute
2965 3332 3095 3385 Elite
3147 3331 3310 3402 (Luc.
3342 3334 3439 3400 ι),
3497 3345 3554 3385 ut
3600 3341 3947 3387 converteret

2358 3421 2519 3473 corda
2552 3430 2761 3488 patrum
2790 3420 2841 3472 in
2874 3419 3030 3483 filios,
3067 3430 3119 3472 et
3151 3420 3453 3475 incredulos
3502 3423 3566 3474 ad
3603 3423 3941 3489 prudentiain

684 3513 886 3581 species
921 3511 1147 3580 pindere
1177 3507 1456 3580 {pandere}
1489 3523 1594 3561 non
1637 3506 1864 3560 cessavi.
1902 3506 1967 3558 Et
2001 3507 2257 3574 quoniam
2351 3507 2640 3575 iustorum.
2674 3507 3076 3576 Perpendamus
3121 3509 3332 3577 itaque,
3380 3511 3676 3577 imperator
3718 3512 3841 3566 caeli
3891 3521 3948 3567 et

680 3613 775 3670 ego
803 3615 928 3655 cum
959 3600 1170 3654 caeteris
1219 3597 1497 3661 fratribus,
1529 3596 1724 3649 vilibus
1765 3611 1944 3648 coram
1977 3605 2026 3648 te
2063 3596 2260 3650 fuimus

680 3693 913 3746 contenti
965 3706 1179 3761 semper
1221 3691 1450 3757 exuviis,
1479 3691 1606 3743 dum
1637 3688 1739 3742 feci
1777 3687 1924 3756 prius
1975 3689 2086 3754 ipse
2115 3687 2257 3755 quod

678 3782 880 3845 monui,
912 3781 1066 3849 quasi
1099 3782 1246 3848 prius
1269 3781 1565 3834 antidotum
1594 3780 1700 3834 bibi
1729 3794 1743 3831 :
1784 3780 1966 3847 sicque
1995 3789 2048 3830 te
2076 3778 2141 3830 ad
2182 3779 2258 3831 bi-

675 3870 909 3926 bendum
939 3871 1084 3939 quod
1113 3871 1520 3941 propinaveram
1553 3871 1856 3938 provocavi.
1900 3868 2002 3921 Sed
2035 3876 2086 3922 et
2126 3883 2257 3921 cau-

676 3963 868 4015 terium
923 3971 1200 4030 postremo
1245 3959 1542 4015 adustionis
1591 3959 1860 4028 impressi,
1919 3960 2041 4011 dum
2095 3957 2257 4010 nitori

680 4055 911 4107 vestium
943 4055 1096 4121 ignes
1127 4060 1388 4106 tartareos
1420 4050 1697 4112 minitans,
1732 4049 2011 4102 intentavi.
2063 4048 2255 4101 Annon

678 4144 981 4196 sdustionis
1038 4141 1242 4194 ferrum
1291 4139 1543 4195 divitibus
1593 4138 1932 4206 imprimebat
1984 4135 2251 4198 Jacohus,

677 4246 792 4285 cum
823 4240 879 4285 et
915 4232 1006 4285 hic
1045 4239 1219 4284 vestes
1266 4230 1441 4300 tineis,
1491 4236 1546 4283 et
1596 4229 1704 4283 illic
1760 4243 1949 4282 carnes
1997 4227 2258 4282 incendiis

674 4320 936 4377 obnoxias
967 4320 1302 4391 perhibebat,
1342 4317 1565 4372 dicens:
1600 4337 1616 4366 ι
1650 4318 1803 4386 Agite
1851 4334 2012 4381 nunc,
2045 4320 2254 4385 divites,

675 4416 726 4462 et
752 4410 984 4477 plorate,
1016 4407 1278 4462 ululantes
1327 4407 1380 4460 in
1429 4407 1662 4460 miseriis
1697 4406 1908 4468 vestris,
1945 4422 2061 4475 quae
2093 4409 2255 4460 adve-

675 4497 819 4552 nient
847 4499 1026 4553 vobis.
1053 4496 1259 4550 Divitiae
1286 4506 1480 4550 vestra:
1505 4495 1821 4564 putrefacta:
1846 4506 1989 4560 sunt,
2016 4508 2068 4549 et
2097 4498 2258 4551 vesti-

2361 3605 2538 3662 terrre,
2583 3599 2781 3665 quibus
2814 3598 2994 3666 przevii
3035 3600 3314 3652 metatoris
3361 3600 3472 3654 suis
3519 3603 3759 3656 vestibus
3796 3604 3942 3657 delc-

2357 3694 2569 3748 ctetur;
2626 3685 2741 3747 sed,
2773 3684 3065 3754 Evangelio
3102 3695 3353 3751 testante,
3397 3690 3771 3757 cognoscimus
3816 3691 3943 3759 quia

2357 3776 2736 3830 Vestimentum
2785 3774 2902 3843 ejus
2941 3776 3065 3845 pilis
3098 3777 3443 3832 inhorruerat
3472 3780 3821 3834 camelm-utn.
3865 3781 3942 3837 De

2359 3865 2520 3934 529
2547 3881 2653 3934 (1υο
2684 3866 2933 3920 Salvam?
2962 3883 2975 3918 ε
3014 3884 3033 3916 ι
3068 3867 3226 3933 Quid,
3255 3868 3457 3938 inquit,
3509 3871 3697 3924 existis
3739 3872 3792 3925 in
3844 3872 3938 3925 de-

2358 3964 2563 4009 sertum
2609 3955 2828 4009 videre?
2857 3957 3131 4010 hominem
3175 3957 3423 4012 mollibus
3464 3960 3754 4014 vestitum?
3801 3961 3944 4018 Ecce

2357 4049 2448 4116 qui
2507 4047 2755 4101 mollibus
2802 4049 3106 4102 vestiuntur
3164 4049 3219 4102 in
3277 4051 3523 4104 domibus
3578 4067 3763 4121 rogum
3815 4063 3944 4107 sunt

2361 4137 2575 4208 (Matth.
2594 4155 2652 4191 Ill
2673 4155 2686 4203 ;
2709 4137 2932 4191 Marc."
2954 4137 3113 4202 ;Luc.
3142 4142 3257 4206 vti).
3284 4157 3301 4188 ι
3329 4140 3406 4193 Ac
3435 4141 3477 4193 si
3507 4141 3792 4195 manifeste
3820 4157 3943 4211 per-

2361 4229 2563 4289 hibeat,
2596 4229 2724 4296 quia
2745 4244 2847 4282 non
2878 4227 3134 4291 caelestis,
3152 4228 3244 4282 sed
3271 4231 3470 4283 terreni
3505 4232 3646 4300 regis
3662 4233 3806 4301 digni
3839 4234 3935 4287 ile-

2361 4327 2654 4371 cernuntur
2684 4317 2977 4387 obsequiis,
3020 4319 3111 4387 qui
3156 4319 3223 4373 ad
3275 4335 3427 4374 vana:
3475 4321 3660 4389 gloria:
3705 4325 3936 4379 nitorem

2361 4411 2630 4464 accuratis
2645 4411 2826 4463 ornari
2852 4409 3087 4477 gestiunt
3109 4410 3457 4466 indumentis.
3479 4411 3726 4468 Mollibus
3742 4415 3940 4485 quippe

2361 4499 2600 4553 vestibus
2632 4499 2823 4570 regalis
2871 4498 3025 4564 aula;
3059 4500 3265 4569 asperis
3302 4509 3356 4553 et
3388 4499 3602 4555 incultis
3643 4502 3944 4557 delectatur

676 4599 850 4642 menta
897 4597 1083 4642 vestra
1131 4602 1161 4640 a
1205 4587 1367 4640 tineis
1404 4596 1646 4641 'comcsta
1682 4596 1825 4649 sunt,
1879 4604 2067 4641 aurum
2093 4598 2146 4642 et
2172 4603 2256 4641 ar-
2285 4578 2333 4636 D
2361 4589 2621 4642 Ecclesia.
2671 4608 2686 4638 ι
2735 4587 2922 4643 Omnis
2950 4588 3092 4641 enim
3140 4588 3308 4657 gloria
3336 4588 3450 4656 ejus
3481 4589 3600 4643 filia:
3650 4606 3832 4659 regum
3864 4594 3932 4646 ab

675 4686 889 4745 gentum
921 4687 1162 4732 vestrum
1191 4677 1528 4747 :eruginavit,
1575 4687 1628 4731 et
1671 4693 1851 4746 aerugo
1874 4693 2058 4732 eorum
2089 4679 2140 4732 in
2179 4688 2254 4732 te-

675 4771 984 4824 stimonium
1020 4770 1171 4824 vobis
1199 4770 1324 4833 erit,
1371 4778 1423 4822 et
1448 4769 1794 4823 manducabit
1831 4786 2020 4824 carnes
2048 4779 2257 4824 vestras

674 4860 808 4916 sicut
847 4863 990 4932 ignis
1015 4861 1156 4930 (Jac.
1188 4860 1271 4922 ii).
1308 4881 1326 4913 ι
1359 4861 1632 4916 Metallum
1663 4863 1882 4931 quippe,
1929 4864 2069 4931 quod
2116 4880 2258 4918 nunc

675 4963 764 5018 per
792 4953 1082 5007 avaritiam
1117 4953 1440 5021 possidetur,
1473 4963 1599 5008 tunc
1638 4956 1689 5008 in
1729 4957 1957 5009 laminas
1986 4956 2253 5010 vertitur:

673 5053 883 5108 ctcaro,
903 5060 1030 5114 qua:
1057 5059 1199 5098 nunc
1225 5045 1420 5099 fucatis
1439 5047 1679 5100 vestibus
1707 5048 2021 5112 adornatur,
2040 5046 2255 5101 ﬂamma

675 5134 1017 5198 postmodum
1049 5133 1312 5188 stridente
1341 5134 1684 5203 perfricatur.
1716 5137 1908 5192 Annon
1938 5137 2258 5193 medicinale

678 5219 1064 5294 ferramentum
1104 5223 1382 5279 ambitioni
1428 5226 1655 5280 vestium
1695 5229 1857 5297 etiam
1887 5228 2134 5286 Salvator
2159 5247 2256 5301 ap-

676 5313 871 5377 posuit,
903 5329 1030 5368 cum
1079 5313 1296 5368 divitem
1346 5315 1511 5386 bysso
1554 5332 1618 5370 ac
1662 5333 1896 5386 purpura
1942 5319 2255 5374 decoratum

673 5393 898 5455 ﬂammis
943 5399 1305 5456 infernalibus
1351 5405 1542 5457 ardere
1587 5405 1898 5472 perhibuit?
1933 5405 2084 5475 (Luc.
2120 5408 2254 5479 xvi.)

677 5487 948 5558 Scriptura
975 5490 1176 5561 quippe
1213 5500 1369 5558 teste,
1416 5494 1549 5548 nihil
1576 5495 1719 5549 aliud
1762 5498 1814 5550 in
1851 5499 1953 5552 hoc
1975 5500 2138 5553 divite
2164 5515 2254 5554 re-

675 5579 1043 5648 prehenditur,
1078 5581 1181 5635 nisi
1208 5583 1331 5651 quia
1361 5583 1459 5639 sub
1489 5586 1661 5640 nitore
1693 5587 1916 5640 vestium
1945 5590 2106 5642 etiam
2136 5591 2253 5646 sine

675 5669 1040 5726 misericordia
1066 5670 1264 5742 legitur
1279 5679 1555 5741 splendide
1586 5686 1913 5732 convivatus.
1934 5678 2248 5748 Quanquam

2362 4685 2506 4737 intus
2532 4682 2707 4750 (Prol.
2746 4684 2892 4753 κων)
2927 4703 2939 4737 τ
2973 4702 2990 4734 ›
3020 4684 3257 4738 Ecclesia
3290 4685 3578 4753 siquidem,
3604 4686 3687 4736 vel
3713 4700 3940 4753 quaeque

2361 4775 2533 4828 fidelis
2565 4775 2764 4838 anima,
2810 4790 2928 4842 qua:
2963 4781 3017 4826 et
3057 4775 3168 4842 ipsa
3209 4785 3519 4827 sanctorum
3573 4774 3936 4841 apostolorum

2361 4873 2444 4917 est
2471 4863 2598 4927 filia,
2633 4879 2738 4918 non
2767 4858 3104 4917 extrinsecus
3129 4865 3449 4927 enitescere,
3475 4863 3567 4916 sed
3591 4873 3780 4916 ornata
3808 4879 3943 4932 gau-

2360 4957 2452 5010 det
2480 4973 2529 5009 m
2559 4957 2971 5024 occultijudicis
3004 4957 3282 5010 obtutibus
3307 4970 3587 5025 apparere.
3622 4953 3730 5008 Nec
3787 4954 3939 5008 ohle-

2360 5055 2540 5100 ctatur
2566 5047 2746 5099 fucata
2771 5044 3169 5114 pulchritudine
3195 5044 3446 5107 vestium,
3478 5044 3570 5096 sed
3601 5043 3935 5096 rutilantium

2362 5135 2623 5204 gloriatur
2662 5137 2922 5189 varietate
2947 5135 3224 5187 virtutum.
3250 5134 3324 5186 De
3351 5149 3452 5201 qua
3480 5133 3642 5187 etiam
3675 5133 3936 5186 varietate

2362 5224 2644 5292 Scriptura
2675 5225 3019 5292 prosequitur
3045 5241 3057 5276 :
3100 5242 3118 5274 ς
3157 5225 3210 5276 In
3239 5223 3466 5277 fimbriis
3490 5224 3668 5276 aureis
3701 5224 3940 5276 circum-

2360 5317 2554 5368 amicta
2585 5316 2844 5368 varietate
2870 5313 3032 5383 (Ibid.
3057 5313 3096 5384 ).
3133 5333 3150 5365 ι
3178 5315 3268 5367 Vis
3291 5313 3479 5367 audire
3502 5313 3822 5367 varietatem
3845 5328 3934 5366 ve-

2360 5405 2543 5469 stium,
2578 5419 2697 5473 qua:
2719 5403 2958 5458 caelestis
2972 5403 3156 5474 sponsi
3187 5402 3420 5457 delectat
3442 5410 3690 5472 aspectus
3705 5403 3726 5454 Τ
3740 5401 3934 5455 Anima

2361 5503 2509 5549 certe
2547 5494 2717 5547 niveae
2743 5493 3011 5547 castitatis
3039 5493 3271 5546 candore
3295 5491 3604 5560 conspicua,
3663 5500 3788 5545 ante
3842 5489 3935 5543 Dei

2359 5585 2747 5653 omnipotentis
2786 5585 2971 5637 oculos
3018 5583 3280 5651 spirituali
3316 5584 3497 5648 ivsso,
3541 5582 3654 5636 sive
3705 5580 3935 5637 collobio

2359 5678 2570 5732 videtur
2602 5677 2833 5730 induta:
2877 5677 2989 5731 hzec
3041 5675 3203 5727 etiam
3255 5674 3379 5724 dum
3435 5672 3652 5726 flamma
3717 5671 3936 5726 fervida:

4849 6210 5145 6429 ἀ
