5664 6654
3 6383 855 6654 Ξ

2350 489 2459 542 519

2353 619 2635 675 charitatis
2672 617 2889 687 ignitur,
2915 613 3153 675 dirotini,
3194 612 3307 666 sive
3335 610 3417 664 bis
3447 610 3592 663 tincti
3616 606 3791 661 crocei
3813 622 3905 659 ru-
3934 594 3985 646 Α

2357 715 2485 764 bore
2512 708 2879 775 perfunditur;
2911 718 3031 757 cum
3055 716 3181 754 vero
3209 700 3291 752 vel
3329 700 3395 751 ab
3423 700 3522 752 hoc
3547 696 3737 749 sarculo
3785 694 3907 747 fun-

2355 804 2496 854 ditus
2547 795 2878 857 mortificari,
2932 794 3010 845 vel
3062 791 3420 845 consummari
3469 804 3561 855 per
3589 788 3902 853 martyrium

2352 886 2841 951 avideconcnpiscit
2868 900 2882 947 ;
2908 893 3036 935 tunc
3066 882 3207 933 velut
3238 879 3481 933 conchilii
3514 878 3770 943 sanguine
3803 877 3906 926 tin-

2350 978 2508 1044 gitur.
2538 978 2719 1041 sicque
2746 973 2933 1040 regalis
2963 986 3209 1039 purpura:
3238 970 3465 1036 speciem
3502 965 3759 1017 imitatur.
3790 964 3897 1016 Sed

2352 1084 2449 1120 nec
2479 1068 2564 1119 diu
2599 1065 2771 1133 pistici
2800 1074 3012 1129 quoque
3049 1061 3195 1113 vitor
3228 1060 3411 1109 abesse
3450 1055 3748 1107 credendus
3798 1064 3901 1115 est,

2352 1157 2477 1223 quia
2524 1154 2647 1205 dum
2705 1166 2855 1204 mens
2902 1164 3112 1202 amoena
3161 1161 3370 1212 semper
3428 1144 3645 1196 virentis
3698 1160 3905 1211 pascurc

2351 1243 2543 1311 gaudia
2578 1242 2803 1293 firmiter
2827 1246 3027 1306 sperat,
3057 1236 3198 1288 velut
3230 1237 3281 1286 in
3310 1234 3666 1302 smaragdinei
3697 1234 3922 1290 decoris,

2347 1335 2527 1402 specie
2553 1329 3062 1384 iiumarcescibiliter
3086 1335 3288 1378 vernat.
3320 1324 3466 1377 Unde
3496 1334 3547 1377 et
3572 1341 3663 1391 per
3688 1324 3900 1376 Petrum

2348 1423 2545 1473 dicitur
2572 1438 2584 1472 :
2615 1438 2632 1468 ι
2669 1418 2801 1482 Quia
2831 1416 3165 1484 regeneravit
3192 1428 3287 1465 nos
3312 1414 3449 1465 Deus
3474 1412 3524 1464 in
3556 1427 3703 1477 spem
3731 1412 3901 1461 vivam

2346 1527 2442 1579 per
2471 1509 2911 1562 resurrectionem
2939 1504 3066 1557 Jesu
3106 1503 3306 1555 Christi
3338 1502 3389 1553 in
3424 1502 3785 1553 luereditatem
3817 1498 3900 1549 ἰη-

2342 1599 2766 1667 corruptibilem,
2791 1605 2846 1649 et
2881 1595 3378 1655 incontaminatam,
3406 1602 3460 1645 et
3487 1588 3903 1644 immarcescibi-

2342 1688 2445 1742 lem
2476 1695 2845 1741 conservatam
2894 1685 2945 1738 in
2978 1683 3127 1737 ccelis
3158 1680 3206 1751 (Ι
3239 1679 3378 1733 Petr.
3429 1684 3489 1747 ι).
3538 1698 3555 1729 i
3604 1679 3695 1730 llis
3745 1676 3901 1744 plane

2344 1777 2585 1830 vestibus
2613 1776 2843 1826 animam
2876 1771 3131 1825 Dominus
3157 1784 3213 1823 se
3238 1769 3472 1821 induisse
3500 1776 3745 1827 testatur,
3777 1780 3898 1818 cum

2340 1883 2436 1937 per
2469 1865 2800 1919 Ezechielem
2834 1862 3088 1929 loquitur,
3124 1860 3305 1910 dicens
3342 1874 3395 1905 ε(
3424 1856 3624 1908 Yestivi
3660 1864 3708 1907 te
3723 1854 3896 1906 disco-

2811 482 2869 535 S.
2910 478 3111 535 PETRI
3153 474 3426 531 DAlllANl
3461 474 3610 530 OPP.
3652 470 3890 528 TOMUS
3929 464 4060 524 5Εο
4101 465 4277 521 PARS
4309 463 4393 517 Ill.
4424 494 4449 503 -
4530 462 4889 519 OPUSCULA
4931 461 5151 517 VARIA.

5445 463 5546 520 510

4620 574 4846 630 CAPUT
4872 574 4935 629 ll.

4008 670 4168 725 Indai
4210 669 4430 722 restibus
4470 667 4751 735 splendidis
4780 682 4934 735 quam
4978 667 5167 718 animi:
5214 679 5551 734 pcmaostilt

4577 748 4623 789 et
4656 736 4761 787 Deo
4788 734 4993 787 edibile.

4077 848 4212 901 Ecce
4238 845 4702 913 Achabimperiali
4732 861 4966 914 purpura
5009 847 5311 906 decoratur,
5369 851 5423 897 et
5472 855 5550 897 re-

4005 944 4172 1008 probo
4204 940 4393 1006 spiritu
4439 938 4673 998 fallente,
4704 937 4995 1004 decipitur;
5029 936 5258 989 cilicium
5282 932 5470 995 induit,
5498 942 5551 987 et

4006 1029 4236 1094 gladium
4264 1026 4427 1079 divini
4469 1025 4664 1079 furoris
4700 1027 4922 1089 avertit;
4972 1025 5237 1093 regalibus
5260 1022 5440 1077 infulis
5472 1037 5551 1077 re-

4006 1118 4242 1179 dimitus,
4274 1116 4461 1184 laqueo
4497 1117 4827 1184 deceptiouis
4853 1117 5191 1184 impingitur;
5237 1130 5391 1168 sacco
5428 1129 5550 1167 cono

4009 1216 4195 1267 tectus,
4224 1207 4396 1258 dilata:
4414 1206 4629 1258 ultionis
4659 1205 5038 1273 indulgentiam
5070 1213 5423 1272 promeretur.
5458 1203 5549 1255 Eat

4005 1312 4131 1363 ergo
4173 1296 4467 1347 monachus
4524 1311 4673 1347 vana:
4710 1295 4888 1362 gloria:
4942 1294 5172 1346 deditus.
5209 1301 5262 1344 et
5313 1301 5431 1359 toga
5466 1307 5547 1342 ra-

4003 1384 4183 1436 diante
4239 1386 4582 1449 conspicuus,
4658 1385 4829 1437 nitore
4887 1384 5113 1436 vestium
5163 1380 5543 1449 aspectantiuin

4002 1484 4184 1541 pascat
4212 1475 4490 1525 illecebras
4515 1473 4823 1535 oculorum;
4856 1474 4947 1526 sed
4975 1474 5097 1524 dum
5129 1471 5365 1524 vestibus
5385 1470 5546 1537 fulget

4002 1566 4303 1632 iniquorum
4357 1564 4638 1631 spirituum
4696 1563 5098 1631 deceptionibus
5136 1569 5279 1629 patet
5313 1578 5325 1612 :
5357 1560 5542 1613 divin-.0

4002 1669 4259 1726 praeterea
4295 1656 4674 1724 indignationis
4696 1657 4975 1707 adversum
5007 1668 5062 1705 se
5083 1652 5400 1706 sententiam
5434 1665 5547 1719 pro-

4003 1758 4175 1807 vocat,
4210 1748 4334 1798 dum
4367 1747 4493 1798 SOliS
4517 1745 4872 1797 exterioribus
4900 1743 5125 1801 deditus.
5152 1742 5334 1796 oculos
5378 1741 5545 1794 ιιοηιὶ·

4005 1854 4149 1892 num.
4185 1845 4238 1887 ut
4267 1850 4322 1887 se
4352 1836 4683 1886 admirentur
4714 1833 4934 1896 invitat;
4973 1842 5225 1898 lantoque
5255 1828 5547 1896 despicabi-

2344 1918 2565 2017 loribus,
2590 1962 2635 2005 et
2664 1918 2969 2005 calccavite
3000 1946 3309 2017 hyacintho,
3339 1954 3391 1997 et
3432 1943 3579 1997 cinxi
3620 1952 3669 1994 te
3712 1943 3891 2009 bysso,
3924 1918 3968 1974 Β
3998 1926 4122 1988 Ηυεν
4149 1927 4254 1977 υθο
4282 1925 4581 1991 διιιιοτὺίιιιιι

3339 1954 3391 1997 ει
3432 1943 3579 1997 ei“;
3620 1952 3669 1994 lc
3712 1943 3891 2009 bysso,
3924 1918 3968 1974 B
3998 1926 4122 1988 lius,
4149 1927 4254 1977 Deo
4282 1925 4582 1991 superbiam
4616 1922 4948 1989 reprobante,
4977 1918 5354 1981 Contemnitur,
5378 1931 5547 1983 quan-

2343 2052 2399 2096 et
2454 2042 2598 2095 indui
2659 2048 2711 2093 te
2766 2037 3070 2101 subtilibus,
3132 2045 3186 2088 et
3246 2034 3430 2089 ornavi
3474 2042 3526 2086 te
3570 2042 3885 2085 ornamento

2342 2134 2569 2206 (Exerit.
2626 2132 2758 2199 xvi).
2804 2150 2822 2181 ι
2864 2130 3014 2183 Hunc
3052 2128 3278 2193 denique
3319 2125 3539 2185 cultum,
3576 2122 3712 2175 hunc
3748 2122 3897 2173 indu-

2343 2224 2508 2280 menti
2540 2220 2829 2290 spiritualis
2867 2229 3112 2273 ornatum
3154 2218 3289 2269 idem
3327 2216 3513 2269 Petrus
3537 2214 3695 2267 etiam
3722 2228 3748 2265 a
3782 2227 3897 2263 mu-

2343 2314 2561 2367 lieribus
2608 2312 2818 2378 exigit,
2865 2325 2986 2363 cum
3035 2308 3114 2361 eis
3170 2305 3521 2360 lenocinantis
3567 2320 3626 2355 ac
3678 2304 3895 2369 lupana—

2346 2405 2440 2457 ria:
2470 2401 2869 2472 compositionis
2891 2398 3140 2468 phaleras
3162 2395 3466 2449 intercidit:
3499 2413 3515 2442 ι
3544 2392 3775 2455 Quarum
3803 2390 3893 2452 sit,

2349 2495 2613 2561 inquiens,
2655 2508 2760 2546 non
2790 2491 3123 2544 extrinsecus
3155 2485 3494 2555 capillatura,
3535 2490 3623 2535 aut
3664 2484 3894 2535 circum-

2350 2586 2496 2637 datio
2533 2584 2647 2635 auri
2686 2582 2770 2634 vel
2807 2580 3034 2649 argenti,
3074 2588 3167 2631 aut
3195 2575 3513 2635 indumenti,
3543 2574 3893 2627 vestimenta-

2349 2686 2573 2738 rumqnc
2602 2670 2803 2726 cultus;
2826 2667 2918 2720 sed
2941 2667 3032 2735 qui
3059 2665 3403 2718 absconditus
3431 2672 3513 2716 est
3533 2664 3711 2715 c0rdis
3735 2660 3896 2713 homo

2339 2759 2392 2811 in
2423 2756 2927 2825 incorruptibilitate
2954 2754 3118 2823 quieti
3158 2763 3213 2806 et
3245 2751 3467 2805 modesti
3508 2751 3749 2819 spiritus,
3798 2747 3892 2815 qui

2335 2856 2421 2900 est
2450 2846 2500 2898 in
2520 2855 2804 2914 conspectu
2840 2844 2928 2895 Dei
2957 2843 3188 2908 locuples
3220 2840 3268 2909 (Ι
3300 2839 3444 2891 Patr.
3466 2840 3567 2907 in).
3604 2856 3623 2888 ι
3648 2837 3894 2889 luvisibi-

2338 2934 2444 2988 lem
2476 2934 2672 3004 quippe
2705 2946 2960 3001 sponsum
2996 2928 3277 2983 invisibilis
3304 2926 3540 2981 oblectat
3565 2932 3811 2982 ornatus,
3841 2931 3895 2975 et

2333 3043 2455 3080 cum
2483 3033 2723 3079 sanctam
2756 3024 2991 3076 animam
3028 3020 3290 3088 conspicit
3336 3018 3540 3071 enitere
3582 3015 3889 3074 virtutibus,

2335 3117 2391 3169 in
2421 3114 2536 3181 eius
2568 3114 2712 3166 illico
2737 3111 2880 3164 volat
2926 3109 3233 3177 amplexus;
3277 3108 3362 3161 cui
3393 3107 3528 3158 dixit
3567 3121 3582 3159 :
3617 3121 3637 3154 ε
3668 3102 3892 3155 Pulchra

2344 3220 2425 3267 es,
2453 3203 2624 3256 amica
2666 3215 2804 3263 nica,
2850 3199 3026 3252 suavis
3053 3208 3107 3250 et
3140 3198 3354 3259 decora,
3385 3194 3522 3247 sicut
3562 3191 3893 3246 Hierusalem

4002 2026 4053 2067 to
4118 2030 4296 2067 coram
4363 2013 4531 2065 oculis
4587 2011 4905 2063 intuentium
4955 2008 5267 2060 cultioribus
5324 2006 5549 2058 induviis

3997 2106 4266 2157 amicitur.
4292 2104 4357 2154 At
4394 2113 4579 2152 multa
4613 2099 4742 2163 Job,
4796 2099 4886 2168 qui
4917 2098 5087 2150 nudus
5118 2097 5168 2148 in
5211 2107 5401 2149 terram
5440 2109 5549 2147 cor-

4000 2196 4144 2255 ruit,
4179 2195 4265 2261 qni
4297 2194 4643 2262 [influentem
4696 2192 4899 2244 saniem
4956 2199 5085 2241 testa
5135 2188 5299 2248 radit,
5331 2187 5453 2240 dum
5494 2186 5548 2238 in

3998 2284 4340 2351 sterquilinio
4403 2283 4773 2349 putrefactus,
4822 2293 4883 2331 ac
4933 2278 5227 2329 scaturiens
5285 2276 5552 2329 vermibus

3998 2374 4159 2424 etiam
4191 2372 4254 2424 ab
4272 2383 4437 2423 uxore
4467 2369 4778 2435 despicitur,
4799 2367 4988 2420 divinat
5020 2366 5396 2418 consolationis
5427 2364 5553 2416 allo-

3998 2460 4183 2527 quium
4238 2466 4578 2526 proi;.eretur
4611 2456 4730 2524 (Job
4779 2470 4815 2517 ι,
4869 2470 4929 2519 it,
4964 2460 5210 2519 χλιι-ιιι).
5261 2453 5367 2506 Nec
5409 2454 5552 2505 enini

3998 2549 4139 2603 Deus
4169 2548 4465 2617 corporalis
4490 2546 4721 2614 contagii
4747 2553 4969 2597 nauseat
5006 2547 5210 2603 sordes,
5240 2542 5325 2594 tibi
5368 2543 5548 2593 mundi

3998 2638 4176 2692 cordis
4222 2637 4427 2690 invenit
4484 2634 4791 2703 puritatem.
4824 2632 5109 2692 Praeterea,
5150 2630 5274 2697 quid
5305 2640 5385 2682 est
5409 2630 5553 2697 (μού

4000 2725 4285 2794 Apostolus
4310 2724 4380 2775 ait
4407 2738 4419 2775 :
4466 2742 4483 2771 ι
4524 2721 4787 2774 Habentes
4810 2720 5079 2780 alimenta,
5116 2726 5169 2769 et
5194 2717 5384 2784 quibus
5415 2727 5553 2783 tega-

4000 2830 4140 2873 mnr,
4179 2813 4263 2864 his
4298 2811 4533 2863 contenti
4562 2809 4763 2861 simus?
4794 2827 4811 2859 ι
4848 2806 4897 2877 (1
4941 2804 5072 2857 Tini.
5120 2806 5253 2871 xvi.)
5281 2802 5385 2856 Cur
5410 2805 5555 2855 enini

4001 2921 4123 2957 cum
4154 2905 4304 2965 dicit,
4336 2903 4578 2954 habentes
4609 2900 4872 2961 alimenta,
4902 2912 5011 2951 non
5048 2896 5288 2965 protinus
5326 2893 5545 2955 addidit,

3999 3006 4054 3049 et
4076 2995 4286 3049 vestes?
4310 2995 4401 3047 sed
4428 2992 4794 3045 tantummodo
4819 3005 4936 3043 cum
4963 2988 5233 3057 pncmittit
5250 3027 5265 3050 ,
5312 2986 5554 3037 Imbrum

4001 3085 4270 3147 alimenta,
4313 3093 4505 3151 prmsto
4540 3079 4831 3147 subiungit,
4860 3087 4907 3131 et
4935 3077 5114 3145 quibus
5154 3085 5400 3143 tegantur.
5445 3072 5553 3127 Cur

4002 3176 4121 3237 hoc,
4150 3175 4249 3227 nisi
4284 3184 4338 3225 u:
4370 3172 4647 3241 perspicue
4672 3170 4880 3233 doceat,
4914 3183 5010 3221 nos
5029 3167 5219 3220 debere
5245 3174 5349 3217 tam
5376 3164 5551 3232 despi-

2346 3293 2519 3359 (εαηι,
2546 3292 2642 3361 η),
2662 3308 2682 3341 ,
2719 3291 2867 3344 53cm
2890 3288 3239 3349 Hierusaiem,
3274 3290 3365 3345 τίη,
3400 3300 3506 3339 non
3558 3284 3694 3337 sicut
3724 3281 3894 3349 ΒΖΜ,
3924 3255 3967 3313 C
4000 3266 4261 3317 cabilibus
4281 3262 4630 3332 operimentis
4652 3258 4819 3320 indui,
4846 3272 4963 3325 quae
4993 3257 5277 3361 dignannon
5316 3252 5422 3305 sint
5462 3267 5549 3306 ve-

2334 3382 2445 3444 lon,
2477 3396 2633 3449 quam
2662 3380 2791 3431 vidit
2830 3378 3063 3430 Joannes
3112 3374 3500 3428 circumdatam
3556 3385 3794 3437 purpura
3842 3376 3896 3420 et

2338 3484 2553 3533 croceo,
2584 3479 2638 3521 et
2660 3468 2961 3520 inauratam
2987 3480 3139 3527 auro,
3173 3464 3348 3530 lapide
3378 3461 3638 3531 pretioso,
3673 3469 3727 3513 et
3755 3474 3896 3511 mare

2336 3559 2524 3629 garitis
2553 3577 2566 3611 :
2594 3558 2878 3611 habentem
2928 3555 3174 3625 poculum
3218 3556 3270 3607 in
3316 3568 3477 3606 manu
3526 3567 3621 3604 sua
3678 3551 3893 3619 plenum

2337 3649 2775 3707 ahominatione,
2832 3656 2885 3700 et
2946 3646 3281 3700 immunditia
3352 3643 3722 3697 fornicationis
3783 3642 3898 3708 ejus

2340 3742 2522 3811 (Apoc.
2556 3744 2709 3807 xvii).
2743 3738 3064 3807 Babylonem
3094 3751 3222 3789 sane
3268 3734 3529 3796 diabolus,
3563 3732 3894 3786 Hierusalem

2335 3833 2603 3887 inhabitat
2627 3830 2893 3885 Christus.
2930 3828 3022 3881 llle
3064 3826 3382 3879 luxuriantis
3405 3826 3632 3877 amictus
3658 3830 3895 3876 vanitate

2337 3924 2605 3987 relicitur;
2642 3922 2729 3975 hic
2775 3920 2977 3988 asperis
3030 3928 3086 3972 et
3120 3917 3433 3979 humilibus,
3477 3916 3522 3969 si
3578 3916 3756 3968 cordis
3786 3930 3890 3966 non

2343 4015 2482 4067 desit
2505 4012 2797 4075 humilitas,
2821 4010 3135 4064 delectatur.
3151 4007 3439 4061 Auctorem
3462 4021 3621 4074 porro
3636 4006 3900 4073 superbia.-

2338 4116 2477 4169 satpe
2512 4102 2652 4153 nitor
2680 4101 2908 4153 vestium
2929 4107 3203 4165 provocat,
3234 4095 3494 4164 asperitas
3523 4103 3702 4146 autem
3735 4092 3893 4147 Chri-

2338 4202 2501 4254 stum,
2520 4200 2577 4244 ut
2599 4190 2875 4243 humiliato
2891 4187 3108 4241 cuilibet
3134 4186 3475 4248 misereatur,
3495 4184 3702 4237 invitat.
3734 4182 3891 4246 Nam,

2337 4280 2477 4334 sicut
2501 4294 2654 4333 sacra
2687 4279 2887 4346 Regum
2918 4284 3144 4329 testatur
3184 4272 3407 4327 historia
3439 4285 3454 4324 :
3489 4291 3506 4322 ‹
3541 4271 3654 4324 Rex
3708 4269 3890 4333 Israel,

2336 4381 2388 4423 et
2410 4367 2665 4437 Josaphat
2688 4380 2777 4419 rex
2804 4364 2962 4428 Juda,
2992 4363 3152 4435 53o
3178 4364 3398 4418 sedebat
3429 4363 3796 4430 unusquisque
3841 4361 3895 4414 in

2336 4462 2468 4513 solio
2496 4475 2615 4523 suo,
2646 4458 2824 4512 vestiti
2869 4457 3012 4511 cultu
3038 4456 3183 4526 regio
3207 4455 3259 4508 in
3289 4468 3442 4517 area,
3477 4452 3631 4517 juxta
3684 4462 3892 4521 portam

2338 4551 2618 4615 Samarim,
2660 4560 2712 4603 et
2735 4547 2967 4602 universi
2998 4546 3269 4616 prophetae
3300 4546 3353 4597 in
3388 4558 3573 4598 eorum
3602 4553 3892 4611 conspectu
3920 4576 3970 4634 Β

2335 4640 2614 4696 mendacia
2662 4637 3051 4706 prophetabant
3097 4632 3216 4694 (Ill
3259 4633 3386 4702 Reg.
3447 4632 3603 4699 xxii).
3643 4651 3661 4683 ι
3695 4634 3894 4685 Auctor

2336 4732 2530 4801 quippe
2565 4725 2828 4781 mendacii
2858 4722 3022 4777 fucati
3072 4722 3247 4777 cultus
3291 4721 3663 4775 delectabatur
3704 4720 3888 4773 illece-

2333 4819 2471 4880 bris,
2500 4824 2546 4869 οι
2575 4812 2874 4867 adunibrati
2898 4811 3107 4865 decoris
3132 4819 3349 4879 aspectu
3391 4824 3487 4879 per
3522 4824 3618 4864 ora
3662 4810 3893 4877 prophe-

2339 4907 2567 4963 tantium
2595 4901 2833 4958 officinas
2880 4899 3232 4953 fabricaverat
3272 4899 3538 4952 falsitatis.
3570 4900 3638 4953 At
3684 4908 3892 4963 contra,

2335 5012 2462 5054 cum
2514 4996 2653 5049 idem
2694 4990 2881 5047 Achab
2934 4989 3313 5044 comminantis
3360 4989 3489 5043 Etire
3534 4988 3687 5049 dura,
3736 4994 3897 5057 prout

2335 5090 2532 5157 dignus
2561 5092 2694 5146 erat,
2723 5081 2884 5136 verba
2912 5082 3233 5149 perciperet,
3265 5095 3327 5133 ac
3353 5078 3747 5148 impendentem
3782 5077 3897 5132 suis

2334 5172 2639 5231 cervicibus
2663 5169 2829 5223 divini
2872 5168 3069 5222 furoris
3097 5168 3333 5238 gladium
3387 5170 3604 5223 territus
3638 5166 3893 5222 formida-

2341 5272 2443 5325 ret,
2473 5258 2751 5326 Scriptura
2776 5265 2911 5309 teste
2943 5274 2957 5311 :
2989 5275 3006 5307 ι
3040 5256 3211 5311 Scidit
3256 5268 3457 5311 vestem
3491 5271 3661 5319 suam,
3690 5264 3743 5309 et
3766 5270 3892 5323 ope-

2338 5353 2445 5406 ruit
2474 5349 2649 5405 cilicio
2686 5361 2904 5402 carnem
2942 5361 3117 5409 suam,
3166 5347 3529 5416 ieiunavitque
3555 5356 3609 5400 et
3638 5346 3893 5399 dormivit

2335 5446 2391 5495 in
2416 5454 2596 5501 sacco,
2636 5445 2689 5491 et
2725 5435 3036 5488 ambulabat
3062 5436 3310 5490 “demisso
3348 5436 3541 5504 capite.
3591 5435 3893 5501 Factusque

2342 5540 2426 5585 est
2473 5542 2648 5582 sermo
2698 5525 2907 5579 Domini
2958 5526 3024 5577 ad
3076 5524 3244 5577 Eliam
3299 5526 3623 5595 Thesbyten,
3666 5526 3894 5579 dicens:

2343 5620 2531 5675 Nonne
2567 5617 2742 5670 vidisti
2795 5616 2975 5669 Achab
3016 5615 3350 5668 liumiliatum
3384 5632 3564 5669 coram
3616 5616 3896 5681 me?Quia

2340 5709 2505 5779 igitur
2534 5704 2843 5759 humiliatus
2870 5712 2951 5756 est
2976 5703 3077 5755 mei
3116 5719 3302 5762 causa.
3338 5720 3439 5757 non
3484 5704 3730 5757 inducam
3785 5718 3896 5756 ma-

2339 5800 2449 5855 lent
2472 5799 2526 5853 in
2558 5794 2744 5851 diebus
2773 5791 2887 5861 eius
2918 5792 3031 5865 (III
3064 5794 3354 5864 Ιεεςυκκι).
3401 5814 3418 5847 i

3998 3358 4161 3409 stium
4195 3352 4455 3407 vocabulo
4479 3349 4811 3417 nuncupari?
4837 3348 5120 3399 Enimvero
5146 3343 5307 3394 David
5339 3355 5431 3393 rex
5458 3356 5541 3392 nus

3999 3447 4117 3505 dus,
4160 3459 4220 3496 ac
4244 3443 4356 3496 solo
4383 3447 4664 3493 contentus
4689 3421 4906 3505 Epliod,
4937 3448 5117 3487 coram
5161 3445 5283 3483 arca
5341 3426 5547 3482 Domini

4000 3533 4209 3602 publice
4236 3532 4524 3584 subsiliens
4547 3528 4703 3581 saltat
4738 3524 4816 3594 (II
4853 3524 4977 3591 Reg.
5006 3522 5101 3590 vi).
5130 3521 5291 3573 lsaias
5326 3533 5550 3585 evange-

3999 3622 4131 3675 licus
4158 3622 4417 3689 propheta
4447 3617 4672 3671 triennio
4700 3616 4890 3671 nudus.
4925 3623 4975 3664 ct
4998 3609 5346 3663 discalceatus
5373 3621 5552 3660 coram

3998 3712 4129 3763 viris
4156 3723 4210 3764 et
4232 3708 4545 3761 mulieribus
4571 3703 4807 3757 ambulat
4854 3701 4983 3771 (lsa.
5011 3699 5135 3764 xx);
5160 3708 5210 3751 et
5237 3695 5548 3753 monachus.

3998 3804 4085 3869 qui
4118 3801 4240 3853 vita:
4266 3798 4497 3852 carnalis
4524 3793 4794 3865 professus
4824 3802 4903 3845 est
4941 3790 5285 3857 sepulturam,
5313 3783 5549 3837 nitidulae

3999 3892 4163 3944 veStis
4218 3889 4391 3941 adhuc
4448 3900 4668 3955 pompas
4721 3880 4981 3935 anhelat?
5042 3879 5354 3945 Quanquam
5411 3875 5549 3927 idem

4000 3981 4181 4040 Isaias,
4208 3988 4261 4031 et
4289 3986 4575 4043 antequam
4609 3975 4779 4027 nudus
4806 3973 5096 4032 incederet,
5124 3984 5224 4022 non
5252 3966 5393 4019 molli
5421 3980 5551 4034 quo.

3999 4074 4125 4125 libet
4155 4071 4490 4124 mulcebatur
4517 4068 4712 4120 amictu
4734 4106 4746 4127 ,
4775 4065 4865 4117 sed
4898 4062 5072 4117 cilicio
5110 4059 5400 4128 tegebatur.
5440 4055 5550 4110 Nisi

3998 4169 4140 4222 enim
4191 4164 4367 4217 cilicio
4414 4169 4691 4215 contectus
4740 4158 5044 4217 incederet,
5076 4166 5412 4220 nequaquam
5450 4151 5549 4203 sibi

4002 4273 4104 4311 vox
4151 4256 4331 4308 divina
4373 4250 4668 4317 iussisset:
4726 4265 4744 4297 ι
4796 4246 4951 4300 Solve
5002 4258 5213 4297 saccum
5252 4241 5316 4295 de
5358 4239 5549 4294 lumbis

4000 4349 4104 4401 tuis
4138 4343 4348 4416 (Ibid.).
4388 4360 4404 4391 ι
4437 4340 4579 4394 Esau
4626 4340 4785 4408 plane
4834 4346 5010 4389 vestes
5065 4332 5216 4385 valde
5259 4331 5445 4393 bonas,
5495 4335 5550 4379 ut

4000 4437 4278 4504 Scriptura
4325 4431 4913 4501 perhibet,vcnaturus
4958 4423 5099 4476 domi
5156 4419 5401 4483 retinuit;
5456 4419 5547 4471 sed

3998 4525 4083 4579 his
4106 4524 4243 4576 alter
4266 4519 4504 4581 indutus,
4535 4517 4825 4585 primatum
4867 4522 5100 4581 paternae
5146 4507 5298 4577 53],
5330 4505 5547 4561 benedi-

3999 4615 4195 4670 ctionis
4239 4611 4446 4679 accepit
4488 4608 4640 4677 (Gen.
4693 4603 4882 4674 xxvn).
4944 4602 5106 4657 Iacob
5150 4612 5400 4666 namque,
5458 4596 5547 4665 qui

3998 4704 4152 4775 quasi
4184 4702 4282 4756 sub
4310 4698 4628 4769 Evangelica
4677 4696 4919 4750 doctrina
4955 4694 5100 4762 prius
5136 4706 5239 4743 non
5286 4687 5421 4741 duas
5469 4696 5549 4737 tu-

4000 4795 4151 4851 nicas
4180 4791 4362 4844 habuit
4386 4787 4598 4856 (Matth.
4624 4788 4698 4854 x),
4724 4783 4945 4853 simplex
4969 4782 5129 4835 etiam
5152 4778 5547 4833 vestimentum,

4001 4883 4159 4938 simul
4189 4892 4243 4937 et
4290 4881 4603 4933 alimentum
4655 4868 4989 4944 postmodum
5022 4873 5075 4925 in
5122 4868 5362 4924 oratione
5405 4878 5549 4933 quieo

4002 4978 4126 5029 sivit
4152 4993 4161 5028 ε
4204 4992 4221 5025 ι
4263 4973 4317 5026 Si
4344 4970 4521 5033 fuerit,
4552 4970 4743 5037 inquit,
4772 4966 4911 5020 Deus
4949 4977 5173 5020 mecum.
5204 4968 5258 5013 et
5288 4954 5547 5011 custodie-

4005 5066 4074 5119 rit
4121 5080 4204 5117 me
4238 5063 4289 5116 in
4330 5063 4431 5122 via,
4470 5074 4567 5128 per
4596 5071 4758 5125 quam
4814 5068 4913 5123 ego
4957 5050 5188 5114 ambulo,
5236 5054 5291 5101 et
5344 5042 5547 5098 dederit

4004 5154 4128 5208 mihi
4160 5167 4350 5221 panem
4378 5150 4444 5201 ad
4474 5147 4827 5209 vescendum,
4852 5150 4906 5196 et
4942 5140 5312 5193 vestimentum
5360 5134 5427 5187 ad
5470 5132 5547 5184 in-

4000 5246 4292 5304 dueuiium,
4315 5241 4417 5294 erit
4439 5239 4567 5292 mihi
4594 5233 4849 5291 Dominus
4871 5232 4922 5285 in
4950 5232 5112 5284 Deum
5132 5226 5279 5299 (Gen.
5304 5222 5539 5287 xxviii).i

4000 5334 4278 5406 lgiturqui
4312 5330 4548 5398 duplices
4596 5325 4817 5381 honoris
4861 5323 5032 5392 gratia
5074 5328 5247 5373 vestes
5300 5314 5542 5368 habebat.

4002 5401 4279 5484 obruitur;
4321 5421 4411 5488 qui
4452 5411 4679 5484 simplici
4713 5420 4994 5467 contentus
5025 5418 5162 5468 erat,
5203 5401 5545 5468 eleemosynis

4004 5514 4197 5568 divina:
4226 5511 4411 5579 gloria:
4438 5506 4772 5563 sublimatur.
4804 5502 5039 5556 Herodes
5070 5510 5295 5565 quoque,
5326 5493 5460 5546 sicut
5496 5490 5543 5541 in

4004 5606 4225 5660 Actibus
4260 5601 4619 5671 apostolorum
4649 5597 4865 5666 legitur,
4889 5594 5011 5647 dum
5041 5590 5255 5646 indutus
5292 5592 5435 5639 veste
5469 5594 5545 5632 re-

4002 5699 4107 5763 gia,
4148 5696 4472 5761 conspicuus
4496 5693 4733 5748 cernitur
4751 5688 4887 5757 (Act.
4922 5688 5052 5753 xu);
5098 5680 5221 5735 dum
5253 5677 5302 5732 ei
5345 5674 5548 5763 concio.

3999 5788 4145 5842 nanti
4178 5786 4243 5840 ad
4276 5784 4551 5855 p0pulum.
4586 5780 4678 5834 Dei
4716 5794 4873 5832 voces
4917 5774 5135 5835 habere,
5176 5784 5278 5823 non
5326 5758 5549 5819 hominis
