5664 6616
652 386 757 447 5'11

1433 384 1675 446 OPUSC.
1717 382 2103 443 XXIX—DE
2144 389 2273 445 VlLl
2320 387 2613 445 VESTITU
2651 387 3090 445 ECCLESIAST.

650 500 1005 565 acclamatur,
1030 501 1279 571 protinus
1309 501 1501 569 angelo
1532 500 1760 555 feriente
1808 502 2134 569 percutitur;
2172 512 2227 557 et
2255 512 2302 565 Α
2331 511 2384 555 et
2415 502 2552 556 dixit
2588 519 2601 555 ε
2634 500 2824 556 Ponite
2846 502 3073 555 cidarim
3102 503 3356 556 mundam
3390 517 3553 572 super
3596 512 3757 573 caput
3799 508 3920 577 ejus

652 592 800 661 quia,
830 608 983 645 vana:
1005 592 1188 663 gloria:
1211 592 1441 652 deditus.
1474 591 1707 646 delatam
1730 592 2023 664 sibimetjin
2058 594 2229 649 Deum

654 682 953 736 transferre
1001 682 1223 753 gloriam
1266 682 1438 745 novit,
1494 683 1774 751 repentino
1820 684 2232 751 superveniente

644 773 857 843 judicio
886 782 1237 841 consumptus
1272 788 1300 825 a
1341 773 1637 835 vermibus,
1678 774 1993 841 exspiravit.
2026 773 2116 828 Sic
2155 774 2231 829 ni-

651 862 895 925 mirum,
946 862 1026 935 sic
1062 860 1244 914 divino
1294 861 1488 928 dignus
1524 868 1606 915 est
1646 860 1849 929 judicio
1902 861 2094 928 dejici,
2137 864 2228 932 qui

648 968 839 1006 coram
895 953 1068 1007 oculis
1100 952 1378 1006 hominum
1410 955 1476 1007 de
1516 954 1693 1008 nitore
1722 954 1973 1009 cultioris
2011 956 2230 1011 habitus

647 1044 823 1097 ambit
852 1052 1172 1113 arroganter
1194 1027 1397 1097 extolli.
1430 1043 1561 1096 Nam
1590 1054 1643 1097 et
1684 1045 1797 1114 ipse
1836 1044 2097 1100 Conditor
2136 1063 2229 1100 an-

647 1136 898 1207 gelorum
939 1136 1066 1187 dum
1104 1134 1155 1187 in
1205 1134 1465 1203 praesepio
1505 1134 1725 1204 vagiens
1757 1134 2225 1207 reclinatur'(Lur.

648 1229 741 1288 ιι).
764 1241 867 1279 non
898 1234 1073 1287 ostro,
1115 1224 1199 1279 vel
1256 1225 1391 1294 togis
1445 1223 1796 1279 rutilantibus
1851 1226 2083 1289 obsitus,
2133 1225 2228 1279 scd

645 1316 847 1369 vilibus
879 1314 1074 1385 legitur
1102 1314 1403 1384 panniculis
1427 1314 1731 1369 obvolutus.
1765 1316 2063 1370 Erubescat
2094 1332 2226 1386 ergo

645 1418 864 1463 terrena
892 1406 1559 1476 superbia,’confundatur
1601 1415 1655 1461 et
1698 1408 2048 1475 Obstupescat
2074 1424 2226 1463 arro—

642 1496 833 1567 gentia
884 1497 1143 1565 redempti
1188 1496 1444 1560 hominis,
1497 1496 1586 1549 ubi
1642 1512 1766 1549 mox
1816 1500 2226 1565 erumpentibus

645 1585 837 1651 radiis,
861 1586 1037 1640 exorti
1070 1595 1321 1639 coruscat
1352 1584 1629 1639 humilitas
1662 1584 2060 1654 Redemptoris.
2092 1585 2223 1639 Nam

639 1682 699 1729 et
750 1676 850 1729 sub
902 1675 1019 1744 ipso
1046 1673 1326 1728 salutifero
1371 1674 1640 1742 passionis
1670 1676 1926 1739 articulo,
1984 1675 2224 1753 llerodes

637 1780 771 1819 eum
805 1766 922 1819 alba
953 1773 1103 1819 veste
1153 1764 1346 1829 induit,
1404 1778 1640 1833 eumque
1681 1779 1805 1818 mox
1869 1764 1935 1818 ad
1991 1764 2221 1819 Pilatum

2336 587 2519 657 (Zach.
2551 590 2657 659 ιιι).
2723 607 2741 641 ι
2795 590 2933 655 Quid
2986 592 3131 645 enim
3183 606 3280 660 per
3308 592 3524 661 Iesum,
3580 601 3917 656 sacerdotem

2332 680 2582 734 videlicet
2608 681 3015 749 magnum,nisi
3056 681 3319 736 Mediator
3374 685 3465 739 Dei
3526 695 3580 741 et
3629 689 3913 747 hominum

2332 772 2494 827 debet
2524 773 2786 844 intelligi?
2829 774 2997 829 Plane
3040 776 3181 830 sicut
3244 794 3340 847 per
3390 779 3691 837 Zorobabel
3740 785 3913 841 tilium

2332 861 2611 927 Salathiel,
2639 866 2729 931 qui
2771 864 2837 918 de
2864 865 3031 934 regali
3064 866 3214 922 inda:
3252 868 3419 937 stirpe
3456 884 3820 939 processerat.
3858 886 3919 930 et

2328 950 2510 1007 Jesum
2536 954 2705 1008 lilium
2732 954 3018 1019 Iosedech,
3042 958 3133 1025 qui
3167 957 3261 1025 jus
3286 961 3642 1016 sacerdotalis
3685 965 3919 1019 admini-

2329 1042 2741 1106 strabatofﬁcii,
2770 1043 3100 1100 lsraeliticus
3137 1040 3367 1117 populus
3410 1059 3531 1119 post
3572 1057 3914 1123 septuaginta

2329 1130 2713 1201 annosjugum
2765 1132 3108 1204 Babylonica;
3159 1136 3494 1206 captivitatis
3548 1142 3741 1206 evasit,
3779 1154 3920 1199 tem-

2325 1218 2585 1290 piumque
2616 1210 2972 1284 Hierusalem,
3005 1224 3148 1291 quod
3183 1226 3419 1279 dirutum
3445 1226 3644 1293 fuerat,
3674 1233 3914 1286 rediviva

2327 1312 2566 1365 novitate
2606 1313 2943 1379 construxit;
2996 1314 3069 1369 ita
3118 1331 3387 1396 numerus
3426 1318 3746 1385 electorum,
3793 1336 3917 1393 post

2326 1401 2484 1468 hujus
2515 1403 2638 1456 vitae
2667 1413 2930 1473 tempora,
2955 1420 3074 1475 qua:
3116 1410 3426 1477 septenaria
3468 1412 3677 1467 dierum
3708 1416 3905 1483 repeti.

2327 1492 2470 1545 tione
2512 1494 2827 1556 decurrunt,
2884 1511 2980 1564 per
3027 1496 3209 1553 Iesum
3261 1498 3573 1566 Christum,
3603 1503 3696 1570 qui
3752 1519 3918 1559 verus

2327 1598 2417 1636 rex
2442 1592 2547 1649 est,
2580 1594 2635 1639 et
2658 1586 2936 1650 sacerdos,
2978 1589 3043 1643 de
3066 1590 3332 1646 servitute
3363 1591 3523 1661 hujus
3564 1596 3919 1653 mortalitatis

2320 1675 2583 1744 eripitur,
2619 1685 2674 1729 et
2724 1678 2778 1730 in
2826 1680 3036 1734 cmlesti
3090 1680 3430 1738 Hierusalem
3484 1686 3740 1755 templum
3795 1688 3917 1753 Dei,

2324 1764 2466 1833 quod
2501 1775 2586 1821 est
2613 1776 2799 1822 sancta
2830 1768 3096 1835 Ecclesia,
3129 1780 3447 1827 renovatur.
3482 1774 3559 1829 De
3598 1792 3705 1845 qua
3751 1778 3917 1833 nimi-

638 1856 745 1909 sub
776 1855 878 1908 hac
904 1854 1151 1907 irrisione
1190 1854 1401 1907 remisit
1423 1850 1576 1922 (Luc.
1606 1855 1785 1921 χχιιι).
1820 1852 1888 1906 Et
1915 1869 2039 1907 cum
2076 1854 2220 1921 Apo-
2257 1844 2299 1901 Β
2329 1872 2445 1909 rum
2471 1858 2741 1913 servitute
2772 1860 2908 1914 dicit
2934 1862 3223 1931 Apostolus
3252 1882 3265 1917 :
3300 1883 3318 1914 ι
3353 1864 3486 1917 Nam
3518 1875 3573 1919 et
3604 1844 3717 1935 ipsa
3761 1882 3917 1924 crea-

636 1942 817 1997 stolus
843 1943 1022 1997 dicat:
1057 1959 1077 1993 ι
1111 1941 1381 1997 Exeamus
1406 1941 1473 1995 ad
1516 1956 1637 1994 eum
1684 1952 1839 1995 extra
1874 1952 2075 2005 castra,
2118 1943 2217 1996 im-

636 2034 955 2106 propcrium
999 2030 1115 2101 ejus
1151 2040 1430 2101 portantes
1458 2029 1645 2101 (Hebr.
1681 2031 1821 2097 xm).
1879 2051 1897 2082 ι
1949 2032 2220 2099 lmpropc-

638 2125 785 2177 rium
808 2121 1011 2177 Christi
1046 2130 1261 2190 portare
1293 2120 1436 2174 nolle
1461 2121 1823 2179 convincitur,
1858 2120 1947 2188 qui
1986 2122 2220 2190 dyscolis

635 2212 793 2266 indui
834 2212 1073 2266 vestibus
1097 2213 1407 2281 arrogantia
1444 2211 1680 2264 tumidus
1708 2212 2051 2281 dedignatur.
2083 2214 2125 2265 Α
2159 2229 2219 2267 se

640 2300 877 2369 denique
905 2300 1100 2355 mortui
1124 2314 1223 2369 pro
1245 2299 1397 2353 nobis
1421 2298 1719 2353 Salvatoris
1744 2299 1928 2367 abjieit
1960 2302 2221 2369 imprope-

635 2388 805 2452 rium,
834 2388 1082 2459 quisquis
1118 2389 1174 2442 in
1221 2388 1661 2443 inortilicatiouis
1713 2390 1905 2444 ordine
1958 2394 2221 2445 constitu-

637 2486 749 2542 tus,
801 2476 983 2531 album
1032 2475 1116 2531 vel
1166 2476 1401 2547 ignobile
1451 2476 1730 2545 quodlibet
1776 2477 2009 2546 despicit
2060 2480 2217 2533 indu-

633 2576 905 2621 mentum.

1255 2660 1485 2716 CAPUT
1524 2660 1607 2714 lli.

818 2752 1097 2807 Disruadet
1124 2754 1471 2822 pretiosarum
1503 2754 1714 2806 uestium
1743 2754 2045 2821 appetitum.

708 2842 791 2896 Tu
831 2844 1033 2911 itaque,
1059 2841 1425 2907 dilectissime,
1450 2839 1676 2911 jamjam
1707 2844 1853 2896 velut
1877 2842 2217 2911 purulentam

635 2933 815 2989 morbi
839 2932 1051 2987 lethalis
1096 2931 1329 2985 illuviem
1377 2946 1585 2995 evomc,
1633 2942 1687 2985 et
1728 2934 2083 2999 pretiosarum
2133 2948 2221 2984 ve-

634 3028 802 3082 stium
862 3026 1159 3096 appetitum
1218 3026 1284 3079 ab
1347 3026 1631 3080 stomacho
1689 3026 1958 3096 languida:
2024 3027 2222 3081 mentis

634 3116 868 3185 expelle.
903 3115 1019 3169 Non
1062 3115 1194 3169 levis
1237 3117 1435 3185 quippe
1476 3115 1704 3184 languor
1756 3127 1839 3169 est
1889 3118 2103 3179 animae,
2156 3118 2219 3169 de

2326 1956 2443 2000 tura
2472 1948 2791 2003 liberabitur
2826 1965 2855 2003 a
2884 1951 3147 2005 servitute
3178 1954 3542 2022 corruptionis
3590 1954 3642 2008 in
3690 1955 3918 2013 liberta-

2324 2044 2432 2089 tem
2470 2036 2652 2105 gloria:
2685 2036 2917 2091 ﬁliorum
2949 2038 3042 2093 Dei
3081 2038 3252 2107 (Rom.
3285 2042 3426 2107 vin).
3465 2060 3483 2093 ι
3531 2040 3685 2098 Tune
3732 2045 3916 2116 itaque

2322 2127 2483 2182 Jesus
2509 2145 2613 2181 non
2648 2144 2880 2199 corpore
2916 2146 3035 2192 suo,
3067 2132 3211 2198 quod
3250 2143 3332 2185 est
3385 2132 3648 2197 Ecclesia,
3694 2138 3917 2192 sordida

2323 2218 2645 2273 vestimenta
2696 2218 2950 2288 deponit,
2986 2227 3115 2273 tunc
3154 2221 3376 2275 honoris
3422 2238 3484 2277 ac
3533 2223 3717 2292 gloria:
3773 2226 3915 2298 regi-

2323 2324 2445 2362 men
2476 2308 2735 2373 assumit;
2760 2310 2885 2377 quia
2917 2310 3096 2363 omnis
3121 2310 3419 2365 electorum
3450 2313 3652 2369 chorus
3691 2330 3720 2369 a
3752 2306 3912 2387 lugu:

2321 2399 2406 2451 bri
2438 2397 2691 2466 squalore
2724 2398 3039 2468 temporalis
3080 2400 3317 2454 tristitiae
3368 2401 3651 2469 liberatur,
3708 2413 3764 2459 ct
3812 2406 3916 2461 im-

2324 2490 2671 2544 mortalitatis
2700 2490 2835 2544 stola
2868 2492 2920 2544 in
2952 2490 3042 2545 illo
3080 2491 3367 2561 splendore
3414 2496 3759 2563 sempiternae
3790 2496 3917 2552 fcli-

2324 2583 2506 2635 citatis
2529 2583 2790 2636 induitur.
2820 2583 2972 2649 Quod
3014 2583 3179 2637 etiam
3235 2585 3287 2638 in
3337 2587 3549 2654 psalmo
3600 2565 3916 2644 dedicanda

2324 2674 2515 2727 domus
2543 2675 2889 2742 apertissime
2918 2678 3068 2729 canit
3100 2676 3341 2731 Ecclesia
3395 2696 3406 2729 :
3466 2696 3486 2727 ι
3555 2677 3912 2748 Convertisti,

2324 2764 2519 2833 inquit,
2553 2765 2827 2831 planctum
2859 2781 3036 2819 meum
3066 2766 3119 2819 in
3166 2768 3419 2836 gaudium
3472 2768 3602 2822 mihi
3631 2786 3645 2833 ;
3676 2770 3914 2841 consci-

2324 2855 2448 2911 disti
2493 2866 2709 2911 saccum
2761 2870 2961 2922 meum,
3014 2868 3069 2910 et
3103 2857 3435 2925 pra‘cinxisti
3490 2874 3576 2912 me
3604 2860 3811 2925 laetitia,
3852 2873 3913 2915 ut

2322 2959 2537 3004 cantem
2568 2950 2659 3003 tibi
2688 2949 2860 3017 gloria
2884 2943 3023 3011 mea,
3054 2958 3108 3003 et
3134 2964 3240 3003 non
3264 2949 3658 3021 pungar(Psal.
3679 2953 3850 3023 xxix).
3886 2974 3904 3005 ι

2322 3039 2531 3093 Cidaris
2558 3040 2723 3093 etiam
2761 3040 2960 3093 munda
3010 3041 3061 3093 in
3104 3040 3219 3109 ejus
3260 3042 3437 3108 Capite
3493 3043 3732 3110 ponitur,
3782 3045 3909 3111 quia

2324 3128 2600 3183 felicitatis
2644 3141 2861 3183 eterna:
2906 3130 3076 3201 gloria
3129 3140 3445 3184 coronatur.
3504 3131 3674 3199 Hujus
3727 3134 3911 3202 itaque

632 3204 1015 3274 superstitioso
1066 3203 1365 3271 corporalis
1429 3203 1660 3257 amictus
1721 3204 1898 3257 nitore
1962 3194 2292 3272 gaudere.C
2324 3220 2500 3275 beam
2523 3221 2862 3275 vesgisjumi

1721 3204 1898 3257 υίιοΐθ
1962 3206 2215 3272 θραύεται
2246 3194 2292 3257 C
2324 3220 2500 3275 beatae
2523 3221 2924 3275 vestis‘intuitu
2944 3261 2958 3283 ,
2992 3222 3340 3275 dilectissime
3368 3222 3565 3287 frater,
3599 3224 3910 3278 lenocinan-

631 3292 881 3348 Gratiam
912 3291 1174 3360 siquidem
1203 3292 1374 3345 sancti
1399 3289 1656 3359 Spiritus,
1686 3290 1737 3343 in
1764 3306 1869 3357 qua
1902 3292 2213 3349 delectetur,

633 3386 885 3448 exclusit,
920 3386 1012 3453 qui
1059 3399 1118 3438 se
1142 3398 1239 3452 per
1298 3383 1586 3437 exterioris
1615 3391 1840 3437 ornatus
1890 3384 2217 3437 desiderium

635 3478 881 3547 spargit;
913 3475 1067 3544 cujus
1110 3475 1294 3543 utique
1322 3475 1364 3528 si
1413 3474 1641 3529 sentiret
1669 3474 1719 3527 in
1750 3484 1931 3528 mente
1978 3474 2221 3530 dulcedi-

633 3584 781 3630 nem,
810 3580 1154 3635 nequaquam
1180 3565 1422 3635 c0rporci
1446 3565 1626 3619 cultus
1651 3581 2044 3634 supervacuam
2084 3582 2215 3619 con-

634 3657 942 3724 cupisceret
970 3655 1267 3709 vanitatem
1302 3672 1315 3707 :
1349 3654 1491 3721 quod
1519 3655 1830 3708 evitandum
1862 3656 1945 3707 vir
1990 3654 2218 3723 Sapiens

634 3745 910 3807 admonet,
941 3743 1123 3798 dicens
1158 3761 1169 3796 :
1209 3762 1225 3794 ι
1264 3744 1319 3797 ln
1348 3743 1542 3798 vestitu
1589 3760 1655 3798 ne
1679 3744 1931 3813 glorieris
1956 3760 2214 3812 unquam,

631 3840 687 3885 et
713 3831 769 3885 in
802 3831 892 3885 die
917 3831 1136 3885 honoris
1162 3831 1235 3885 tui
1271 3846 1337 3885 ne
1380 3832 1658 3887 extollaris
1700 3832 1896 3902 (Eccli.
1944 3838 2043 3900 xt).
2082 3854 2097 3883 ι
2153 3834 2218 3887 [l-

632 3921 733 3976 lius
759 3936 893 3992 crgo
924 3923 1088 3977 vestis
1112 3924 1434 3991 concupisce
1464 3924 1715 3987 nitorem,
1750 3939 1853 3991 qua
1882 3940 2065 3978 coram
2088 3942 2217 3978 ocu-

630 4008 695 4063 lis
724 4009 816 4063 Dei
854 4019 1117 4079 perpetuo
1142 4009 1363 4079 polleas,
1406 4026 1510 4064 non
1555 4026 1657 4079 qua
1714 4011 1921 4066 fallacis
1965 4012 2123 4082 532
2154 4028 2218 4067 ac

631 4094 837 4151 frivola:
877 4098 1034 4164 hujus
1064 4098 1185 4151 vita:
1208 4106 1477 4153 momenta
1510 4108 1877 4155 transcurras.
1914 4102 2068 4157 Nunc
2115 4104 2218 4156 ita-

634 4207 734 4259 quc
756 4191 994 4245 sordidis
1026 4200 1195 4253 utere,
1230 4208 1458 4261 quorum
1482 4195 1787 4263 squalorem
1832 4197 2097 4252 indelicuo
2122 4214 2216 4251 va-

632 4281 739 4337 leas
769 4282 1010 4337 candore
1051 4292 1279 4338 mutare.
1338 4284 1411 4337 De
1465 4301 1572 4356 quo
1626 4288 1874 4341 videlicet
1929 4290 2214 4359 utriusque

632 4374 841 4442 generis
875 4374 1188 4429 indumento
1216 4392 1309 4445 per
1332 4377 1653 4433 Zachariam
1679 4381 1879 4435 dicitur
1910 4400 1922 4434 :
1972 4400 1990 4432 ι
2034 4383 2211 4450 Jesns,

634 4464 826 4533 inquit,
866 4473 993 4517 erat
1044 4464 1258 4519 indutus
1311 4468 1548 4523 vestibus
1589 4471 1843 4535 sordidis,
1893 4480 1950 4525 et
2001 4474 2215 4527 stabant

634 4566 754 4605 ante
778 4553 977 4607 faciem
1007 4551 1121 4619 ejus
1153 4556 1349 4623 angeli.
1400 4556 1501 4622 Qui
1563 4560 1859 4629 respondit,
1906 4572 1961 4614 et
2015 4563 2089 4616 ait
2144 4569 2210 4615 ad
2248 4538 2289 4594 ί)

631 4658 722 4699 eos
768 4647 861 4716 qui
892 4648 1109 4702 stabant
1136 4658 1323 4703 contra
1368 4665 1449 4713 se,
1489 4651 1720 4707 dicens:
1775 4654 1997 4710 Auferte
2048 4654 2212 4709 ves-'i-

634 4746 809 4791 tncnta
839 4737 1058 4793 sordida
1092 4740 1160 4794 ab
1201 4755 1295 4807 eo;
1327 4751 1381 4797 et
1415 4743 1553 4797 dixit
1593 4743 1656 4797 ad
1699 4759 1820 4797 eum
1857 4762 1868 4796 :
1910 4746 2069 4809 Ecce,
2119 4747 2211 4799 aii-

633 4825 753 4880 stuli
784 4842 811 4881 a
843 4837 895 4882 te
929 4828 1263 4899 iniquitatem
1302 4839 1448 4887 tuam
1501 4843 1555 4889 ct
1588 4834 1735 4893 indui
1771 4844 1820 4889 te
1865 4836 2204 4902 mutatoriis;

1032 5765 1310 5832 Ρηιιοι..
1356 5772 1560 5835 CXLV

2326 3310 2398 3364 tia
2461 3324 2688 3379 quaeque
2750 3310 3119 3378 corruptibilis
3176 3310 3472 3364 indumenti
3538 3312 3914 3367 blandimenta

2324 3412 2633 3463 contemne,
2694 3400 2930 3455 ludicras
2980 3416 3044 3455 ac
3100 3400 3374 3455 ﬂuitantes
3422 3402 3643 3457 nitentis
3692 3403 3912 3458 habitus

2323 3490 2548 3544 lacinias
2575 3490 2822 3557 despice;
2857 3498 3146 3544 contentus
3180 3490 3441 3542 extremis
3475 3504 3539 3544 ac
3563 3491 3781 3555 vilibus,
3806 3494 3911 3547 sub

2320 3590 2525 3635 sanctze
2554 3581 2749 3648 regulae
2776 3590 2825 3633 te
2869 3579 2986 3648 lege
3016 3574 3345 3650 con‘stringe.
3402 3579 3520 3635 Noli
3557 3581 3723 3637 altum
3749 3599 3906 3651 sape~

2323 3685 2403 3734 re,
2439 3671 2533 3725 sed
2582 3672 2711 3725 time
2745 3669 2917 3739 (Rom.
2950 3670 3085 3737 In);
3136 3669 3382 3723 ultimum
3430 3671 3483 3724 in
3536 3671 3910 3741 spiritualilitts

2320 3762 2522 3829 nuptiis
2549 3761 2859 3815 accubitum
2876 3770 3019 3831 pete.
3047 3761 3371 3816 humilitatis
3400 3760 3650 3829 injuriam
3680 3766 3910 3829 perhora

2321 3868 2504 3917 resce;
2538 3854 2581 3907 si
2611 3852 2827 3921 quando
2854 3852 3189 3921 negligenter
3210 3853 3516 3922 obrepserit
3535 3893 3548 3917 ,
3592 3868 3689 3923 per
3702 3842 3911 3923 ’βαδιιί-

2320 3946 2544 3998 tentiam
2569 3944 2802 4011 corrige.
2836 3941 3105 3996 Memento
3134 3941 3336 4009 itaque,
3371 3942 3511 4011 quod
3540 3958 3636 4011 per
3660 3942 3908 3997 Salomo-

2320 4046 2444 4085 nem
2472 4032 2670 4086 dicitur
2702 4049 2714 4085 :
2760 4050 2777 4082 ι
2816 4031 2872 4085 Si
2920 4030 3231 4086 ascenderit
3271 4046 3434 4101 super
3468 4042 3518 4086 te
3561 4033 3784 4101 spiritus
3811 4049 3911 4104 po-

2320 4134 2572 4178 testatem
2606 4125 2875 4186 habentis,
2903 4123 3077 4179 locum
3125 4133 3276 4177 tuum
3307 4140 3373 4178 ne
3411 4124 3675 4179 dimiseris
3703 4122 3905 4195 (Ereto.

2317 4215 2393 4285 x).
2436 4234 2454 4265 ι
2486 4214 2563 4268 Ac
2594 4215 2637 4268 si
2667 4223 2853 4282 aperte
2882 4216 3027 4268 dicat
3059 4231 3071 4267 :
3099 4213 3155 4269 Si
3188 4214 3474 4269 tentatoris
3494 4216 3745 4285 spiritum
3777 4232 3908 4271 con-

2319 4317 2399 4361 tra
2432 4315 2484 4360 te
2535 4307 2587 4359 in
2620 4305 2799 4374 aliquo
2829 4306 3125 4376 praevalere
3176 4306 3510 4370 consideras,
3542 4307 3907 4362 humilitatem

2316 4402 2647 4471 poenitentia:
2704 4417 2810 4456 non
2858 4402 3150 4471 relinquas.
3197 4401 3499 4457 Gloriosius
3523 4402 3683 4473 igitur
3705 4405 3905 4470 depnta

2318 4505 2472 4547 veste
2522 4494 2640 4548 alba
2695 4508 2819 4547 cum
2868 4493 3085 4549 Christo
3139 4494 3417 4548 humiliter
3487 4495 3697 4564 contegi
3750 4495 3904 4563 (Luc.

2320 4585 2483 4653 xxv),
2509 4600 2669 4651 quam
2692 4600 2815 4638 cum
2841 4585 3073 4653 snperbo
3100 4594 3153 4638 et
3183 4593 3479 4654 purpurato
3524 4585 3713 4649 divite,
3747 4583 3903 4639 llam-

2318 4678 2419 4731 mis
2450 4676 2738 4731 ultricibus
2780 4676 3274 4745 irrccuperabiliter
3304 4676 3518 4746 sepeliri
3566 4675 3717 4746 (Luc.
3768 4677 3901 4748 xvi).

2646 4789 2732 4844 Sit
2769 4805 2957 4844 nomen
2992 4788 3204 4844 Domini
3234 4790 3578 4844 benedictum.

3336 5791 3421 5855 17

4766 6201 5142 6396 4
