  <div class='ocr_page' id='page_1' title='image "/cluster/home/n/w/nwhite01/storage/ocr_20150623/144-145/uc1.31175001639262/801.png"; bbox 0 0 5664 6650; ppageno 0'>
   <div class='ocr_carea' id='block_1_1' title="bbox 0 6330 1449 6650">
    <p class='ocr_par' dir='ltr' id='par_1_1' title="bbox 0 6334 1445 6650">
     <span class='ocr_line' id='line_1_1' title="bbox 0 6334 1445 6650; baseline -0.017 0"><span class='ocrx_word' id='word_1_1' title='bbox 0 6334 1445 6650; x_wconf 36' lang='grc' dir='ltr'><strong>,δ’</strong></span> 
     </span>
    </p>
   </div>
   <div class='ocr_carea' id='block_1_2' title="bbox 2312 432 2430 488">
    <p class='ocr_par' dir='ltr' id='par_1_2' title="bbox 2312 432 2430 488">
     <span class='ocr_line' id='line_1_2' title="bbox 2312 432 2430 488; baseline -0.008 0"><span class='ocrx_word' id='word_1_2' title='bbox 2312 432 2430 488; x_wconf 69' lang='lat'><strong>523</strong></span> 
     </span>
    </p>
   </div>
   <div class='ocr_carea' id='block_1_3' title="bbox 2328 623 2611 643">
    <p class='ocr_par' dir='ltr' id='par_1_3' title="bbox 2328 623 2611 643">
     <span class='ocr_line' id='line_1_3' title="bbox 2328 623 2611 643; baseline -0.004 -4"><span class='ocrx_word' id='word_1_3' title='bbox 2328 623 2611 643; x_wconf 52' lang='grc'><strong>*-</strong></span> 
     </span>
    </p>
   </div>
   <div class='ocr_carea' id='block_1_4' title="bbox 2614 612 4905 636">
    <p class='ocr_par' dir='ltr' id='par_1_4' title="bbox 2614 612 4905 636">
     <span class='ocr_line' id='line_1_4' title="bbox 2614 612 4905 636; baseline 0 -7"><span class='ocrx_word' id='word_1_4' title='bbox 2614 612 4905 636; x_wconf 61' lang='lat' dir='ltr'><em>W</em></span> 
     </span>
    </p>
   </div>
   <div class='ocr_carea' id='block_1_5' title="bbox 2793 421 5142 486">
    <p class='ocr_par' dir='ltr' id='par_1_5' title="bbox 2793 421 5142 486">
     <span class='ocr_line' id='line_1_5' title="bbox 2793 421 5142 486; baseline -0.004 0"><span class='ocrx_word' id='word_1_5' title='bbox 2793 433 2847 486; x_wconf 85' lang='lat' dir='ltr'><strong>S.</strong></span> <span class='ocrx_word' id='word_1_6' title='bbox 2892 430 3091 486; x_wconf 73' lang='lat' dir='ltr'><strong>PETRI</strong></span> <span class='ocrx_word' id='word_1_7' title='bbox 3122 427 3403 484; x_wconf 65' lang='lat' dir='ltr'><strong>DAIIASI</strong></span> <span class='ocrx_word' id='word_1_8' title='bbox 3444 424 3595 481; x_wconf 81' lang='lat' dir='ltr'><strong>OPP.</strong></span> <span class='ocrx_word' id='word_1_9' title='bbox 3636 421 3865 479; x_wconf 65' lang='lat' dir='ltr'><strong>TOHUS</strong></span> <span class='ocrx_word' id='word_1_10' title='bbox 3896 426 4026 482; x_wconf 79' lang='lat' dir='ltr'><strong>SEU</strong></span> <span class='ocrx_word' id='word_1_11' title='bbox 4067 426 4241 481; x_wconf 59' lang='lat' dir='ltr'><strong>PARS</strong></span> <span class='ocrx_word' id='word_1_12' title='bbox 4278 426 4361 482; x_wconf 84' lang='lat' dir='ltr'><strong>lli.</strong></span> <span class='ocrx_word' id='word_1_13' title='bbox 4398 457 4463 465; x_wconf 96' lang='lat'>—</span> <span class='ocrx_word' id='word_1_14' title='bbox 4500 426 4863 483; x_wconf 61' lang='lat' dir='ltr'><strong>OPUSCULA</strong></span> <span class='ocrx_word' id='word_1_15' title='bbox 4915 425 5142 479; x_wconf 66' lang='grc' dir='ltr'><strong>ΥᾹΒΞᾹ.</strong></span> 
     </span>
    </p>
   </div>
   <div class='ocr_carea' id='block_1_6' title="bbox 5443 426 5539 479">
    <p class='ocr_par' dir='ltr' id='par_1_6' title="bbox 5443 426 5539 479">
     <span class='ocr_line' id='line_1_6' title="bbox 5443 426 5539 479; baseline 0 0"><span class='ocrx_word' id='word_1_16' title='bbox 5443 426 5539 479; x_wconf 71' lang='grc'><strong>534</strong></span> 
     </span>
    </p>
   </div>
   <div class='ocr_carea' id='block_1_7' title="bbox 5126 614 5522 635">
    <p class='ocr_par' dir='ltr' id='par_1_7' title="bbox 5126 614 5522 635">
     <span class='ocr_line' id='line_1_7' title="bbox 5126 614 5522 635; baseline 0.003 -5"><span class='ocrx_word' id='word_1_17' title='bbox 5126 614 5522 635; x_wconf 50' lang='grc' dir='ltr'><strong>...ο-ι*</strong></span> 
     </span>
    </p>
   </div>
   <div class='ocr_carea' id='block_1_8' title="bbox 2776 762 5049 892">
    <p class='ocr_par' dir='ltr' id='par_1_8' title="bbox 2776 762 5049 892">
     <span class='ocr_line' id='line_1_8' title="bbox 2776 762 5049 892; baseline 0.003 -11"><span class='ocrx_word' id='word_1_18' title='bbox 2776 762 3125 836; x_wconf 57' lang='grc'><strong>⁵³³⁵³⁸</strong></span> <span class='ocrx_word' id='word_1_19' title='bbox 3202 778 4040 892; x_wconf 84' lang='lat' dir='ltr'><strong>OPUSCULUM</strong></span> <span class='ocrx_word' id='word_1_20' title='bbox 4129 774 5049 889; x_wconf 83' lang='lat' dir='ltr'><strong>TRICESIMUM.</strong></span> 
     </span>
    </p>
   </div>
   <div class='ocr_carea' id='block_1_9' title="bbox 2912 994 4960 1060">
    <p class='ocr_par' dir='ltr' id='par_1_9' title="bbox 2912 994 4960 1060">
     <span class='ocr_line' id='line_1_9' title="bbox 2912 994 4960 1060; baseline -0.004 0"><span class='ocrx_word' id='word_1_21' title='bbox 2912 1001 3017 1060; x_wconf 77' lang='lat' dir='ltr'><strong>DE</strong></span> <span class='ocrx_word' id='word_1_22' title='bbox 3070 994 3618 1059; x_wconf 73' lang='lat' dir='ltr'><strong>SACltAMENTlS</strong></span> <span class='ocrx_word' id='word_1_23' title='bbox 3680 997 3828 1056; x_wconf 81' lang='lat' dir='ltr'><strong>PER</strong></span> <span class='ocrx_word' id='word_1_24' title='bbox 3883 994 4277 1056; x_wconf 79' lang='lat' dir='ltr'><strong>IMPROBOS</strong></span> <span class='ocrx_word' id='word_1_25' title='bbox 4319 995 4960 1056; x_wconf 72' lang='lat' dir='ltr'><strong>ADMINISTRATIS.</strong></span> 
     </span>
    </p>
   </div>
   <div class='ocr_carea' id='block_1_10' title="bbox 2323 1332 5533 1407">
    <p class='ocr_par' dir='ltr' id='par_1_10' title="bbox 2323 1332 5533 1407">
     <span class='ocr_line' id='line_1_10' title="bbox 2323 1332 5533 1407; baseline -0.001 -11"><span class='ocrx_word' id='word_1_26' title='bbox 2323 1342 2715 1397; x_wconf 69' lang='lat' dir='ltr'><strong>Aaceutsruu.</strong></span> <span class='ocrx_word' id='word_1_27' title='bbox 2745 1368 2811 1379; x_wconf 90' lang='lat'><strong>—</strong></span> <span class='ocrx_word' id='word_1_28' title='bbox 2838 1336 3179 1391; x_wconf 69' lang='lat' dir='ltr'><strong>Florentino:</strong></span> <span class='ocrx_word' id='word_1_29' title='bbox 3207 1348 3327 1388; x_wconf 85' lang='lat' dir='ltr'><strong>cum</strong></span> <span class='ocrx_word' id='word_1_30' title='bbox 3374 1348 3474 1388; x_wconf 76' lang='lat' dir='ltr'><strong>suo</strong></span> <span class='ocrx_word' id='word_1_31' title='bbox 3503 1332 3754 1407; x_wconf 78' lang='lat' dir='ltr'><strong>episcopo</strong></span> <span class='ocrx_word' id='word_1_32' title='bbox 3790 1332 4125 1393; x_wconf 84' lang='lat' dir='ltr'><strong>dissidentes.</strong></span> <span class='ocrx_word' id='word_1_33' title='bbox 4155 1340 4435 1407; x_wconf 86' lang='lat' dir='ltr'><strong>propterea</strong></span> <span class='ocrx_word' id='word_1_34' title='bbox 4477 1333 4623 1407; x_wconf 69' lang='lat' dir='ltr'><strong>quod</strong></span> <span class='ocrx_word' id='word_1_35' title='bbox 4668 1333 4815 1407; x_wconf 87' lang='lat' dir='ltr'><strong>illum</strong></span> <span class='ocrx_word' id='word_1_36' title='bbox 4846 1333 4912 1387; x_wconf 72' lang='lat' dir='ltr'><strong>de</strong></span> <span class='ocrx_word' id='word_1_37' title='bbox 4955 1334 5194 1407; x_wconf 81' lang='lat' dir='ltr'><strong>Simonia</strong></span> <span class='ocrx_word' id='word_1_38' title='bbox 5234 1348 5533 1407; x_wconf 80' lang='lat' dir='ltr'><strong>suspectum</strong></span> 
     </span>
    </p>
   </div>
   <div class='ocr_carea' id='block_1_11' title="bbox 2394 1401 5541 1470">
    <p class='ocr_par' dir='ltr' id='par_1_11' title="bbox 2394 1401 5541 1470">
     <span class='ocr_line' id='line_1_11' title="bbox 2394 1401 5541 1470; baseline -0.001 -7"><span class='ocrx_word' id='word_1_39' title='bbox 2394 1412 2680 1469; x_wconf 87' lang='lat' dir='ltr'><strong>habebant,</strong></span> <span class='ocrx_word' id='word_1_40' title='bbox 2714 1408 2781 1462; x_wconf 87' lang='lat' dir='ltr'><strong>ad</strong></span> <span class='ocrx_word' id='word_1_41' title='bbox 2824 1407 3166 1462; x_wconf 84' lang='lat' dir='ltr'><strong>concordiam</strong></span> <span class='ocrx_word' id='word_1_42' title='bbox 3212 1420 3468 1458; x_wconf 80' lang='lat' dir='ltr'><strong>revocare</strong></span> <span class='ocrx_word' id='word_1_43' title='bbox 3513 1404 3722 1462; x_wconf 86' lang='lat' dir='ltr'><strong>nititur,</strong></span> <span class='ocrx_word' id='word_1_44' title='bbox 3767 1416 4000 1470; x_wconf 80' lang='lat' dir='ltr'><strong>purgans</strong></span> <span class='ocrx_word' id='word_1_45' title='bbox 4024 1416 4082 1454; x_wconf 86' lang='lat' dir='ltr'><strong>se</strong></span> <span class='ocrx_word' id='word_1_46' title='bbox 4114 1404 4273 1468; x_wconf 84' lang='lat' dir='ltr'><strong>quod,</strong></span> <span class='ocrx_word' id='word_1_47' title='bbox 4307 1417 4428 1453; x_wconf 86' lang='lat' dir='ltr'><strong>eum</strong></span> <span class='ocrx_word' id='word_1_48' title='bbox 4475 1401 4759 1456; x_wconf 71' lang='lat' dir='ltr'><strong>Florentia:</strong></span> <span class='ocrx_word' id='word_1_49' title='bbox 4788 1414 4954 1462; x_wconf 86' lang='lat' dir='ltr'><strong>esset.</strong></span> <span class='ocrx_word' id='word_1_50' title='bbox 4983 1422 5103 1460; x_wconf 89' lang='lat' dir='ltr'><strong>cum</strong></span> <span class='ocrx_word' id='word_1_51' title='bbox 5136 1406 5221 1461; x_wconf 86' lang='lat' dir='ltr'><strong>illo</strong></span> <span class='ocrx_word' id='word_1_52' title='bbox 5255 1401 5541 1462; x_wconf 51' lang='lat' dir='ltr'><strong>communi-</strong></span> 
     </span>
    </p>
   </div>
   <div class='ocr_carea' id='block_1_12' title="bbox 2391 1471 5537 1545">
    <p class='ocr_par' dir='ltr' id='par_1_12' title="bbox 2391 1471 5537 1545">
     <span class='ocr_line' id='line_1_12' title="bbox 2391 1471 5537 1545; baseline -0.001 -12"><span class='ocrx_word' id='word_1_53' title='bbox 2391 1489 2588 1533; x_wconf 78' lang='lat' dir='ltr'><strong>casset.</strong></span> <span class='ocrx_word' id='word_1_54' title='bbox 2616 1478 2729 1532; x_wconf 69' lang='lat' dir='ltr'><strong>Non</strong></span> <span class='ocrx_word' id='word_1_55' title='bbox 2775 1479 2917 1530; x_wconf 88' lang='lat' dir='ltr'><strong>enim</strong></span> <span class='ocrx_word' id='word_1_56' title='bbox 2957 1491 3168 1545; x_wconf 73' lang='lat' dir='ltr'><strong>arquum</strong></span> <span class='ocrx_word' id='word_1_57' title='bbox 3215 1474 3393 1545; x_wconf 71' lang='lat' dir='ltr'><strong>fuisse_</strong></span> <span class='ocrx_word' id='word_1_58' title='bbox 3426 1474 3587 1545; x_wconf 86' lang='lat' dir='ltr'><strong>ait_nt</strong></span> <span class='ocrx_word' id='word_1_59' title='bbox 3620 1472 3929 1545; x_wconf 77' lang='lat' dir='ltr'><strong>episcopum</strong></span> <span class='ocrx_word' id='word_1_60' title='bbox 3966 1471 4085 1524; x_wconf 83' lang='lat' dir='ltr'><strong>sine</strong></span> <span class='ocrx_word' id='word_1_61' title='bbox 4111 1486 4292 1545; x_wconf 59' lang='lat' dir='ltr'><strong>tulisti</strong></span> <span class='ocrx_word' id='word_1_62' title='bbox 4326 1472 4626 1545; x_wconf 72' lang='lat' dir='ltr'><strong>damnaret,</strong></span> <span class='ocrx_word' id='word_1_63' title='bbox 4672 1476 4969 1540; x_wconf 73' lang='lat' dir='ltr'><strong>prmaertim</strong></span> <span class='ocrx_word' id='word_1_64' title='bbox 5015 1492 5133 1529; x_wconf 90' lang='lat' dir='ltr'><strong>cum</strong></span> <span class='ocrx_word' id='word_1_65' title='bbox 5164 1478 5371 1532; x_wconf 87' lang='lat' dir='ltr'><strong>crimen</strong></span> <span class='ocrx_word' id='word_1_66' title='bbox 5403 1481 5537 1545; x_wconf 81' lang='lat' dir='ltr'><strong>quod</strong></span> 
     </span>
    </p>
   </div>
   <div class='ocr_carea' id='block_1_13' title="bbox 2391 1540 5538 1615">
    <p class='ocr_par' dir='ltr' id='par_1_13' title="bbox 2391 1540 5538 1615">
     <span class='ocr_line' id='line_1_13' title="bbox 2391 1540 5538 1615; baseline -0.002 -14"><span class='ocrx_word' id='word_1_67' title='bbox 2391 1550 2443 1601; x_wconf 90' lang='lat' dir='ltr'><strong>ei</strong></span> <span class='ocrx_word' id='word_1_68' title='bbox 2474 1549 2825 1615; x_wconf 85' lang='lat' dir='ltr'><strong>objiciebatur</strong></span> <span class='ocrx_word' id='word_1_69' title='bbox 2854 1562 2957 1599; x_wconf 92' lang='lat' dir='ltr'><strong>non</strong></span> <span class='ocrx_word' id='word_1_70' title='bbox 2989 1540 3325 1615; x_wconf 83' lang='lat' dir='ltr'><strong>probaretur.</strong></span> <span class='ocrx_word' id='word_1_71' title='bbox 3356 1542 3605 1615; x_wconf 82' lang='lat' dir='ltr'><strong>Graviter</strong></span> <span class='ocrx_word' id='word_1_72' title='bbox 3631 1540 4212 1615; x_wconf 71' lang='lat' dir='ltr'><strong>quoqueinqnosdatn</strong></span> <span class='ocrx_word' id='word_1_73' title='bbox 4251 1542 4540 1592; x_wconf 77' lang='lat' dir='ltr'><strong>monachos</strong></span> <span class='ocrx_word' id='word_1_74' title='bbox 4571 1542 4860 1615; x_wconf 83' lang='lat' dir='ltr'><strong>invehitur,</strong></span> <span class='ocrx_word' id='word_1_75' title='bbox 4894 1545 4984 1615; x_wconf 88' lang='lat' dir='ltr'><strong>qui</strong></span> <span class='ocrx_word' id='word_1_76' title='bbox 5023 1546 5254 1612; x_wconf 76' lang='lat' dir='ltr'><strong>episcopi</strong></span> <span class='ocrx_word' id='word_1_77' title='bbox 5304 1540 5538 1615; x_wconf 72' lang='lat' dir='ltr'><strong>ejusdem</strong></span> 
     </span>
    </p>
   </div>
   <div class='ocr_carea' id='block_1_14' title="bbox 2393 1608 5538 1681">
    <p class='ocr_par' dir='ltr' id='par_1_14' title="bbox 2393 1608 5538 1681">
     <span class='ocr_line' id='line_1_14' title="bbox 2393 1608 5538 1681; baseline -0.003 -10"><span class='ocrx_word' id='word_1_78' title='bbox 2393 1608 2821 1671; x_wconf 81' lang='lat' dir='ltr'><strong>communionem</strong></span> <span class='ocrx_word' id='word_1_79' title='bbox 2862 1608 3265 1672; x_wconf 76' lang='lat' dir='ltr'><strong>aversabantur,</strong></span> <span class='ocrx_word' id='word_1_80' title='bbox 3303 1621 3381 1681; x_wconf 0' lang='lat' dir='ltr'><strong>et,</strong></span> <span class='ocrx_word' id='word_1_81' title='bbox 3407 1612 3457 1661; x_wconf 88' lang='lat' dir='ltr'><strong>in</strong></span> <span class='ocrx_word' id='word_1_82' title='bbox 3501 1618 3702 1681; x_wconf 69' lang='lat' dir='ltr'><strong>tantmn</strong></span> <span class='ocrx_word' id='word_1_83' title='bbox 3755 1608 4031 1661; x_wconf 82' lang='lat' dir='ltr'><strong>audaciam</strong></span> <span class='ocrx_word' id='word_1_84' title='bbox 4058 1617 4441 1681; x_wconf 78' lang='lat' dir='ltr'><strong>pervenerant,</strong></span> <span class='ocrx_word' id='word_1_85' title='bbox 4485 1621 4763 1681; x_wconf 22' lang='lat' dir='ltr'><strong>utineque</strong></span> <span class='ocrx_word' id='word_1_86' title='bbox 4794 1608 5136 1679; x_wconf 80' lang='lat' dir='ltr'><strong>baptismum,</strong></span> <span class='ocrx_word' id='word_1_87' title='bbox 5188 1608 5357 1681; x_wconf 71' lang='lat' dir='ltr'><strong>neque</strong></span> <span class='ocrx_word' id='word_1_88' title='bbox 5402 1615 5538 1668; x_wconf 79' lang='lat' dir='ltr'><strong>aliud</strong></span> 
     </span>
    </p>
   </div>
   <div class='ocr_carea' id='block_1_15' title="bbox 2393 1678 5539 1744">
    <p class='ocr_par' dir='ltr' id='par_1_15' title="bbox 2393 1678 5539 1744">
     <span class='ocr_line' id='line_1_15' title="bbox 2393 1678 5539 1744; baseline -0.003 -5"><span class='ocrx_word' id='word_1_89' title='bbox 2393 1696 2786 1739; x_wconf 84' lang='lat' dir='ltr'><strong>sacramentum</strong></span> <span class='ocrx_word' id='word_1_90' title='bbox 2812 1685 2879 1737; x_wconf 88' lang='lat' dir='ltr'><strong>ab</strong></span> <span class='ocrx_word' id='word_1_91' title='bbox 2905 1699 2969 1735; x_wconf 84' lang='lat' dir='ltr'><strong>eo</strong></span> <span class='ocrx_word' id='word_1_92' title='bbox 2993 1682 3266 1740; x_wconf 87' lang='lat' dir='ltr'><strong>collatum,</strong></span> <span class='ocrx_word' id='word_1_93' title='bbox 3305 1680 3485 1731; x_wconf 83' lang='lat' dir='ltr'><strong>valere</strong></span> <span class='ocrx_word' id='word_1_94' title='bbox 3533 1678 3876 1737; x_wconf 75' lang='lat' dir='ltr'><strong>aﬂirmarent,</strong></span> <span class='ocrx_word' id='word_1_95' title='bbox 3928 1678 4068 1744; x_wconf 87' lang='lat' dir='ltr'><strong>quod</strong></span> <span class='ocrx_word' id='word_1_96' title='bbox 4120 1679 4207 1729; x_wconf 77' lang='lat' dir='ltr'><strong>hic</strong></span> <span class='ocrx_word' id='word_1_97' title='bbox 4246 1678 4507 1728; x_wconf 84' lang='lat' dir='ltr'><strong>confutat.</strong></span> <span class='ocrx_word' id='word_1_98' title='bbox 4552 1680 4772 1732; x_wconf 89' lang='lat' dir='ltr'><strong>Dcmum</strong></span> <span class='ocrx_word' id='word_1_99' title='bbox 4820 1678 4904 1734; x_wconf 75' lang='lat' dir='ltr'><strong>ho.</strong></span> <span class='ocrx_word' id='word_1_100' title='bbox 4946 1692 5066 1734; x_wconf 73' lang='lat' dir='ltr'><strong>atnr</strong></span> <span class='ocrx_word' id='word_1_101' title='bbox 5102 1678 5448 1741; x_wconf 70' lang='lat' dir='ltr'><strong>l-‘lurentinos,</strong></span> <span class='ocrx_word' id='word_1_102' title='bbox 5483 1694 5539 1736; x_wconf 78' lang='lat' dir='ltr'><strong>nt</strong></span> 
     </span>
    </p>
   </div>
   <div class='ocr_carea' id='block_1_16' title="bbox 2394 1746 5538 1822">
    <p class='ocr_par' dir='ltr' id='par_1_16' title="bbox 2394 1746 5538 1822">
     <span class='ocr_line' id='line_1_16' title="bbox 2394 1746 5538 1822; baseline -0 -15"><span class='ocrx_word' id='word_1_103' title='bbox 2394 1756 2440 1807; x_wconf 78' lang='lat' dir='ltr'><strong>si</strong></span> <span class='ocrx_word' id='word_1_104' title='bbox 2471 1756 2596 1820; x_wconf 88' lang='lat' dir='ltr'><strong>quid</strong></span> <span class='ocrx_word' id='word_1_105' title='bbox 2625 1764 2807 1806; x_wconf 86' lang='lat' dir='ltr'><strong>contra</strong></span> <span class='ocrx_word' id='word_1_106' title='bbox 2836 1754 3139 1822; x_wconf 81' lang='lat' dir='ltr'><strong>episcopum</strong></span> <span class='ocrx_word' id='word_1_107' title='bbox 3168 1764 3323 1822; x_wconf 85' lang='lat' dir='ltr'><strong>suum</strong></span> <span class='ocrx_word' id='word_1_108' title='bbox 3356 1750 3572 1822; x_wconf 83' lang='lat' dir='ltr'><strong>habent,</strong></span> <span class='ocrx_word' id='word_1_109' title='bbox 3602 1747 3668 1799; x_wconf 90' lang='lat' dir='ltr'><strong>ad</strong></span> <span class='ocrx_word' id='word_1_110' title='bbox 3713 1746 4015 1822; x_wconf 80' lang='lat' dir='ltr'><strong>pontiﬁcem</strong></span> <span class='ocrx_word' id='word_1_111' title='bbox 4049 1746 4346 1821; x_wconf 82' lang='lat' dir='ltr'><strong>Romanum</strong></span> <span class='ocrx_word' id='word_1_112' title='bbox 4392 1750 4658 1813; x_wconf 80' lang='lat' dir='ltr'><strong>deferant,</strong></span> <span class='ocrx_word' id='word_1_113' title='bbox 4688 1750 4751 1802; x_wconf 86' lang='lat' dir='ltr'><strong>ad</strong></span> <span class='ocrx_word' id='word_1_114' title='bbox 4797 1764 4956 1819; x_wconf 86' lang='lat' dir='ltr'><strong>quem</strong></span> <span class='ocrx_word' id='word_1_115' title='bbox 5001 1763 5205 1820; x_wconf 79' lang='lat' dir='ltr'><strong>speetat</strong></span> <span class='ocrx_word' id='word_1_116' title='bbox 5247 1754 5311 1807; x_wconf 88' lang='lat' dir='ltr'><strong>de</strong></span> <span class='ocrx_word' id='word_1_117' title='bbox 5356 1754 5538 1822; x_wconf 84' lang='lat' dir='ltr'><strong>hujus-</strong></span> 
     </span>
    </p>
   </div>
   <div class='ocr_carea' id='block_1_17' title="bbox 2392 1816 4372 1879">
    <p class='ocr_par' dir='ltr' id='par_1_17' title="bbox 2392 1816 4372 1879">
     <span class='ocr_line' id='line_1_17' title="bbox 2392 1816 4372 1879; baseline -0.005 -3"><span class='ocrx_word' id='word_1_118' title='bbox 2392 1816 2535 1876; x_wconf 82' lang='lat' dir='ltr'><strong>modi</strong></span> <span class='ocrx_word' id='word_1_119' title='bbox 2562 1822 2721 1876; x_wconf 82' lang='lat' dir='ltr'><strong>rebus</strong></span> <span class='ocrx_word' id='word_1_120' title='bbox 2748 1816 3065 1875; x_wconf 75' lang='lat' dir='ltr'><strong>sententiam</strong></span> <span class='ocrx_word' id='word_1_121' title='bbox 3095 1820 3270 1879; x_wconf 83' lang='lat' dir='ltr'><strong>ferre;</strong></span> <span class='ocrx_word' id='word_1_122' title='bbox 3298 1818 3513 1871; x_wconf 76' lang='lat' dir='ltr'><strong>interim</strong></span> <span class='ocrx_word' id='word_1_123' title='bbox 3547 1827 3726 1870; x_wconf 87' lang='lat' dir='ltr'><strong>tamen</strong></span> <span class='ocrx_word' id='word_1_124' title='bbox 3753 1816 3925 1869; x_wconf 85' lang='lat' dir='ltr'><strong>eidem</strong></span> <span class='ocrx_word' id='word_1_125' title='bbox 3954 1816 4372 1868; x_wconf 84' lang='lat' dir='ltr'><strong>communicent.</strong></span> 
     </span>
    </p>
   </div>
   <div class='ocr_carea' id='block_1_18' title="bbox 2388 1944 5535 2017">
    <p class='ocr_par' dir='ltr' id='par_1_18' title="bbox 2388 1944 5535 2017">
     <span class='ocr_line' id='line_1_18' title="bbox 2388 1944 5535 2017; baseline 0.001 -9"><span class='ocrx_word' id='word_1_126' title='bbox 2388 1953 2611 2009; x_wconf 81' lang='lat' dir='ltr'><strong>Dilectis</strong></span> <span class='ocrx_word' id='word_1_127' title='bbox 2656 1952 2708 2007; x_wconf 89' lang='lat' dir='ltr'><strong>in</strong></span> <span class='ocrx_word' id='word_1_128' title='bbox 2757 1951 2976 2005; x_wconf 75' lang='lat' dir='ltr'><strong>Christo</strong></span> <span class='ocrx_word' id='word_1_129' title='bbox 3024 1950 3234 2005; x_wconf 82' lang='lat' dir='ltr'><strong>civibus</strong></span> <span class='ocrx_word' id='word_1_130' title='bbox 3276 1948 3632 2007; x_wconf 79' lang='lat' dir='ltr'><strong>Florentinis.</strong></span> <span class='ocrx_word' id='word_1_131' title='bbox 3663 1946 3876 2000; x_wconf 70' lang='lat' dir='ltr'><strong>Perses</strong></span> <span class='ocrx_word' id='word_1_132' title='bbox 3906 1950 3949 2006; x_wconf 76' lang='grc' dir='ltr'><strong>Α</strong></span> <span class='ocrx_word' id='word_1_133' title='bbox 3981 1944 4030 2011; x_wconf 88' lang='grc'><strong>(1</strong></span> <span class='ocrx_word' id='word_1_134' title='bbox 4065 1945 4199 1998; x_wconf 84' lang='lat' dir='ltr'><strong>Tim.</strong></span> <span class='ocrx_word' id='word_1_135' title='bbox 4245 1948 4346 2017; x_wconf 85' lang='lat' dir='ltr'><strong>ut).</strong></span> <span class='ocrx_word' id='word_1_136' title='bbox 4378 1950 4621 2003; x_wconf 79' lang='lat' dir='ltr'><strong>columna</strong></span> <span class='ocrx_word' id='word_1_137' title='bbox 4641 1991 4655 2014; x_wconf 91' lang='lat'><strong>,</strong></span> <span class='ocrx_word' id='word_1_138' title='bbox 4684 1959 4735 2005; x_wconf 92' lang='lat' dir='ltr'><strong>et</strong></span> <span class='ocrx_word' id='word_1_139' title='bbox 4766 1952 5154 2006; x_wconf 85' lang='lat' dir='ltr'><strong>firmamentum</strong></span> <span class='ocrx_word' id='word_1_140' title='bbox 5184 1955 5437 2009; x_wconf 86' lang='lat' dir='ltr'><strong>veritatis.</strong></span> <span class='ocrx_word' id='word_1_141' title='bbox 5467 1956 5535 2011; x_wconf 81' lang='lat' dir='ltr'><strong>Et</strong></span> 
     </span>
    </p>
   </div>
   <div class='ocr_carea' id='block_1_19' title="bbox 2320 2037 3881 2115">
    <p class='ocr_par' dir='ltr' id='par_1_19' title="bbox 2320 2037 3881 2115">
     <span class='ocr_line' id='line_1_19' title="bbox 2320 2037 3881 2115; baseline -0.006 -18"><span class='ocrx_word' id='word_1_142' title='bbox 2320 2053 2577 2115; x_wconf 79' lang='lat' dir='ltr'><strong>peccator</strong></span> <span class='ocrx_word' id='word_1_143' title='bbox 2605 2042 2903 2095; x_wconf 81' lang='lat' dir='ltr'><strong>monachus</strong></span> <span class='ocrx_word' id='word_1_144' title='bbox 2940 2040 3193 2094; x_wconf 74' lang='lat' dir='ltr'><strong>fraterna:</strong></span> <span class='ocrx_word' id='word_1_145' title='bbox 3236 2040 3518 2092; x_wconf 89' lang='lat' dir='ltr'><strong>charitatis</strong></span> <span class='ocrx_word' id='word_1_146' title='bbox 3547 2037 3881 2105; x_wconf 86' lang='lat' dir='ltr'><strong>obsequium.</strong></span> 
     </span>
    </p>
   </div>
   <div class='ocr_carea' id='block_1_20' title="bbox 2394 2128 3882 2199">
    <p class='ocr_par' dir='ltr' id='par_1_20' title="bbox 2394 2128 3882 2199">
     <span class='ocr_line' id='line_1_20' title="bbox 2394 2128 3882 2199; baseline -0.005 -13"><span class='ocrx_word' id='word_1_147' title='bbox 2394 2131 2590 2199; x_wconf 82' lang='lat' dir='ltr'><strong>Super,</strong></span> <span class='ocrx_word' id='word_1_148' title='bbox 2626 2141 2681 2185; x_wconf 92' lang='lat' dir='ltr'><strong>ut</strong></span> <span class='ocrx_word' id='word_1_149' title='bbox 2710 2130 2966 2192; x_wconf 79' lang='lat' dir='ltr'><strong>recolitis,</strong></span> <span class='ocrx_word' id='word_1_150' title='bbox 2991 2129 3347 2192; x_wconf 83' lang='lat' dir='ltr'><strong>dilectissimi,</strong></span> <span class='ocrx_word' id='word_1_151' title='bbox 3377 2130 3442 2181; x_wconf 90' lang='lat' dir='ltr'><strong>ad</strong></span> <span class='ocrx_word' id='word_1_152' title='bbox 3470 2143 3562 2182; x_wconf 81' lang='lat' dir='ltr'><strong>vos</strong></span> <span class='ocrx_word' id='word_1_153' title='bbox 3590 2128 3882 2189; x_wconf 84' lang='lat' dir='ltr'><strong>venientes,</strong></span> 
     </span>
    </p>
   </div>
   <div class='ocr_carea' id='block_1_21' title="bbox 2319 2221 3884 2289">
    <p class='ocr_par' dir='ltr' id='par_1_21' title="bbox 2319 2221 3884 2289">
     <span class='ocr_line' id='line_1_21' title="bbox 2319 2221 3884 2289; baseline -0.004 -12"><span class='ocrx_word' id='word_1_154' title='bbox 2319 2222 2587 2277; x_wconf 61' lang='lat' dir='ltr'><strong>laboriose</strong></span> <span class='ocrx_word' id='word_1_155' title='bbox 2613 2222 2916 2276; x_wconf 75' lang='lat' dir='ltr'><strong>studuimus</strong></span> <span class='ocrx_word' id='word_1_156' title='bbox 2958 2221 3103 2275; x_wconf 88' lang='lat' dir='ltr'><strong>inter</strong></span> <span class='ocrx_word' id='word_1_157' title='bbox 3140 2221 3446 2289; x_wconf 84' lang='lat' dir='ltr'><strong>episcopum</strong></span> <span class='ocrx_word' id='word_1_158' title='bbox 3489 2232 3729 2273; x_wconf 85' lang='lat' dir='ltr'><strong>vestrum</strong></span> <span class='ocrx_word' id='word_1_159' title='bbox 3762 2234 3884 2272; x_wconf 84' lang='lat' dir='ltr'><strong>vos-</strong></span> 
     </span>
    </p>
   </div>
   <div class='ocr_carea' id='block_1_22' title="bbox 2319 2312 3883 2383">
    <p class='ocr_par' dir='ltr' id='par_1_22' title="bbox 2319 2312 3883 2383">
     <span class='ocr_line' id='line_1_22' title="bbox 2319 2312 3883 2383; baseline -0.003 -16"><span class='ocrx_word' id='word_1_160' title='bbox 2319 2329 2429 2383; x_wconf 97' lang='lat' dir='ltr'><strong>que</strong></span> <span class='ocrx_word' id='word_1_161' title='bbox 2473 2328 2828 2382; x_wconf 85' lang='lat' dir='ltr'><strong>componere,</strong></span> <span class='ocrx_word' id='word_1_162' title='bbox 2873 2322 2925 2368; x_wconf 88' lang='lat' dir='ltr'><strong>et</strong></span> <span class='ocrx_word' id='word_1_163' title='bbox 2968 2313 3254 2375; x_wconf 62' lang='lat' dir='ltr'><strong>amicitia,</strong></span> <span class='ocrx_word' id='word_1_164' title='bbox 3286 2327 3407 2381; x_wconf 65' lang='lat' dir='ltr'><strong>qua:</strong></span> <span class='ocrx_word' id='word_1_165' title='bbox 3444 2313 3642 2366; x_wconf 87' lang='lat' dir='ltr'><strong>recissa</strong></span> <span class='ocrx_word' id='word_1_166' title='bbox 3686 2312 3883 2376; x_wconf 83' lang='lat' dir='ltr'><strong>fuerat,</strong></span> 
     </span>
    </p>
   </div>
   <div class='ocr_carea' id='block_1_23' title="bbox 2321 2403 3885 2472">
    <p class='ocr_par' dir='ltr' id='par_1_23' title="bbox 2321 2403 3885 2472">
     <span class='ocr_line' id='line_1_23' title="bbox 2321 2403 3885 2472; baseline -0.002 -13"><span class='ocrx_word' id='word_1_167' title='bbox 2321 2404 2527 2459; x_wconf 72' lang='lat' dir='ltr'><strong>fmdera</strong></span> <span class='ocrx_word' id='word_1_168' title='bbox 2559 2403 2936 2465; x_wconf 87' lang='lat' dir='ltr'><strong>reformantes,</strong></span> <span class='ocrx_word' id='word_1_169' title='bbox 2970 2405 3023 2457; x_wconf 92' lang='lat' dir='ltr'><strong>in</strong></span> <span class='ocrx_word' id='word_1_170' title='bbox 3053 2418 3149 2457; x_wconf 80' lang='lat' dir='ltr'><strong>vos</strong></span> <span class='ocrx_word' id='word_1_171' title='bbox 3174 2403 3420 2472; x_wconf 86' lang='lat' dir='ltr'><strong>spiritum</strong></span> <span class='ocrx_word' id='word_1_172' title='bbox 3452 2412 3726 2471; x_wconf 87' lang='lat' dir='ltr'><strong>sequestra</strong></span> <span class='ocrx_word' id='word_1_173' title='bbox 3755 2416 3885 2471; x_wconf 89' lang='lat' dir='ltr'><strong>pace</strong></span> 
     </span>
    </p>
   </div>
   <div class='ocr_carea' id='block_1_24' title="bbox 2321 2491 3885 2561">
    <p class='ocr_par' dir='ltr' id='par_1_24' title="bbox 2321 2491 3885 2561">
     <span class='ocr_line' id='line_1_24' title="bbox 2321 2491 3885 2561; baseline -0.002 -15"><span class='ocrx_word' id='word_1_174' title='bbox 2321 2491 2574 2547; x_wconf 78' lang='lat' dir='ltr'><strong>conﬂare.</strong></span> <span class='ocrx_word' id='word_1_175' title='bbox 2613 2492 2719 2546; x_wconf 85' lang='lat' dir='ltr'><strong>Sed</strong></span> <span class='ocrx_word' id='word_1_176' title='bbox 2748 2492 3000 2560; x_wconf 90' lang='lat' dir='ltr'><strong>quoniam</strong></span> <span class='ocrx_word' id='word_1_177' title='bbox 3040 2492 3327 2561; x_wconf 71' lang='lat' dir='ltr'><strong>adiuvandi</strong></span> <span class='ocrx_word' id='word_1_178' title='bbox 3358 2493 3495 2560; x_wconf 85' lang='lat' dir='ltr'><strong>apud</strong></span> <span class='ocrx_word' id='word_1_179' title='bbox 3525 2506 3621 2545; x_wconf 85' lang='lat' dir='ltr'><strong>vos</strong></span> <span class='ocrx_word' id='word_1_180' title='bbox 3647 2492 3885 2559; x_wconf 66' lang='lat' dir='ltr'><strong>praedicti</strong></span> 
     </span>
    </p>
   </div>
   <div class='ocr_carea' id='block_1_25' title="bbox 2322 2579 3885 2650">
    <p class='ocr_par' dir='ltr' id='par_1_25' title="bbox 2322 2579 3885 2650">
     <span class='ocr_line' id='line_1_25' title="bbox 2322 2579 3885 2650; baseline -0.001 -14"><span class='ocrx_word' id='word_1_181' title='bbox 2322 2579 2633 2636; x_wconf 82' lang='lat' dir='ltr'><strong>Sacerdotis</strong></span> <span class='ocrx_word' id='word_1_182' title='bbox 2677 2582 2869 2634; x_wconf 87' lang='lat' dir='ltr'><strong>intuitu</strong></span> <span class='ocrx_word' id='word_1_183' title='bbox 2921 2581 3073 2650; x_wconf 90' lang='lat' dir='ltr'><strong>plura</strong></span> <span class='ocrx_word' id='word_1_184' title='bbox 3114 2581 3466 2650; x_wconf 83' lang='lat' dir='ltr'><strong>protulimus,</strong></span> <span class='ocrx_word' id='word_1_185' title='bbox 3509 2596 3626 2650; x_wconf 73' lang='lat' dir='ltr'><strong>quae</strong></span> <span class='ocrx_word' id='word_1_186' title='bbox 3668 2581 3885 2634; x_wconf 82' lang='lat' dir='ltr'><strong>sinistra</strong></span> 
     </span>
    </p>
   </div>
   <div class='ocr_carea' id='block_1_26' title="bbox 2319 2670 3885 2739">
    <p class='ocr_par' dir='ltr' id='par_1_26' title="bbox 2319 2670 3885 2739">
     <span class='ocr_line' id='line_1_26' title="bbox 2319 2670 3885 2739; baseline -0.003 -14"><span class='ocrx_word' id='word_1_187' title='bbox 2319 2670 2528 2725; x_wconf 74' lang='lat' dir='ltr'><strong>scilicet</strong></span> <span class='ocrx_word' id='word_1_188' title='bbox 2572 2671 3017 2737; x_wconf 84' lang='lat' dir='ltr'><strong>interpretatione</strong></span> <span class='ocrx_word' id='word_1_189' title='bbox 3061 2673 3331 2739; x_wconf 78' lang='lat' dir='ltr'><strong>perverti,</strong></span> <span class='ocrx_word' id='word_1_190' title='bbox 3359 2678 3413 2723; x_wconf 91' lang='lat' dir='ltr'><strong>et</strong></span> <span class='ocrx_word' id='word_1_191' title='bbox 3441 2686 3469 2722; x_wconf 90' lang='lat' dir='ltr'><strong>a</strong></span> <span class='ocrx_word' id='word_1_192' title='bbox 3506 2671 3672 2722; x_wconf 80' lang='lat' dir='ltr'><strong>turbis</strong></span> <span class='ocrx_word' id='word_1_193' title='bbox 3710 2670 3885 2722; x_wconf 81' lang='lat' dir='ltr'><strong>valent</strong></span> 
     </span>
    </p>
   </div>
   <div class='ocr_carea' id='block_1_27' title="bbox 2317 2757 3885 2827">
    <p class='ocr_par' dir='ltr' id='par_1_27' title="bbox 2317 2757 3885 2827">
     <span class='ocr_line' id='line_1_27' title="bbox 2317 2757 3885 2827; baseline -0.001 -16"><span class='ocrx_word' id='word_1_194' title='bbox 2317 2758 2627 2827; x_wconf 72' lang='lat' dir='ltr'><strong>vulgaribus</strong></span> <span class='ocrx_word' id='word_1_195' title='bbox 2654 2760 2854 2823; x_wconf 80' lang='lat' dir='ltr'><strong>vitiari,</strong></span> <span class='ocrx_word' id='word_1_196' title='bbox 2888 2775 2954 2812; x_wconf 91' lang='lat' dir='ltr'><strong>ne</strong></span> <span class='ocrx_word' id='word_1_197' title='bbox 2982 2768 3036 2813; x_wconf 91' lang='lat' dir='ltr'><strong>et</strong></span> <span class='ocrx_word' id='word_1_198' title='bbox 3072 2773 3170 2812; x_wconf 91' lang='lat' dir='ltr'><strong>nos</strong></span> <span class='ocrx_word' id='word_1_199' title='bbox 3199 2759 3415 2827; x_wconf 77' lang='lat' dir='ltr'><strong>indigna</strong></span> <span class='ocrx_word' id='word_1_200' title='bbox 3460 2770 3709 2813; x_wconf 83' lang='lat' dir='ltr'><strong>notentur</strong></span> <span class='ocrx_word' id='word_1_201' title='bbox 3748 2757 3885 2817; x_wconf 76' lang='lat' dir='ltr'><strong>infa-</strong></span> 
     </span>
    </p>
   </div>
   <div class='ocr_carea' id='block_1_28' title="bbox 2318 2846 3884 2916">
    <p class='ocr_par' dir='ltr' id='par_1_28' title="bbox 2318 2846 3884 2916">
     <span class='ocr_line' id='line_1_28' title="bbox 2318 2846 3884 2916; baseline -0.002 -15"><span class='ocrx_word' id='word_1_202' title='bbox 2318 2847 2449 2911; x_wconf 81' lang='lat' dir='ltr'><strong>mia,</strong></span> <span class='ocrx_word' id='word_1_203' title='bbox 2480 2856 2535 2901; x_wconf 90' lang='lat' dir='ltr'><strong>et</strong></span> <span class='ocrx_word' id='word_1_204' title='bbox 2565 2846 2661 2910; x_wconf 89' lang='lat' dir='ltr'><strong>illi,</strong></span> <span class='ocrx_word' id='word_1_205' title='bbox 2690 2847 2831 2916; x_wconf 91' lang='lat' dir='ltr'><strong>quod</strong></span> <span class='ocrx_word' id='word_1_206' title='bbox 2858 2846 3025 2900; x_wconf 87' lang='lat' dir='ltr'><strong>absit!</strong></span> <span class='ocrx_word' id='word_1_207' title='bbox 3055 2848 3315 2900; x_wconf 86' lang='lat' dir='ltr'><strong>mendacii</strong></span> <span class='ocrx_word' id='word_1_208' title='bbox 3351 2847 3556 2899; x_wconf 88' lang='lat' dir='ltr'><strong>crimen</strong></span> <span class='ocrx_word' id='word_1_209' title='bbox 3587 2847 3884 2910; x_wconf 75' lang='lat' dir='ltr'><strong>incurrant,</strong></span> 
     </span>
    </p>
   </div>
   <div class='ocr_carea' id='block_1_29' title="bbox 2320 2935 3884 3003">
    <p class='ocr_par' dir='ltr' id='par_1_29' title="bbox 2320 2935 3884 3003">
     <span class='ocr_line' id='line_1_29' title="bbox 2320 2935 3884 3003; baseline 0.001 -15"><span class='ocrx_word' id='word_1_210' title='bbox 2320 2935 2465 3003; x_wconf 80' lang='lat' dir='ltr'><strong>quod</strong></span> <span class='ocrx_word' id='word_1_211' title='bbox 2483 2948 2578 2989; x_wconf 88' lang='lat' dir='ltr'><strong>ore</strong></span> <span class='ocrx_word' id='word_1_212' title='bbox 2604 2950 2786 2988; x_wconf 84' lang='lat' dir='ltr'><strong>coram</strong></span> <span class='ocrx_word' id='word_1_213' title='bbox 2812 2935 2963 2987; x_wconf 82' lang='lat' dir='ltr'><strong>vobis</strong></span> <span class='ocrx_word' id='word_1_214' title='bbox 2985 2935 3291 3003; x_wconf 80' lang='lat' dir='ltr'><strong>frequenter</strong></span> <span class='ocrx_word' id='word_1_215' title='bbox 3311 2937 3696 3002; x_wconf 80' lang='lat' dir='ltr'><strong>expressimus,</strong></span> <span class='ocrx_word' id='word_1_216' title='bbox 3722 2935 3884 2991; x_wconf 91' lang='lat' dir='ltr'><strong>etiam</strong></span> 
     </span>
    </p>
   </div>
   <div class='ocr_carea' id='block_1_30' title="bbox 2320 3022 3881 3093">
    <p class='ocr_par' dir='ltr' id='par_1_30' title="bbox 2320 3022 3881 3093">
     <span class='ocr_line' id='line_1_30' title="bbox 2320 3022 3881 3093; baseline 0 -16"><span class='ocrx_word' id='word_1_217' title='bbox 2320 3024 2446 3093; x_wconf 75' lang='lat' dir='ltr'><strong>styli</strong></span> <span class='ocrx_word' id='word_1_218' title='bbox 2483 3024 2751 3077; x_wconf 89' lang='lat' dir='ltr'><strong>currentis</strong></span> <span class='ocrx_word' id='word_1_219' title='bbox 2784 3022 3007 3077; x_wconf 87' lang='lat' dir='ltr'><strong>articulo</strong></span> <span class='ocrx_word' id='word_1_220' title='bbox 3044 3024 3504 3088; x_wconf 88' lang='lat' dir='ltr'><strong>commendamus,</strong></span> <span class='ocrx_word' id='word_1_221' title='bbox 3535 3034 3594 3075; x_wconf 90' lang='lat' dir='ltr'><strong>ut</strong></span> <span class='ocrx_word' id='word_1_222' title='bbox 3623 3024 3760 3091; x_wconf 88' lang='lat' dir='ltr'><strong>quod</strong></span> <span class='ocrx_word' id='word_1_223' title='bbox 3787 3040 3881 3077; x_wconf 81' lang='lat' dir='ltr'><strong>au-</strong></span> 
     </span>
    </p>
   </div>
   <div class='ocr_carea' id='block_1_31' title="bbox 2321 3115 3888 3184">
    <p class='ocr_par' dir='ltr' id='par_1_31' title="bbox 2321 3115 3888 3184">
     <span class='ocr_line' id='line_1_31' title="bbox 2321 3115 3888 3184; baseline -0.001 -14"><span class='ocrx_word' id='word_1_224' title='bbox 2321 3115 2479 3171; x_wconf 81' lang='lat' dir='ltr'><strong>distis</strong></span> <span class='ocrx_word' id='word_1_225' title='bbox 2521 3131 2614 3169; x_wconf 91' lang='lat' dir='ltr'><strong>ore</strong></span> <span class='ocrx_word' id='word_1_226' title='bbox 2644 3115 2932 3184; x_wconf 88' lang='lat' dir='ltr'><strong>prolatum,</strong></span> <span class='ocrx_word' id='word_1_227' title='bbox 2966 3115 3193 3169; x_wconf 83' lang='lat' dir='ltr'><strong>videatis</strong></span> <span class='ocrx_word' id='word_1_228' title='bbox 3236 3116 3396 3169; x_wconf 88' lang='lat' dir='ltr'><strong>etiam</strong></span> <span class='ocrx_word' id='word_1_229' title='bbox 3430 3116 3667 3183; x_wconf 82' lang='lat' dir='ltr'><strong>apicibus</strong></span> <span class='ocrx_word' id='word_1_230' title='bbox 3698 3128 3888 3168; x_wconf 72' lang='lat' dir='ltr'><strong>exara-</strong></span> 
     </span>
    </p>
   </div>
   <div class='ocr_carea' id='block_1_32' title="bbox 2319 3205 3886 3269">
    <p class='ocr_par' dir='ltr' id='par_1_32' title="bbox 2319 3205 3886 3269">
     <span class='ocr_line' id='line_1_32' title="bbox 2319 3205 3886 3269; baseline 0 -11"><span class='ocrx_word' id='word_1_231' title='bbox 2319 3215 2457 3269; x_wconf 90' lang='lat' dir='ltr'><strong>tum,</strong></span> <span class='ocrx_word' id='word_1_232' title='bbox 2488 3215 2541 3258; x_wconf 92' lang='lat' dir='ltr'><strong>et</strong></span> <span class='ocrx_word' id='word_1_233' title='bbox 2587 3207 2641 3257; x_wconf 77' lang='lat' dir='ltr'><strong>in</strong></span> <span class='ocrx_word' id='word_1_234' title='bbox 2678 3205 2834 3257; x_wconf 82' lang='lat' dir='ltr'><strong>verba</strong></span> <span class='ocrx_word' id='word_1_235' title='bbox 2884 3214 3066 3257; x_wconf 86' lang='lat' dir='ltr'><strong>nostra</strong></span> <span class='ocrx_word' id='word_1_236' title='bbox 3118 3206 3506 3265; x_wconf 80' lang='lat' dir='ltr'><strong>commentari,</strong></span> <span class='ocrx_word' id='word_1_237' title='bbox 3558 3206 3638 3257; x_wconf 84' lang='lat' dir='ltr'><strong>vel</strong></span> <span class='ocrx_word' id='word_1_238' title='bbox 3690 3205 3756 3258; x_wconf 88' lang='lat' dir='ltr'><strong>ab</strong></span> <span class='ocrx_word' id='word_1_239' title='bbox 3804 3205 3886 3259; x_wconf 89' lang='lat' dir='ltr'><strong>his</strong></span> 
     </span>
    </p>
   </div>
   <div class='ocr_carea' id='block_1_33' title="bbox 3987 2037 5532 2108">
    <p class='ocr_par' dir='ltr' id='par_1_33' title="bbox 3987 2037 5532 2108">
     <span class='ocr_line' id='line_1_33' title="bbox 3987 2037 5532 2108; baseline 0.006 -19"><span class='ocrx_word' id='word_1_240' title='bbox 3987 2037 4099 2091; x_wconf 61' lang='lat' dir='ltr'><strong>hac</strong></span> <span class='ocrx_word' id='word_1_241' title='bbox 4132 2053 4237 2091; x_wconf 91' lang='lat' dir='ltr'><strong>non</strong></span> <span class='ocrx_word' id='word_1_242' title='bbox 4270 2040 4481 2093; x_wconf 91' lang='lat' dir='ltr'><strong>noviter</strong></span> <span class='ocrx_word' id='word_1_243' title='bbox 4508 2056 4573 2094; x_wconf 78' lang='lat' dir='ltr'><strong>ex</strong></span> <span class='ocrx_word' id='word_1_244' title='bbox 4620 2051 4807 2094; x_wconf 85' lang='lat' dir='ltr'><strong>nostra</strong></span> <span class='ocrx_word' id='word_1_245' title='bbox 4854 2043 5149 2097; x_wconf 79' lang='lat' dir='ltr'><strong>temeritate</strong></span> <span class='ocrx_word' id='word_1_246' title='bbox 5191 2042 5532 2108; x_wconf 82' lang='lat' dir='ltr'><strong>decernimus,</strong></span> 
     </span>
    </p>
   </div>
   <div class='ocr_carea' id='block_1_34' title="bbox 3986 2132 5537 2192">
    <p class='ocr_par' dir='ltr' id='par_1_34' title="bbox 3986 2132 5537 2192">
     <span class='ocr_line' id='line_1_34' title="bbox 3986 2132 5537 2192; baseline 0.005 -9"><span class='ocrx_word' id='word_1_247' title='bbox 3986 2132 4077 2183; x_wconf 88' lang='lat' dir='ltr'><strong>sed</strong></span> <span class='ocrx_word' id='word_1_248' title='bbox 4119 2146 4183 2183; x_wconf 81' lang='lat' dir='ltr'><strong>ex</strong></span> <span class='ocrx_word' id='word_1_249' title='bbox 4213 2142 4521 2185; x_wconf 87' lang='lat' dir='ltr'><strong>sanctorum</strong></span> <span class='ocrx_word' id='word_1_250' title='bbox 4550 2134 4935 2188; x_wconf 87' lang='lat' dir='ltr'><strong>catholicorum</strong></span> <span class='ocrx_word' id='word_1_251' title='bbox 4968 2135 5181 2189; x_wconf 78' lang='lat' dir='ltr'><strong>Patrum</strong></span> <span class='ocrx_word' id='word_1_252' title='bbox 5224 2139 5537 2192; x_wconf 78' lang='lat' dir='ltr'><strong>auctoritate</strong></span> 
     </span>
    </p>
   </div>
   <div class='ocr_carea' id='block_1_35' title="bbox 3979 2222 5535 2299">
    <p class='ocr_par' dir='ltr' id='par_1_35' title="bbox 3979 2222 5535 2299">
     <span class='ocr_line' id='line_1_35' title="bbox 3979 2222 5535 2299; baseline 0.007 -25"><span class='ocrx_word' id='word_1_253' title='bbox 3979 2222 4087 2290; x_wconf 86' lang='lat' dir='ltr'><strong>jam</strong></span> <span class='ocrx_word' id='word_1_254' title='bbox 4114 2224 4330 2277; x_wconf 83' lang='lat' dir='ltr'><strong>decreta</strong></span> <span class='ocrx_word' id='word_1_255' title='bbox 4366 2226 4661 2280; x_wconf 88' lang='lat' dir='ltr'><strong>tirmamus.</strong></span> <span class='ocrx_word' id='word_1_256' title='bbox 4696 2226 4846 2292; x_wconf 83' lang='lat' dir='ltr'><strong>Quod</strong></span> <span class='ocrx_word' id='word_1_257' title='bbox 4879 2228 4928 2281; x_wconf 92' lang='lat' dir='ltr'><strong>in</strong></span> <span class='ocrx_word' id='word_1_258' title='bbox 4979 2228 5153 2282; x_wconf 87' lang='lat' dir='ltr'><strong>libello</strong></span> <span class='ocrx_word' id='word_1_259' title='bbox 5198 2245 5422 2299; x_wconf 87' lang='lat' dir='ltr'><strong>quoque,</strong></span> <span class='ocrx_word' id='word_1_260' title='bbox 5454 2234 5535 2285; x_wconf 86' lang='lat' dir='ltr'><strong>cui</strong></span> 
     </span>
    </p>
   </div>
   <div class='ocr_carea' id='block_1_36' title="bbox 3985 2310 5539 2389">
    <p class='ocr_par' dir='ltr' id='par_1_36' title="bbox 3985 2310 5539 2389">
     <span class='ocr_line' id='line_1_36' title="bbox 3985 2310 5539 2389; baseline 0.009 -26"><span class='ocrx_word' id='word_1_261' title='bbox 3985 2310 4325 2367; x_wconf 71' lang='lat' dir='ltr'><strong>Gratissima:</strong></span> <span class='ocrx_word' id='word_1_262' title='bbox 4370 2331 4562 2370; x_wconf 87' lang='lat' dir='ltr'><strong>nomen</strong></span> <span class='ocrx_word' id='word_1_263' title='bbox 4607 2317 4895 2371; x_wconf 85' lang='lat' dir='ltr'><strong>indidimus</strong></span> <span class='ocrx_word' id='word_1_264' title='bbox 4925 2317 5037 2389; x_wconf 67' lang='lat'><strong>(20)</strong></span> <span class='ocrx_word' id='word_1_265' title='bbox 5058 2360 5072 2383; x_wconf 92' lang='lat'><strong>,</strong></span> <span class='ocrx_word' id='word_1_266' title='bbox 5099 2320 5275 2373; x_wconf 90' lang='lat' dir='ltr'><strong>multis</strong></span> <span class='ocrx_word' id='word_1_267' title='bbox 5302 2318 5450 2385; x_wconf 75' lang='lat' dir='ltr'><strong>Novi,</strong></span> <span class='ocrx_word' id='word_1_268' title='bbox 5477 2336 5539 2377; x_wconf 85' lang='lat' dir='ltr'><strong>ac</strong></span> 
     </span>
    </p>
   </div>
   <div class='ocr_carea' id='block_1_37' title="bbox 3990 2401 5534 2477">
    <p class='ocr_par' dir='ltr' id='par_1_37' title="bbox 3990 2401 5534 2477">
     <span class='ocr_line' id='line_1_37' title="bbox 3990 2401 5534 2477; baseline 0.006 -22"><span class='ocrx_word' id='word_1_269' title='bbox 3990 2401 4195 2457; x_wconf 80' lang='lat' dir='ltr'><strong>Veteris</strong></span> <span class='ocrx_word' id='word_1_270' title='bbox 4256 2404 4597 2461; x_wconf 86' lang='lat' dir='ltr'><strong>lnstrumenti</strong></span> <span class='ocrx_word' id='word_1_271' title='bbox 4659 2408 4979 2461; x_wconf 75' lang='lat' dir='ltr'><strong>testimoniis</strong></span> <span class='ocrx_word' id='word_1_272' title='bbox 5033 2410 5370 2477; x_wconf 83' lang='lat' dir='ltr'><strong>approbatur.</strong></span> <span class='ocrx_word' id='word_1_273' title='bbox 5433 2410 5534 2466; x_wconf 84' lang='lat' dir='ltr'><strong>Sed</strong></span> 
     </span>
    </p>
   </div>
   <div class='ocr_carea' id='block_1_38' title="bbox 3985 2495 5537 2569">
    <p class='ocr_par' dir='ltr' id='par_1_38' title="bbox 3985 2495 5537 2569">
     <span class='ocr_line' id='line_1_38' title="bbox 3985 2495 5537 2569; baseline 0.003 -21"><span class='ocrx_word' id='word_1_274' title='bbox 3985 2495 4355 2549; x_wconf 81' lang='lat' dir='ltr'><strong>condemnatis</strong></span> <span class='ocrx_word' id='word_1_275' title='bbox 4402 2496 4623 2550; x_wconf 91' lang='lat' dir='ltr'><strong>omnino</strong></span> <span class='ocrx_word' id='word_1_276' title='bbox 4673 2495 5023 2569; x_wconf 75' lang='lat' dir='ltr'><strong>Simoniacis,</strong></span> <span class='ocrx_word' id='word_1_277' title='bbox 5077 2512 5138 2551; x_wconf 86' lang='lat' dir='ltr'><strong>ac</strong></span> <span class='ocrx_word' id='word_1_278' title='bbox 5183 2498 5537 2552; x_wconf 85' lang='lat' dir='ltr'><strong>indubitanter</strong></span> 
     </span>
    </p>
   </div>
   <div class='ocr_carea' id='block_1_39' title="bbox 3987 2582 5537 2654">
    <p class='ocr_par' dir='ltr' id='par_1_39' title="bbox 3987 2582 5537 2654">
     <span class='ocr_line' id='line_1_39' title="bbox 3987 2582 5537 2654; baseline 0.003 -20"><span class='ocrx_word' id='word_1_279' title='bbox 3987 2582 4125 2636; x_wconf 83' lang='lat' dir='ltr'><strong>inter</strong></span> <span class='ocrx_word' id='word_1_280' title='bbox 4157 2584 4438 2637; x_wconf 64' lang='lat' dir='ltr'><strong>haereticos</strong></span> <span class='ocrx_word' id='word_1_281' title='bbox 4468 2584 4756 2653; x_wconf 90' lang='lat' dir='ltr'><strong>deputatis,</strong></span> <span class='ocrx_word' id='word_1_282' title='bbox 4784 2584 4922 2637; x_wconf 82' lang='lat' dir='ltr'><strong>sicut</strong></span> <span class='ocrx_word' id='word_1_283' title='bbox 4967 2585 5015 2637; x_wconf 90' lang='lat' dir='ltr'><strong>in</strong></span> <span class='ocrx_word' id='word_1_284' title='bbox 5045 2584 5264 2654; x_wconf 63' lang='lat' dir='ltr'><strong>praefato</strong></span> <span class='ocrx_word' id='word_1_285' title='bbox 5300 2585 5432 2638; x_wconf 86' lang='lat' dir='ltr'><strong>libro</strong></span> <span class='ocrx_word' id='word_1_286' title='bbox 5463 2586 5537 2639; x_wconf 85' lang='lat' dir='ltr'><strong>di-</strong></span> 
     </span>
    </p>
   </div>
   <div class='ocr_carea' id='block_1_40' title="bbox 3984 2672 5534 2739">
    <p class='ocr_par' dir='ltr' id='par_1_40' title="bbox 3984 2672 5534 2739">
     <span class='ocr_line' id='line_1_40' title="bbox 3984 2672 5534 2739; baseline 0.003 -16"><span class='ocrx_word' id='word_1_287' title='bbox 3984 2674 4276 2739; x_wconf 79' lang='lat' dir='ltr'><strong>gessimus,</strong></span> <span class='ocrx_word' id='word_1_288' title='bbox 4326 2672 4449 2724; x_wconf 86' lang='lat' dir='ltr'><strong>licet</strong></span> <span class='ocrx_word' id='word_1_289' title='bbox 4493 2687 4677 2725; x_wconf 88' lang='lat' dir='ltr'><strong>eorum</strong></span> <span class='ocrx_word' id='word_1_290' title='bbox 4729 2683 5065 2727; x_wconf 84' lang='lat' dir='ltr'><strong>sacramenta</strong></span> <span class='ocrx_word' id='word_1_291' title='bbox 5119 2687 5185 2726; x_wconf 74' lang='lat' dir='ltr'><strong>ex</strong></span> <span class='ocrx_word' id='word_1_292' title='bbox 5232 2674 5534 2728; x_wconf 86' lang='lat' dir='ltr'><strong>autltcntica</strong></span> 
     </span>
    </p>
   </div>
   <div class='ocr_carea' id='block_1_41' title="bbox 3984 2762 5537 2829">
    <p class='ocr_par' dir='ltr' id='par_1_41' title="bbox 3984 2762 5537 2829">
     <span class='ocr_line' id='line_1_41' title="bbox 3984 2762 5537 2829; baseline 0.003 -16"><span class='ocrx_word' id='word_1_293' title='bbox 3984 2775 4246 2815; x_wconf 88' lang='lat' dir='ltr'><strong>canonum</strong></span> <span class='ocrx_word' id='word_1_294' title='bbox 4302 2772 4521 2829; x_wconf 85' lang='lat' dir='ltr'><strong>possent</strong></span> <span class='ocrx_word' id='word_1_295' title='bbox 4554 2763 4833 2817; x_wconf 86' lang='lat' dir='ltr'><strong>sanctione</strong></span> <span class='ocrx_word' id='word_1_296' title='bbox 4877 2762 5106 2824; x_wconf 85' lang='lat' dir='ltr'><strong>defendi,</strong></span> <span class='ocrx_word' id='word_1_297' title='bbox 5140 2772 5197 2817; x_wconf 91' lang='lat' dir='ltr'><strong>ut</strong></span> <span class='ocrx_word' id='word_1_298' title='bbox 5222 2778 5314 2817; x_wconf 89' lang='lat' dir='ltr'><strong>eos</strong></span> <span class='ocrx_word' id='word_1_299' title='bbox 5363 2776 5537 2818; x_wconf 86' lang='lat' dir='ltr'><strong>tamen</strong></span> 
     </span>
    </p>
   </div>
   <div class='ocr_carea' id='block_1_42' title="bbox 3989 2850 5541 2919">
    <p class='ocr_par' dir='ltr' id='par_1_42' title="bbox 3989 2850 5541 2919">
     <span class='ocr_line' id='line_1_42' title="bbox 3989 2850 5541 2919; baseline 0.003 -20"><span class='ocrx_word' id='word_1_300' title='bbox 3989 2850 4155 2916; x_wconf 77' lang='lat' dir='ltr'><strong>magis</strong></span> <span class='ocrx_word' id='word_1_301' title='bbox 4185 2864 4246 2901; x_wconf 89' lang='lat' dir='ltr'><strong>ac</strong></span> <span class='ocrx_word' id='word_1_302' title='bbox 4278 2850 4447 2918; x_wconf 77' lang='lat' dir='ltr'><strong>magis</strong></span> <span class='ocrx_word' id='word_1_303' title='bbox 4476 2851 4746 2919; x_wconf 87' lang='lat' dir='ltr'><strong>synodalis</strong></span> <span class='ocrx_word' id='word_1_304' title='bbox 4775 2866 4999 2904; x_wconf 75' lang='lat' dir='ltr'><strong>censura</strong></span> <span class='ocrx_word' id='word_1_305' title='bbox 5028 2850 5388 2915; x_wconf 83' lang='lat' dir='ltr'><strong>confunderet,</strong></span> <span class='ocrx_word' id='word_1_306' title='bbox 5421 2868 5541 2906; x_wconf 88' lang='lat' dir='ltr'><strong>con-</strong></span> 
     </span>
    </p>
   </div>
   <div class='ocr_carea' id='block_1_43' title="bbox 3987 2939 5539 3012">
    <p class='ocr_par' dir='ltr' id='par_1_43' title="bbox 3987 2939 5539 3012">
     <span class='ocr_line' id='line_1_43' title="bbox 3987 2939 5539 3012; baseline 0.005 -23"><span class='ocrx_word' id='word_1_307' title='bbox 3987 2939 4230 2991; x_wconf 69' lang='lat' dir='ltr'><strong>stitutum</strong></span> <span class='ocrx_word' id='word_1_308' title='bbox 4283 2950 4363 2992; x_wconf 87' lang='lat' dir='ltr'><strong>est</strong></span> <span class='ocrx_word' id='word_1_309' title='bbox 4414 2940 4465 2992; x_wconf 90' lang='lat' dir='ltr'><strong>in</strong></span> <span class='ocrx_word' id='word_1_310' title='bbox 4517 2940 4785 3000; x_wconf 78' lang='lat' dir='ltr'><strong>Romano.</strong></span> <span class='ocrx_word' id='word_1_311' title='bbox 4831 2940 4987 3012; x_wconf 78' lang='lat'><strong>535</strong></span> <span class='ocrx_word' id='word_1_312' title='bbox 5036 2954 5231 2997; x_wconf 65' lang='lat' dir='ltr'><strong>sancte</strong></span> <span class='ocrx_word' id='word_1_313' title='bbox 5276 2945 5539 2997; x_wconf 68' lang='lat' dir='ltr'><strong>memoria</strong></span> 
     </span>
    </p>
   </div>
   <div class='ocr_carea' id='block_1_44' title="bbox 3986 3026 5535 3101">
    <p class='ocr_par' dir='ltr' id='par_1_44' title="bbox 3986 3026 5535 3101">
     <span class='ocr_line' id='line_1_44' title="bbox 3986 3026 5535 3101; baseline 0.003 -22"><span class='ocrx_word' id='word_1_314' title='bbox 3986 3026 4207 3080; x_wconf 81' lang='lat' dir='ltr'><strong>Nicolao</strong></span> <span class='ocrx_word' id='word_1_315' title='bbox 4240 3030 4581 3097; x_wconf 62' lang='lat' dir='ltr'><strong>praesidente,</strong></span> <span class='ocrx_word' id='word_1_316' title='bbox 4614 3030 4839 3083; x_wconf 85' lang='lat' dir='ltr'><strong>concilio</strong></span> <span class='ocrx_word' id='word_1_317' title='bbox 4885 3031 5121 3100; x_wconf 69' lang='grc' dir='ltr'><strong>(Περι-ιι.</strong></span> <span class='ocrx_word' id='word_1_318' title='bbox 5163 3030 5277 3085; x_wconf 75' lang='lat' dir='ltr'><strong>Nic.</strong></span> <span class='ocrx_word' id='word_1_319' title='bbox 5310 3031 5411 3085; x_wconf 82' lang='lat' dir='ltr'><strong>PP.</strong></span> <span class='ocrx_word' id='word_1_320' title='bbox 5453 3047 5535 3101; x_wconf 84' lang='lat' dir='ltr'><strong>ap.</strong></span> 
     </span>
    </p>
   </div>
   <div class='ocr_carea' id='block_1_45' title="bbox 3987 3118 5545 3190">
    <p class='ocr_par' dir='ltr' id='par_1_45' title="bbox 3987 3118 5545 3190">
     <span class='ocr_line' id='line_1_45' title="bbox 3987 3118 5545 3190; baseline 0.001 -19"><span class='ocrx_word' id='word_1_321' title='bbox 3987 3118 4137 3171; x_wconf 77' lang='lat' dir='ltr'><strong>Crat.</strong></span> <span class='ocrx_word' id='word_1_322' title='bbox 4167 3136 4216 3181; x_wconf 83' lang='grc' dir='ltr'><strong>ι,</strong></span> <span class='ocrx_word' id='word_1_323' title='bbox 4251 3135 4342 3187; x_wconf 90' lang='lat' dir='ltr'><strong>qu.</strong></span> <span class='ocrx_word' id='word_1_324' title='bbox 4390 3135 4427 3182; x_wconf 85' lang='lat' dir='ltr'><strong>t,</strong></span> <span class='ocrx_word' id='word_1_325' title='bbox 4462 3135 4579 3186; x_wconf 87' lang='lat' dir='ltr'><strong>cap.</strong></span> <span class='ocrx_word' id='word_1_326' title='bbox 4622 3118 4699 3173; x_wconf 79' lang='lat' dir='ltr'><strong>De</strong></span> <span class='ocrx_word' id='word_1_327' title='bbox 4739 3122 4944 3188; x_wconf 78' lang='lat' dir='ltr'><strong>emero)</strong></span> <span class='ocrx_word' id='word_1_328' title='bbox 4980 3139 4991 3173; x_wconf 90' lang='lat'><strong>:</strong></span> <span class='ocrx_word' id='word_1_329' title='bbox 5026 3130 5083 3174; x_wconf 93' lang='lat' dir='ltr'><strong>ut</strong></span> <span class='ocrx_word' id='word_1_330' title='bbox 5116 3122 5411 3190; x_wconf 89' lang='lat' dir='ltr'><strong>quicunque</strong></span> <span class='ocrx_word' id='word_1_331' title='bbox 5450 3136 5545 3189; x_wconf 71' lang='lat' dir='ltr'><strong>per</strong></span> 
     </span>
    </p>
   </div>
   <div class='ocr_carea' id='block_1_46' title="bbox 3987 3210 5541 3277">
    <p class='ocr_par' dir='ltr' id='par_1_46' title="bbox 3987 3210 5541 3277">
     <span class='ocr_line' id='line_1_46' title="bbox 3987 3210 5541 3277; baseline 0.001 -15"><span class='ocrx_word' id='word_1_332' title='bbox 3987 3225 4078 3262; x_wconf 85' lang='lat' dir='ltr'><strong>eos</strong></span> <span class='ocrx_word' id='word_1_333' title='bbox 4116 3218 4337 3263; x_wconf 67' lang='lat' dir='ltr'><strong>eatenus</strong></span> <span class='ocrx_word' id='word_1_334' title='bbox 4383 3210 4609 3263; x_wconf 69' lang='lat' dir='ltr'><strong>fuissent</strong></span> <span class='ocrx_word' id='word_1_335' title='bbox 4645 3211 4696 3263; x_wconf 93' lang='lat' dir='ltr'><strong>in</strong></span> <span class='ocrx_word' id='word_1_336' title='bbox 4727 3210 5007 3277; x_wconf 80' lang='lat' dir='ltr'><strong>cujuslibet</strong></span> <span class='ocrx_word' id='word_1_337' title='bbox 5047 3211 5391 3265; x_wconf 84' lang='lat' dir='ltr'><strong>ecclesiastici</strong></span> <span class='ocrx_word' id='word_1_338' title='bbox 5423 3225 5541 3275; x_wconf 72' lang='lat' dir='ltr'><strong>gra-</strong></span> 
     </span>
    </p>
   </div>
   <div class='ocr_carea' id='block_1_47' title="bbox 2321 3288 5538 3371">
    <p class='ocr_par' dir='ltr' id='par_1_47' title="bbox 2321 3288 5538 3371">
     <span class='ocr_line' id='line_1_47' title="bbox 2321 3288 5538 3371; baseline 0 -17"><span class='ocrx_word' id='word_1_339' title='bbox 2321 3301 2648 3368; x_wconf 86' lang='lat' dir='ltr'><strong>discrepare,</strong></span> <span class='ocrx_word' id='word_1_340' title='bbox 2687 3298 2917 3351; x_wconf 74' lang='lat' dir='ltr'><strong>mendax</strong></span> <span class='ocrx_word' id='word_1_341' title='bbox 2966 3298 3191 3365; x_wconf 86' lang='lat' dir='ltr'><strong>quisque</strong></span> <span class='ocrx_word' id='word_1_342' title='bbox 3236 3312 3339 3350; x_wconf 90' lang='lat' dir='ltr'><strong>non</strong></span> <span class='ocrx_word' id='word_1_343' title='bbox 3393 3299 3605 3359; x_wconf 89' lang='lat' dir='ltr'><strong>audeat,</strong></span> <span class='ocrx_word' id='word_1_344' title='bbox 3652 3298 3778 3352; x_wconf 91' lang='lat' dir='ltr'><strong>dum</strong></span> <span class='ocrx_word' id='word_1_345' title='bbox 3832 3298 3883 3350; x_wconf 89' lang='lat' dir='ltr'><strong>in</strong></span> <span class='ocrx_word' id='word_1_346' title='bbox 3918 3288 3961 3345; x_wconf 85' lang='grc' dir='ltr'><strong><em>Β</em></strong></span> <span class='ocrx_word' id='word_1_347' title='bbox 3988 3300 4085 3353; x_wconf 91' lang='lat' dir='ltr'><strong>dus</strong></span> <span class='ocrx_word' id='word_1_348' title='bbox 4112 3301 4369 3369; x_wconf 59' lang='lat' dir='ltr'><strong>dignitate</strong></span> <span class='ocrx_word' id='word_1_349' title='bbox 4390 3302 4637 3368; x_wconf 88' lang='lat' dir='ltr'><strong>promoti,</strong></span> <span class='ocrx_word' id='word_1_350' title='bbox 4666 3303 4715 3354; x_wconf 89' lang='lat' dir='ltr'><strong>in</strong></span> <span class='ocrx_word' id='word_1_351' title='bbox 4744 3303 4977 3371; x_wconf 89' lang='lat' dir='ltr'><strong>percepti</strong></span> <span class='ocrx_word' id='word_1_352' title='bbox 5007 3301 5222 3355; x_wconf 76' lang='lat' dir='ltr'><strong>honoris</strong></span> <span class='ocrx_word' id='word_1_353' title='bbox 5245 3302 5538 3355; x_wconf 87' lang='lat' dir='ltr'><strong>ministerio</strong></span> 
     </span>
    </p>
   </div>
   <div class='ocr_carea' id='block_1_48' title="bbox 2319 3386 3881 3455">
    <p class='ocr_par' dir='ltr' id='par_1_48' title="bbox 2319 3386 3881 3455">
     <span class='ocr_line' id='line_1_48' title="bbox 2319 3386 3881 3455; baseline -0.003 -11"><span class='ocrx_word' id='word_1_354' title='bbox 2319 3389 2496 3453; x_wconf 87' lang='lat' dir='ltr'><strong>nobis,</strong></span> <span class='ocrx_word' id='word_1_355' title='bbox 2524 3398 2577 3442; x_wconf 90' lang='lat' dir='ltr'><strong>et</strong></span> <span class='ocrx_word' id='word_1_356' title='bbox 2608 3403 2793 3441; x_wconf 90' lang='lat' dir='ltr'><strong>manus</strong></span> <span class='ocrx_word' id='word_1_357' title='bbox 2822 3388 3091 3449; x_wconf 86' lang='lat' dir='ltr'><strong>scribens,</strong></span> <span class='ocrx_word' id='word_1_358' title='bbox 3119 3395 3173 3439; x_wconf 89' lang='lat' dir='ltr'><strong>et</strong></span> <span class='ocrx_word' id='word_1_359' title='bbox 3205 3386 3380 3455; x_wconf 77' lang='lat' dir='ltr'><strong>lingua</strong></span> <span class='ocrx_word' id='word_1_360' title='bbox 3428 3386 3680 3454; x_wconf 81' lang='lat' dir='ltr'><strong>loquens,</strong></span> <span class='ocrx_word' id='word_1_361' title='bbox 3715 3388 3881 3441; x_wconf 77' lang='lat' dir='ltr'><strong>indis-</strong></span> 
     </span>
    </p>
   </div>
   <div class='ocr_carea' id='block_1_49' title="bbox 2317 3478 3884 3535">
    <p class='ocr_par' dir='ltr' id='par_1_49' title="bbox 2317 3478 3884 3535">
     <span class='ocr_line' id='line_1_49' title="bbox 2317 3478 3884 3535; baseline -0.003 -1"><span class='ocrx_word' id='word_1_362' title='bbox 2317 3494 2449 3535; x_wconf 79' lang='lat' dir='ltr'><strong>sona</strong></span> <span class='ocrx_word' id='word_1_363' title='bbox 2498 3479 2708 3533; x_wconf 84' lang='lat' dir='ltr'><strong>sibimet</strong></span> <span class='ocrx_word' id='word_1_364' title='bbox 2740 3479 2945 3532; x_wconf 85' lang='lat' dir='ltr'><strong>unitate</strong></span> <span class='ocrx_word' id='word_1_365' title='bbox 2974 3478 3320 3531; x_wconf 81' lang='lat' dir='ltr'><strong>concordant.</strong></span> <span class='ocrx_word' id='word_1_366' title='bbox 3352 3478 3884 3531; x_wconf 85' lang='lat' dir='ltr'><strong>Anathematizamus</strong></span> 
     </span>
    </p>
   </div>
   <div class='ocr_carea' id='block_1_50' title="bbox 2318 3570 3885 3639">
    <p class='ocr_par' dir='ltr' id='par_1_50' title="bbox 2318 3570 3885 3639">
     <span class='ocr_line' id='line_1_50' title="bbox 2318 3570 3885 3639; baseline -0.001 -14"><span class='ocrx_word' id='word_1_367' title='bbox 2318 3572 2502 3639; x_wconf 80' lang='lat' dir='ltr'><strong>itaque</strong></span> <span class='ocrx_word' id='word_1_368' title='bbox 2543 3580 2599 3625; x_wconf 87' lang='lat' dir='ltr'><strong>et</strong></span> <span class='ocrx_word' id='word_1_369' title='bbox 2628 3570 3119 3637; x_wconf 85' lang='lat' dir='ltr'><strong>irrecuperabiliter</strong></span> <span class='ocrx_word' id='word_1_370' title='bbox 3155 3572 3573 3623; x_wconf 86' lang='lat' dir='ltr'><strong>eondemnamus</strong></span> <span class='ocrx_word' id='word_1_371' title='bbox 3618 3570 3885 3624; x_wconf 88' lang='lat' dir='ltr'><strong>Simonia-</strong></span> 
     </span>
    </p>
   </div>
   <div class='ocr_carea' id='block_1_51' title="bbox 2320 3660 3886 3729">
    <p class='ocr_par' dir='ltr' id='par_1_51' title="bbox 2320 3660 3886 3729">
     <span class='ocr_line' id='line_1_51' title="bbox 2320 3660 3886 3729; baseline -0.001 -14"><span class='ocrx_word' id='word_1_372' title='bbox 2320 3676 2439 3715; x_wconf 76' lang='lat' dir='ltr'><strong>catn</strong></span> <span class='ocrx_word' id='word_1_373' title='bbox 2470 3660 2732 3723; x_wconf 66' lang='lat' dir='ltr'><strong>haeresim,</strong></span> <span class='ocrx_word' id='word_1_374' title='bbox 2766 3661 2991 3729; x_wconf 87' lang='lat' dir='ltr'><strong>primam</strong></span> <span class='ocrx_word' id='word_1_375' title='bbox 3014 3660 3249 3712; x_wconf 89' lang='lat' dir='ltr'><strong>omnium</strong></span> <span class='ocrx_word' id='word_1_376' title='bbox 3283 3660 3644 3713; x_wconf 66' lang='lat' dir='ltr'><strong>hmreseorum</strong></span> <span class='ocrx_word' id='word_1_377' title='bbox 3674 3675 3737 3712; x_wconf 78' lang='lat' dir='ltr'><strong>ex</strong></span> <span class='ocrx_word' id='word_1_378' title='bbox 3764 3660 3886 3714; x_wconf 83' lang='lat' dir='ltr'><strong>imis</strong></span> 
     </span>
    </p>
   </div>
   <div class='ocr_carea' id='block_1_52' title="bbox 2318 3750 3885 3817">
    <p class='ocr_par' dir='ltr' id='par_1_52' title="bbox 2318 3750 3885 3817">
     <span class='ocr_line' id='line_1_52' title="bbox 2318 3750 3885 3817; baseline 0 -14"><span class='ocrx_word' id='word_1_379' title='bbox 2318 3750 2515 3803; x_wconf 86' lang='lat' dir='ltr'><strong>diaboli</strong></span> <span class='ocrx_word' id='word_1_380' title='bbox 2566 3750 2859 3802; x_wconf 80' lang='lat' dir='ltr'><strong>visceribus</strong></span> <span class='ocrx_word' id='word_1_381' title='bbox 2907 3758 3302 3817; x_wconf 86' lang='lat' dir='ltr'><strong>erumpentem,</strong></span> <span class='ocrx_word' id='word_1_382' title='bbox 3356 3764 3581 3817; x_wconf 71' lang='lat' dir='ltr'><strong>seseque</strong></span> <span class='ocrx_word' id='word_1_383' title='bbox 3626 3750 3885 3804; x_wconf 83' lang='lat' dir='ltr'><strong>adversus</strong></span> 
     </span>
    </p>
   </div>
   <div class='ocr_carea' id='block_1_53' title="bbox 2316 3837 3879 3919">
    <p class='ocr_par' dir='ltr' id='par_1_53' title="bbox 2316 3837 3879 3919">
     <span class='ocr_line' id='line_1_53' title="bbox 2316 3837 3879 3919; baseline -0.002 -26"><span class='ocrx_word' id='word_1_384' title='bbox 2316 3839 2590 3919; x_wconf 58' lang='lat' dir='ltr'><strong>nascentis</strong></span> <span class='ocrx_word' id='word_1_385' title='bbox 2618 3837 2868 3891; x_wconf 75' lang='lat' dir='ltr'><strong>Ecclesia:</strong></span> <span class='ocrx_word' id='word_1_386' title='bbox 2916 3838 3152 3907; x_wconf 76' lang='lat' dir='ltr'><strong>regulam</strong></span> <span class='ocrx_word' id='word_1_387' title='bbox 3194 3840 3485 3893; x_wconf 74' lang='lat' dir='ltr'><strong>exitialiter</strong></span> <span class='ocrx_word' id='word_1_388' title='bbox 3511 3840 3879 3894; x_wconf 71' lang='lat' dir='ltr'><strong>extollentem.</strong></span> 
     </span>
    </p>
   </div>
   <div class='ocr_carea' id='block_1_54' title="bbox 2319 3925 3883 3997">
    <p class='ocr_par' dir='ltr' id='par_1_54' title="bbox 2319 3925 3883 3997">
     <span class='ocr_line' id='line_1_54' title="bbox 2319 3925 3883 3997; baseline 0.001 -18"><span class='ocrx_word' id='word_1_389' title='bbox 2319 3926 2450 3992; x_wconf 66' lang='lat' dir='ltr'><strong>Quae</strong></span> <span class='ocrx_word' id='word_1_390' title='bbox 2496 3926 2745 3979; x_wconf 83' lang='lat' dir='ltr'><strong>nimirum</strong></span> <span class='ocrx_word' id='word_1_391' title='bbox 2791 3926 2966 3977; x_wconf 89' lang='lat' dir='ltr'><strong>adhuc</strong></span> <span class='ocrx_word' id='word_1_392' title='bbox 3012 3933 3077 3977; x_wconf 71' lang='lat' dir='ltr'><strong>ex</strong></span> <span class='ocrx_word' id='word_1_393' title='bbox 3127 3925 3239 3993; x_wconf 87' lang='lat' dir='ltr'><strong>ipso</strong></span> <span class='ocrx_word' id='word_1_394' title='bbox 3273 3927 3464 3979; x_wconf 88' lang='lat' dir='ltr'><strong>diaboli</strong></span> <span class='ocrx_word' id='word_1_395' title='bbox 3501 3925 3620 3980; x_wconf 82' lang='lat' dir='ltr'><strong>felle</strong></span> <span class='ocrx_word' id='word_1_396' title='bbox 3660 3943 3883 3997; x_wconf 80' lang='lat' dir='ltr'><strong>progre-</strong></span> 
     </span>
    </p>
   </div>
   <div class='ocr_carea' id='block_1_55' title="bbox 2320 4012 3885 4082">
    <p class='ocr_par' dir='ltr' id='par_1_55' title="bbox 2320 4012 3885 4082">
     <span class='ocr_line' id='line_1_55' title="bbox 2320 4012 3885 4082; baseline -0.001 -12"><span class='ocrx_word' id='word_1_397' title='bbox 2320 4018 2484 4077; x_wconf 89' lang='lat' dir='ltr'><strong>ditttr,</strong></span> <span class='ocrx_word' id='word_1_398' title='bbox 2511 4023 2563 4069; x_wconf 89' lang='lat' dir='ltr'><strong>et</strong></span> <span class='ocrx_word' id='word_1_399' title='bbox 2592 4015 2644 4067; x_wconf 91' lang='lat' dir='ltr'><strong>in</strong></span> <span class='ocrx_word' id='word_1_400' title='bbox 2681 4014 2995 4081; x_wconf 81' lang='lat' dir='ltr'><strong>perditionis</strong></span> <span class='ocrx_word' id='word_1_401' title='bbox 3027 4012 3164 4067; x_wconf 82' lang='lat' dir='ltr'><strong>ﬁlios</strong></span> <span class='ocrx_word' id='word_1_402' title='bbox 3206 4015 3645 4082; x_wconf 83' lang='lat' dir='ltr'><strong>pestilentissimo</strong></span> <span class='ocrx_word' id='word_1_403' title='bbox 3676 4017 3885 4069; x_wconf 85' lang='lat' dir='ltr'><strong>deriva-</strong></span> 
     </span>
    </p>
   </div>
   <div class='ocr_carea' id='block_1_56' title="bbox 2320 4105 3883 4173">
    <p class='ocr_par' dir='ltr' id='par_1_56' title="bbox 2320 4105 3883 4173">
     <span class='ocr_line' id='line_1_56' title="bbox 2320 4105 3883 4173; baseline 0.001 -14"><span class='ocrx_word' id='word_1_404' title='bbox 2320 4118 2431 4160; x_wconf 85' lang='lat' dir='ltr'><strong>tur.</strong></span> <span class='ocrx_word' id='word_1_405' title='bbox 2470 4105 2632 4173; x_wconf 83' lang='lat' dir='ltr'><strong>Cujus</strong></span> <span class='ocrx_word' id='word_1_406' title='bbox 2679 4106 2884 4158; x_wconf 81' lang='lat' dir='ltr'><strong>scilieet</strong></span> <span class='ocrx_word' id='word_1_407' title='bbox 2932 4106 3137 4157; x_wconf 82' lang='lat' dir='ltr'><strong>auctori</strong></span> <span class='ocrx_word' id='word_1_408' title='bbox 3178 4120 3273 4171; x_wconf 83' lang='lat' dir='ltr'><strong>per</strong></span> <span class='ocrx_word' id='word_1_409' title='bbox 3302 4105 3519 4158; x_wconf 81' lang='lat' dir='ltr'><strong>Petrum</strong></span> <span class='ocrx_word' id='word_1_410' title='bbox 3561 4107 3793 4160; x_wconf 86' lang='lat' dir='ltr'><strong>dicitur:</strong></span> <span class='ocrx_word' id='word_1_411' title='bbox 3827 4106 3883 4160; x_wconf 81' lang='lat' dir='ltr'><strong>in</strong></span> 
     </span>
    </p>
   </div>
   <div class='ocr_carea' id='block_1_57' title="bbox 2322 4194 3885 4263">
    <p class='ocr_par' dir='ltr' id='par_1_57' title="bbox 2322 4194 3885 4263">
     <span class='ocr_line' id='line_1_57' title="bbox 2322 4194 3885 4263; baseline -0.001 -12"><span class='ocrx_word' id='word_1_412' title='bbox 2322 4197 2445 4254; x_wconf 83' lang='lat' dir='ltr'><strong>felle</strong></span> <span class='ocrx_word' id='word_1_413' title='bbox 2473 4196 2868 4258; x_wconf 80' lang='lat' dir='ltr'><strong>amaritudinis,</strong></span> <span class='ocrx_word' id='word_1_414' title='bbox 2894 4204 2946 4247; x_wconf 91' lang='lat' dir='ltr'><strong>et</strong></span> <span class='ocrx_word' id='word_1_415' title='bbox 2975 4194 3024 4246; x_wconf 90' lang='lat' dir='ltr'><strong>in</strong></span> <span class='ocrx_word' id='word_1_416' title='bbox 3056 4194 3379 4262; x_wconf 79' lang='lat' dir='ltr'><strong>obligatione</strong></span> <span class='ocrx_word' id='word_1_417' title='bbox 3407 4197 3609 4263; x_wconf 87' lang='lat' dir='ltr'><strong>peccati</strong></span> <span class='ocrx_word' id='word_1_418' title='bbox 3645 4196 3799 4249; x_wconf 82' lang='lat' dir='ltr'><strong>video</strong></span> <span class='ocrx_word' id='word_1_419' title='bbox 3832 4205 3885 4251; x_wconf 84' lang='lat' dir='ltr'><strong>te</strong></span> 
     </span>
    </p>
   </div>
   <div class='ocr_carea' id='block_1_58' title="bbox 2316 4284 3880 4357">
    <p class='ocr_par' dir='ltr' id='par_1_58' title="bbox 2316 4284 3880 4357">
     <span class='ocr_line' id='line_1_58' title="bbox 2316 4284 3880 4357; baseline 0.001 -17"><span class='ocrx_word' id='word_1_420' title='bbox 2316 4298 2437 4344; x_wconf 77' lang='lat' dir='ltr'><strong>esse</strong></span> <span class='ocrx_word' id='word_1_421' title='bbox 2483 4286 2617 4357; x_wconf 80' lang='lat' dir='ltr'><strong>(Act.</strong></span> <span class='ocrx_word' id='word_1_422' title='bbox 2645 4285 2781 4354; x_wconf 87' lang='lat' dir='ltr'><strong>vm).</strong></span> <span class='ocrx_word' id='word_1_423' title='bbox 2823 4284 2954 4351; x_wconf 85' lang='lat' dir='ltr'><strong>Quia</strong></span> <span class='ocrx_word' id='word_1_424' title='bbox 3004 4299 3129 4339; x_wconf 86' lang='lat' dir='ltr'><strong>vero</strong></span> <span class='ocrx_word' id='word_1_425' title='bbox 3179 4285 3247 4337; x_wconf 88' lang='lat' dir='ltr'><strong>fel</strong></span> <span class='ocrx_word' id='word_1_426' title='bbox 3280 4285 3522 4338; x_wconf 88' lang='lat' dir='ltr'><strong>columba</strong></span> <span class='ocrx_word' id='word_1_427' title='bbox 3558 4301 3659 4340; x_wconf 92' lang='lat' dir='ltr'><strong>non</strong></span> <span class='ocrx_word' id='word_1_428' title='bbox 3698 4288 3880 4351; x_wconf 88' lang='lat' dir='ltr'><strong>habet,</strong></span> 
     </span>
    </p>
   </div>
   <div class='ocr_carea' id='block_1_59' title="bbox 2320 4376 3883 4449">
    <p class='ocr_par' dir='ltr' id='par_1_59' title="bbox 2320 4376 3883 4449">
     <span class='ocr_line' id='line_1_59' title="bbox 2320 4376 3883 4449; baseline -0.001 -16"><span class='ocrx_word' id='word_1_429' title='bbox 2320 4379 2552 4448; x_wconf 87' lang='lat' dir='ltr'><strong>Spiritus</strong></span> <span class='ocrx_word' id='word_1_430' title='bbox 2602 4388 2778 4430; x_wconf 87' lang='lat' dir='ltr'><strong>autem</strong></span> <span class='ocrx_word' id='word_1_431' title='bbox 2830 4386 3046 4430; x_wconf 86' lang='lat' dir='ltr'><strong>sanctus</strong></span> <span class='ocrx_word' id='word_1_432' title='bbox 3091 4376 3142 4429; x_wconf 90' lang='lat' dir='ltr'><strong>in</strong></span> <span class='ocrx_word' id='word_1_433' title='bbox 3192 4376 3449 4429; x_wconf 64' lang='lat' dir='ltr'><strong>columbae</strong></span> <span class='ocrx_word' id='word_1_434' title='bbox 3499 4378 3679 4443; x_wconf 86' lang='lat' dir='ltr'><strong>specie</strong></span> <span class='ocrx_word' id='word_1_435' title='bbox 3722 4392 3883 4449; x_wconf 80' lang='lat' dir='ltr'><strong>super</strong></span> 
     </span>
    </p>
   </div>
   <div class='ocr_carea' id='block_1_60' title="bbox 2320 4466 3882 4534">
    <p class='ocr_par' dir='ltr' id='par_1_60' title="bbox 2320 4466 3882 4534">
     <span class='ocr_line' id='line_1_60' title="bbox 2320 4466 3882 4534; baseline -0.003 -9"><span class='ocrx_word' id='word_1_436' title='bbox 2320 4468 2604 4525; x_wconf 82' lang='lat' dir='ltr'><strong>Dominum</strong></span> <span class='ocrx_word' id='word_1_437' title='bbox 2636 4468 2781 4520; x_wconf 78' lang='lat' dir='ltr'><strong>venit</strong></span> <span class='ocrx_word' id='word_1_438' title='bbox 2811 4466 3024 4534; x_wconf 75' lang='lat' dir='ltr'><strong>(Matth.</strong></span> <span class='ocrx_word' id='word_1_439' title='bbox 3051 4466 3153 4533; x_wconf 80' lang='lat' dir='ltr'><strong>tu),</strong></span> <span class='ocrx_word' id='word_1_440' title='bbox 3181 4466 3330 4533; x_wconf 84' lang='lat' dir='ltr'><strong>isque</strong></span> <span class='ocrx_word' id='word_1_441' title='bbox 3360 4466 3716 4519; x_wconf 86' lang='lat' dir='ltr'><strong>amaritudine</strong></span> <span class='ocrx_word' id='word_1_442' title='bbox 3744 4466 3882 4520; x_wconf 84' lang='lat' dir='ltr'><strong>fellis</strong></span> 
     </span>
    </p>
   </div>
   <div class='ocr_carea' id='block_1_61' title="bbox 2322 4555 3875 4623">
    <p class='ocr_par' dir='ltr' id='par_1_61' title="bbox 2322 4555 3875 4623">
     <span class='ocr_line' id='line_1_61' title="bbox 2322 4555 3875 4623; baseline -0.003 -10"><span class='ocrx_word' id='word_1_443' title='bbox 2322 4558 2590 4617; x_wconf 86' lang='lat' dir='ltr'><strong>intumuit,</strong></span> <span class='ocrx_word' id='word_1_444' title='bbox 2623 4556 2909 4610; x_wconf 88' lang='lat' dir='ltr'><strong>columbini</strong></span> <span class='ocrx_word' id='word_1_445' title='bbox 2940 4555 3158 4622; x_wconf 87' lang='lat' dir='ltr'><strong>spiritus</strong></span> <span class='ocrx_word' id='word_1_446' title='bbox 3187 4570 3355 4623; x_wconf 81' lang='lat' dir='ltr'><strong>capax</strong></span> <span class='ocrx_word' id='word_1_447' title='bbox 3400 4569 3519 4608; x_wconf 80' lang='lat' dir='ltr'><strong>esse</strong></span> <span class='ocrx_word' id='word_1_448' title='bbox 3549 4568 3653 4607; x_wconf 91' lang='lat' dir='ltr'><strong>non</strong></span> <span class='ocrx_word' id='word_1_449' title='bbox 3685 4555 3875 4623; x_wconf 89' lang='lat' dir='ltr'><strong>potuit.</strong></span> 
     </span>
    </p>
   </div>
   <div class='ocr_carea' id='block_1_62' title="bbox 3986 3389 5543 3460">
    <p class='ocr_par' dir='ltr' id='par_1_62' title="bbox 3986 3389 5543 3460">
     <span class='ocr_line' id='line_1_62' title="bbox 3986 3389 5543 3460; baseline 0.003 -18"><span class='ocrx_word' id='word_1_450' title='bbox 3986 3400 4400 3455; x_wconf 65' lang='lat' dir='ltr'><strong>permanerent;</strong></span> <span class='ocrx_word' id='word_1_451' title='bbox 4429 3398 4483 3443; x_wconf 90' lang='lat' dir='ltr'><strong>et</strong></span> <span class='ocrx_word' id='word_1_452' title='bbox 4516 3398 4643 3443; x_wconf 87' lang='lat' dir='ltr'><strong>tunc</strong></span> <span class='ocrx_word' id='word_1_453' title='bbox 4671 3406 4818 3453; x_wconf 88' lang='lat' dir='ltr'><strong>vero,</strong></span> <span class='ocrx_word' id='word_1_454' title='bbox 4866 3400 4919 3443; x_wconf 91' lang='lat' dir='ltr'><strong>et</strong></span> <span class='ocrx_word' id='word_1_455' title='bbox 4956 3391 5204 3457; x_wconf 85' lang='lat' dir='ltr'><strong>deinceps</strong></span> <span class='ocrx_word' id='word_1_456' title='bbox 5242 3389 5543 3460; x_wconf 83' lang='lat' dir='ltr'><strong>quicunque</strong></span> 
     </span>
    </p>
   </div>
   <div class='ocr_carea' id='block_1_63' title="bbox 3983 3477 5539 3546">
    <p class='ocr_par' dir='ltr' id='par_1_63' title="bbox 3983 3477 5539 3546">
     <span class='ocr_line' id='line_1_63' title="bbox 3983 3477 5539 3546; baseline 0.003 -17"><span class='ocrx_word' id='word_1_457' title='bbox 3983 3492 4040 3529; x_wconf 81' lang='lat' dir='ltr'><strong>se</strong></span> <span class='ocrx_word' id='word_1_458' title='bbox 4067 3484 4339 3543; x_wconf 67' lang='lat' dir='ltr'><strong>pateretur</strong></span> <span class='ocrx_word' id='word_1_459' title='bbox 4373 3493 4401 3529; x_wconf 89' lang='lat' dir='ltr'><strong>a</strong></span> <span class='ocrx_word' id='word_1_460' title='bbox 4435 3477 4740 3531; x_wconf 72' lang='lat' dir='ltr'><strong>SEmOniaco</strong></span> <span class='ocrx_word' id='word_1_461' title='bbox 4774 3478 5012 3545; x_wconf 85' lang='lat' dir='ltr'><strong>provehi.</strong></span> <span class='ocrx_word' id='word_1_462' title='bbox 5056 3479 5128 3530; x_wconf 90' lang='lat' dir='ltr'><strong>nil</strong></span> <span class='ocrx_word' id='word_1_463' title='bbox 5156 3482 5364 3546; x_wconf 84' lang='lat' dir='ltr'><strong>penitus</strong></span> <span class='ocrx_word' id='word_1_464' title='bbox 5388 3494 5453 3532; x_wconf 79' lang='lat' dir='ltr'><strong>ex</strong></span> <span class='ocrx_word' id='word_1_465' title='bbox 5480 3495 5539 3533; x_wconf 87' lang='lat' dir='ltr'><strong>ea</strong></span> 
     </span>
    </p>
   </div>
   <div class='ocr_carea' id='block_1_64' title="bbox 3984 3568 5539 3639">
    <p class='ocr_par' dir='ltr' id='par_1_64' title="bbox 3984 3568 5539 3639">
     <span class='ocr_line' id='line_1_64' title="bbox 3984 3568 5539 3639; baseline 0.003 -18"><span class='ocrx_word' id='word_1_466' title='bbox 3984 3568 4201 3621; x_wconf 85' lang='lat' dir='ltr'><strong>deberet</strong></span> <span class='ocrx_word' id='word_1_467' title='bbox 4242 3569 4576 3636; x_wconf 83' lang='lat' dir='ltr'><strong>promotione</strong></span> <span class='ocrx_word' id='word_1_468' title='bbox 4620 3568 4841 3631; x_wconf 89' lang='lat' dir='ltr'><strong>lucrari,</strong></span> <span class='ocrx_word' id='word_1_469' title='bbox 4872 3579 4924 3623; x_wconf 91' lang='lat' dir='ltr'><strong>et</strong></span> <span class='ocrx_word' id='word_1_470' title='bbox 4949 3570 5025 3622; x_wconf 85' lang='lat' dir='ltr'><strong>sic</strong></span> <span class='ocrx_word' id='word_1_471' title='bbox 5057 3569 5394 3623; x_wconf 84' lang='lat' dir='ltr'><strong>ministrandi</strong></span> <span class='ocrx_word' id='word_1_472' title='bbox 5417 3572 5539 3639; x_wconf 85' lang='lat' dir='ltr'><strong>jura</strong></span> 
     </span>
    </p>
   </div>
   <div class='ocr_carea' id='block_1_65' title="bbox 3984 3660 5537 3730">
    <p class='ocr_par' dir='ltr' id='par_1_65' title="bbox 3984 3660 5537 3730">
     <span class='ocr_line' id='line_1_65' title="bbox 3984 3660 5537 3730; baseline 0.003 -18"><span class='ocrx_word' id='word_1_473' title='bbox 3984 3660 4295 3726; x_wconf 82' lang='lat' dir='ltr'><strong>deponeret,</strong></span> <span class='ocrx_word' id='word_1_474' title='bbox 4342 3670 4593 3727; x_wconf 77' lang='lat' dir='ltr'><strong>tanquam</strong></span> <span class='ocrx_word' id='word_1_475' title='bbox 4625 3662 4668 3713; x_wconf 89' lang='lat' dir='ltr'><strong>si</strong></span> <span class='ocrx_word' id='word_1_476' title='bbox 4712 3662 4825 3714; x_wconf 68' lang='lat' dir='ltr'><strong>haec</strong></span> <span class='ocrx_word' id='word_1_477' title='bbox 4858 3661 5155 3714; x_wconf 88' lang='lat' dir='ltr'><strong>nullatenus</strong></span> <span class='ocrx_word' id='word_1_478' title='bbox 5199 3664 5537 3730; x_wconf 86' lang='lat' dir='ltr'><strong>percepisset.</strong></span> 
     </span>
    </p>
   </div>
   <div class='ocr_carea' id='block_1_66' title="bbox 3986 3745 5541 3819">
    <p class='ocr_par' dir='ltr' id='par_1_66' title="bbox 3986 3745 5541 3819">
     <span class='ocr_line' id='line_1_66' title="bbox 3986 3745 5541 3819; baseline 0.003 -21"><span class='ocrx_word' id='word_1_479' title='bbox 3986 3745 4097 3799; x_wconf 81' lang='lat' dir='ltr'><strong>Hac</strong></span> <span class='ocrx_word' id='word_1_480' title='bbox 4128 3748 4307 3815; x_wconf 87' lang='lat' dir='ltr'><strong>itaque</strong></span> <span class='ocrx_word' id='word_1_481' title='bbox 4336 3749 4539 3800; x_wconf 83' lang='lat' dir='ltr'><strong>ratione</strong></span> <span class='ocrx_word' id='word_1_482' title='bbox 4562 3750 4670 3816; x_wconf 86' lang='lat' dir='ltr'><strong>jam</strong></span> <span class='ocrx_word' id='word_1_483' title='bbox 4698 3764 4800 3802; x_wconf 91' lang='lat' dir='ltr'><strong>non</strong></span> <span class='ocrx_word' id='word_1_484' title='bbox 4832 3750 4988 3802; x_wconf 88' lang='lat' dir='ltr'><strong>modo</strong></span> <span class='ocrx_word' id='word_1_485' title='bbox 5014 3748 5342 3804; x_wconf 84' lang='lat' dir='ltr'><strong>Simoniacos</strong></span> <span class='ocrx_word' id='word_1_486' title='bbox 5370 3767 5541 3819; x_wconf 86' lang='lat' dir='ltr'><strong>repro-</strong></span> 
     </span>
    </p>
   </div>
   <div class='ocr_carea' id='block_1_67' title="bbox 3984 3832 5541 3902">
    <p class='ocr_par' dir='ltr' id='par_1_67' title="bbox 3984 3832 5541 3902">
     <span class='ocr_line' id='line_1_67' title="bbox 3984 3832 5541 3902; baseline 0.005 -17"><span class='ocrx_word' id='word_1_487' title='bbox 3984 3832 4192 3895; x_wconf 86' lang='lat' dir='ltr'><strong>bamus,</strong></span> <span class='ocrx_word' id='word_1_488' title='bbox 4229 3836 4320 3887; x_wconf 82' lang='lat' dir='ltr'><strong>sed</strong></span> <span class='ocrx_word' id='word_1_489' title='bbox 4346 3844 4400 3888; x_wconf 92' lang='lat' dir='ltr'><strong>et</strong></span> <span class='ocrx_word' id='word_1_490' title='bbox 4424 3849 4517 3902; x_wconf 89' lang='lat' dir='ltr'><strong>per</strong></span> <span class='ocrx_word' id='word_1_491' title='bbox 4541 3851 4633 3889; x_wconf 87' lang='lat' dir='ltr'><strong>eos</strong></span> <span class='ocrx_word' id='word_1_492' title='bbox 4666 3836 4903 3889; x_wconf 75' lang='lat' dir='ltr'><strong>exhibita</strong></span> <span class='ocrx_word' id='word_1_493' title='bbox 4945 3847 5277 3891; x_wconf 79' lang='lat' dir='ltr'><strong>sacramenta</strong></span> <span class='ocrx_word' id='word_1_494' title='bbox 5307 3849 5541 3893; x_wconf 81' lang='lat' dir='ltr'><strong>contem-</strong></span> 
     </span>
    </p>
   </div>
   <div class='ocr_carea' id='block_1_68' title="bbox 3984 3927 5538 3997">
    <p class='ocr_par' dir='ltr' id='par_1_68' title="bbox 3984 3927 5538 3997">
     <span class='ocr_line' id='line_1_68' title="bbox 3984 3927 5538 3997; baseline 0.005 -17"><span class='ocrx_word' id='word_1_495' title='bbox 3984 3927 4181 3980; x_wconf 86' lang='lat' dir='ltr'><strong>nimus.</strong></span> <span class='ocrx_word' id='word_1_496' title='bbox 4233 3927 4357 3982; x_wconf 74' lang='lat' dir='ltr'><strong>Hmc</strong></span> <span class='ocrx_word' id='word_1_497' title='bbox 4394 3930 4591 3997; x_wconf 90' lang='lat' dir='ltr'><strong>itaque.</strong></span> <span class='ocrx_word' id='word_1_498' title='bbox 4623 3930 4667 3983; x_wconf 86' lang='lat' dir='ltr'><strong>si</strong></span> <span class='ocrx_word' id='word_1_499' title='bbox 4694 3929 4843 3983; x_wconf 86' lang='lat' dir='ltr'><strong>obliti</strong></span> <span class='ocrx_word' id='word_1_500' title='bbox 4892 3944 4996 3983; x_wconf 92' lang='lat' dir='ltr'><strong>nou</strong></span> <span class='ocrx_word' id='word_1_501' title='bbox 5044 3932 5194 3993; x_wconf 89' lang='lat' dir='ltr'><strong>estis,</strong></span> <span class='ocrx_word' id='word_1_502' title='bbox 5236 3932 5414 3986; x_wconf 85' lang='lat' dir='ltr'><strong>omnia</strong></span> <span class='ocrx_word' id='word_1_503' title='bbox 5460 3948 5538 3987; x_wconf 74' lang='lat' dir='ltr'><strong>me</strong></span> 
     </span>
    </p>
   </div>
   <div class='ocr_carea' id='block_1_69' title="bbox 3983 4019 5539 4091">
    <p class='ocr_par' dir='ltr' id='par_1_69' title="bbox 3983 4019 5539 4091">
     <span class='ocr_line' id='line_1_69' title="bbox 3983 4019 5539 4091; baseline 0.004 -19"><span class='ocrx_word' id='word_1_504' title='bbox 3983 4019 4119 4073; x_wconf 82' lang='lat' dir='ltr'><strong>vivis</strong></span> <span class='ocrx_word' id='word_1_505' title='bbox 4147 4022 4367 4073; x_wconf 87' lang='lat' dir='ltr'><strong>vocibus</strong></span> <span class='ocrx_word' id='word_1_506' title='bbox 4396 4020 4759 4089; x_wconf 80' lang='lat' dir='ltr'><strong>proferentem</strong></span> <span class='ocrx_word' id='word_1_507' title='bbox 4803 4020 5113 4091; x_wconf 87' lang='lat' dir='ltr'><strong>frequenter</strong></span> <span class='ocrx_word' id='word_1_508' title='bbox 5150 4022 5395 4078; x_wconf 75' lang='lat' dir='ltr'><strong>audistis.</strong></span> <span class='ocrx_word' id='word_1_509' title='bbox 5424 4024 5539 4078; x_wconf 71' lang='lat' dir='ltr'><strong>Non</strong></span> 
     </span>
    </p>
   </div>
   <div class='ocr_carea' id='block_1_70' title="bbox 3984 4110 5541 4181">
    <p class='ocr_par' dir='ltr' id='par_1_70' title="bbox 3984 4110 5541 4181">
     <span class='ocr_line' id='line_1_70' title="bbox 3984 4110 5541 4181; baseline 0.005 -20"><span class='ocrx_word' id='word_1_510' title='bbox 3984 4110 4125 4162; x_wconf 89' lang='lat' dir='ltr'><strong>enim</strong></span> <span class='ocrx_word' id='word_1_511' title='bbox 4158 4110 4260 4162; x_wconf 85' lang='lat' dir='ltr'><strong>alia</strong></span> <span class='ocrx_word' id='word_1_512' title='bbox 4309 4110 4619 4176; x_wconf 89' lang='lat' dir='ltr'><strong>scribimus,</strong></span> <span class='ocrx_word' id='word_1_513' title='bbox 4664 4126 4827 4179; x_wconf 90' lang='lat' dir='ltr'><strong>quam</strong></span> <span class='ocrx_word' id='word_1_514' title='bbox 4868 4125 4987 4181; x_wconf 70' lang='lat' dir='ltr'><strong>qua:</strong></span> <span class='ocrx_word' id='word_1_515' title='bbox 5030 4111 5190 4166; x_wconf 91' lang='lat' dir='ltr'><strong>locuti</strong></span> <span class='ocrx_word' id='word_1_516' title='bbox 5237 4127 5440 4169; x_wconf 86' lang='lat' dir='ltr'><strong>sumus.</strong></span> <span class='ocrx_word' id='word_1_517' title='bbox 5485 4115 5541 4169; x_wconf 89' lang='lat' dir='ltr'><strong>Si</strong></span> 
     </span>
    </p>
   </div>
   <div class='ocr_carea' id='block_1_71' title="bbox 3986 4198 5540 4270">
    <p class='ocr_par' dir='ltr' id='par_1_71' title="bbox 3986 4198 5540 4270">
     <span class='ocr_line' id='line_1_71' title="bbox 3986 4198 5540 4270; baseline 0.003 -19"><span class='ocrx_word' id='word_1_518' title='bbox 3986 4214 4113 4267; x_wconf 83' lang='lat' dir='ltr'><strong>ergo</strong></span> <span class='ocrx_word' id='word_1_519' title='bbox 4142 4213 4241 4267; x_wconf 80' lang='lat' dir='ltr'><strong>ego</strong></span> <span class='ocrx_word' id='word_1_520' title='bbox 4269 4208 4321 4252; x_wconf 90' lang='lat' dir='ltr'><strong>et</strong></span> <span class='ocrx_word' id='word_1_521' title='bbox 4347 4214 4441 4252; x_wconf 84' lang='lat' dir='ltr'><strong>vos</strong></span> <span class='ocrx_word' id='word_1_522' title='bbox 4469 4200 4533 4253; x_wconf 90' lang='lat' dir='ltr'><strong>de</strong></span> <span class='ocrx_word' id='word_1_523' title='bbox 4560 4198 4903 4264; x_wconf 82' lang='lat' dir='ltr'><strong>Simoniacis,</strong></span> <span class='ocrx_word' id='word_1_524' title='bbox 4930 4214 5219 4270; x_wconf 87' lang='lat' dir='ltr'><strong>eorumque</strong></span> <span class='ocrx_word' id='word_1_525' title='bbox 5246 4202 5540 4270; x_wconf 89' lang='lat' dir='ltr'><strong>reproban-</strong></span> 
     </span>
    </p>
   </div>
   <div class='ocr_carea' id='block_1_72' title="bbox 3985 4288 5543 4356">
    <p class='ocr_par' dir='ltr' id='par_1_72' title="bbox 3985 4288 5543 4356">
     <span class='ocr_line' id='line_1_72' title="bbox 3985 4288 5543 4356; baseline 0.002 -16"><span class='ocrx_word' id='word_1_526' title='bbox 3985 4288 4066 4341; x_wconf 88' lang='lat' dir='ltr'><strong>dis</strong></span> <span class='ocrx_word' id='word_1_527' title='bbox 4096 4288 4147 4340; x_wconf 91' lang='lat' dir='ltr'><strong>in</strong></span> <span class='ocrx_word' id='word_1_528' title='bbox 4180 4297 4450 4356; x_wconf 90' lang='lat' dir='ltr'><strong>posterum</strong></span> <span class='ocrx_word' id='word_1_529' title='bbox 4481 4289 4977 4344; x_wconf 88' lang='lat' dir='ltr'><strong>consecrationibus</strong></span> <span class='ocrx_word' id='word_1_530' title='bbox 5015 4304 5115 4342; x_wconf 90' lang='lat' dir='ltr'><strong>una</strong></span> <span class='ocrx_word' id='word_1_531' title='bbox 5146 4294 5410 4343; x_wconf 83' lang='lat' dir='ltr'><strong>sententia</strong></span> <span class='ocrx_word' id='word_1_532' title='bbox 5439 4294 5543 4345; x_wconf 91' lang='lat' dir='ltr'><strong>nti-</strong></span> 
     </span>
    </p>
   </div>
   <div class='ocr_carea' id='block_1_73' title="bbox 3984 4377 5543 4446">
    <p class='ocr_par' dir='ltr' id='par_1_73' title="bbox 3984 4377 5543 4446">
     <span class='ocr_line' id='line_1_73' title="bbox 3984 4377 5543 4446; baseline 0.003 -19"><span class='ocrx_word' id='word_1_533' title='bbox 3984 4392 4087 4445; x_wconf 90' lang='lat' dir='ltr'><strong>que</strong></span> <span class='ocrx_word' id='word_1_534' title='bbox 4116 4377 4481 4446; x_wconf 80' lang='lat' dir='ltr'><strong>congruitnus,</strong></span> <span class='ocrx_word' id='word_1_535' title='bbox 4512 4393 4608 4431; x_wconf 88' lang='lat' dir='ltr'><strong>cur</strong></span> <span class='ocrx_word' id='word_1_536' title='bbox 4642 4378 4818 4432; x_wconf 87' lang='lat' dir='ltr'><strong>adhuc</strong></span> <span class='ocrx_word' id='word_1_537' title='bbox 4864 4378 5091 4432; x_wconf 83' lang='lat' dir='ltr'><strong>invicem</strong></span> <span class='ocrx_word' id='word_1_538' title='bbox 5124 4378 5425 4446; x_wconf 76' lang='lat' dir='ltr'><strong>litigamus?</strong></span> <span class='ocrx_word' id='word_1_539' title='bbox 5454 4379 5543 4432; x_wconf 84' lang='lat' dir='ltr'><strong>Est</strong></span> 
     </span>
    </p>
   </div>
   <div class='ocr_carea' id='block_1_74' title="bbox 3983 4462 5543 4537">
    <p class='ocr_par' dir='ltr' id='par_1_74' title="bbox 3983 4462 5543 4537">
     <span class='ocr_line' id='line_1_74' title="bbox 3983 4462 5543 4537; baseline 0.001 -17"><span class='ocrx_word' id='word_1_540' title='bbox 3983 4470 4139 4537; x_wconf 81' lang='lat' dir='ltr'><strong>plane</strong></span> <span class='ocrx_word' id='word_1_541' title='bbox 4171 4483 4331 4536; x_wconf 86' lang='lat' dir='ltr'><strong>super</strong></span> <span class='ocrx_word' id='word_1_542' title='bbox 4357 4469 4609 4537; x_wconf 80' lang='lat' dir='ltr'><strong>episcOpo</strong></span> <span class='ocrx_word' id='word_1_543' title='bbox 4638 4478 4817 4522; x_wconf 83' lang='lat' dir='ltr'><strong>vestro</strong></span> <span class='ocrx_word' id='word_1_544' title='bbox 4842 4462 5087 4537; x_wconf 56' lang='lat' dir='ltr'><strong>quiestio,</strong></span> <span class='ocrx_word' id='word_1_545' title='bbox 5115 4483 5271 4537; x_wconf 87' lang='lat' dir='ltr'><strong>quem</strong></span> <span class='ocrx_word' id='word_1_546' title='bbox 5294 4469 5543 4521; x_wconf 76' lang='lat' dir='ltr'><strong>videlicet</strong></span> 
     </span>
    </p>
   </div>
   <div class='ocr_carea' id='block_1_75' title="bbox 3986 4556 5538 4626">
    <p class='ocr_par' dir='ltr' id='par_1_75' title="bbox 3986 4556 5538 4626">
     <span class='ocr_line' id='line_1_75' title="bbox 3986 4556 5538 4626; baseline -0.001 -15"><span class='ocrx_word' id='word_1_547' title='bbox 3986 4557 4223 4613; x_wconf 81' lang='lat' dir='ltr'><strong>nonnulli</strong></span> <span class='ocrx_word' id='word_1_548' title='bbox 4275 4564 4510 4610; x_wconf 85' lang='lat' dir='ltr'><strong>vestrum</strong></span> <span class='ocrx_word' id='word_1_549' title='bbox 4573 4556 4859 4626; x_wconf 89' lang='lat' dir='ltr'><strong>opinantur</strong></span> <span class='ocrx_word' id='word_1_550' title='bbox 4914 4558 5170 4611; x_wconf 84' lang='lat' dir='ltr'><strong>venaliter</strong></span> <span class='ocrx_word' id='word_1_551' title='bbox 5227 4557 5538 4624; x_wconf 72' lang='lat' dir='ltr'><strong>irrepsisc,</strong></span> 
     </span>
    </p>
   </div>
   <div class='ocr_carea' id='block_1_76' title="bbox 2320 4616 5531 4725">
    <p class='ocr_par' dir='ltr' id='par_1_76' title="bbox 2320 4616 5531 4725">
     <span class='ocr_line' id='line_1_76' title="bbox 2320 4616 5531 4725; baseline 0.001 -27"><span class='ocrx_word' id='word_1_552' title='bbox 2320 4646 2659 4713; x_wconf 82' lang='lat' dir='ltr'><strong>Quapropter</strong></span> <span class='ocrx_word' id='word_1_553' title='bbox 2702 4658 2889 4697; x_wconf 89' lang='lat' dir='ltr'><strong>omnes</strong></span> <span class='ocrx_word' id='word_1_554' title='bbox 2938 4641 3097 4708; x_wconf 86' lang='lat' dir='ltr'><strong>hujus</strong></span> <span class='ocrx_word' id='word_1_555' title='bbox 3144 4638 3387 4696; x_wconf 77' lang='lat' dir='ltr'><strong>nefanda:</strong></span> <span class='ocrx_word' id='word_1_556' title='bbox 3427 4642 3693 4695; x_wconf 75' lang='lat' dir='ltr'><strong>hmreseos</strong></span> <span class='ocrx_word' id='word_1_557' title='bbox 3733 4653 3881 4711; x_wconf 87' lang='lat' dir='ltr'><strong>peste</strong></span> <span class='ocrx_word' id='word_1_558' title='bbox 3988 4647 4229 4702; x_wconf 88' lang='lat' dir='ltr'><strong>nonnulli</strong></span> <span class='ocrx_word' id='word_1_559' title='bbox 4261 4661 4386 4701; x_wconf 87' lang='lat' dir='ltr'><strong>vero</strong></span> <span class='ocrx_word' id='word_1_560' title='bbox 4430 4648 4628 4712; x_wconf 75' lang='lat' dir='ltr'><strong>gratis,</strong></span> <span class='ocrx_word' id='word_1_561' title='bbox 4660 4657 4716 4701; x_wconf 90' lang='lat' dir='ltr'><strong>et</strong></span> <span class='ocrx_word' id='word_1_562' title='bbox 4743 4662 4841 4717; x_wconf 87' lang='lat' dir='ltr'><strong>per</strong></span> <span class='ocrx_word' id='word_1_563' title='bbox 4866 4650 5059 4701; x_wconf 90' lang='lat' dir='ltr'><strong>ostium</strong></span> <span class='ocrx_word' id='word_1_564' title='bbox 5093 4648 5370 4711; x_wconf 85' lang='lat' dir='ltr'><strong>introisse,</strong></span> <span class='ocrx_word' id='word_1_565' title='bbox 5411 4665 5531 4701; x_wconf 88' lang='lat' dir='ltr'><strong>con-</strong></span> 
     </span>
    </p>
   </div>
   <div class='ocr_carea' id='block_1_77' title="bbox 2319 4731 3877 4803">
    <p class='ocr_par' dir='ltr' id='par_1_77' title="bbox 2319 4731 3877 4803">
     <span class='ocr_line' id='line_1_77' title="bbox 2319 4731 3877 4803; baseline -0.003 -15"><span class='ocrx_word' id='word_1_566' title='bbox 2319 4744 2624 4803; x_wconf 86' lang='lat' dir='ltr'><strong>curruptos,</strong></span> <span class='ocrx_word' id='word_1_567' title='bbox 2674 4734 2955 4786; x_wconf 76' lang='lat' dir='ltr'><strong>hmreticos</strong></span> <span class='ocrx_word' id='word_1_568' title='bbox 2990 4747 3112 4785; x_wconf 87' lang='lat' dir='ltr'><strong>esse</strong></span> <span class='ocrx_word' id='word_1_569' title='bbox 3158 4731 3524 4784; x_wconf 84' lang='lat' dir='ltr'><strong>indubitanter</strong></span> <span class='ocrx_word' id='word_1_570' title='bbox 3569 4734 3877 4797; x_wconf 86' lang='lat' dir='ltr'><strong>asserimus,</strong></span> 
     </span>
    </p>
   </div>
   <div class='ocr_carea' id='block_1_78' title="bbox 2317 4818 3878 4893">
    <p class='ocr_par' dir='ltr' id='par_1_78' title="bbox 2317 4818 3878 4893">
     <span class='ocr_line' id='line_1_78' title="bbox 2317 4818 3878 4893; baseline -0.001 -17"><span class='ocrx_word' id='word_1_571' title='bbox 2317 4839 2520 4893; x_wconf 81' lang='lat' dir='ltr'><strong>eosque</strong></span> <span class='ocrx_word' id='word_1_572' title='bbox 2547 4822 2878 4876; x_wconf 82' lang='lat' dir='ltr'><strong>dainnabilcs</strong></span> <span class='ocrx_word' id='word_1_573' title='bbox 2906 4836 3067 4887; x_wconf 82' lang='lat' dir='ltr'><strong>atque</strong></span> <span class='ocrx_word' id='word_1_574' title='bbox 3093 4835 3122 4873; x_wconf 88' lang='lat' dir='ltr'><strong>a</strong></span> <span class='ocrx_word' id='word_1_575' title='bbox 3144 4820 3254 4874; x_wconf 87' lang='lat' dir='ltr'><strong>suis</strong></span> <span class='ocrx_word' id='word_1_576' title='bbox 3276 4819 3538 4873; x_wconf 80' lang='lat' dir='ltr'><strong>arcendos</strong></span> <span class='ocrx_word' id='word_1_577' title='bbox 3565 4818 3878 4883; x_wconf 87' lang='lat' dir='ltr'><strong>honoribus,</strong></span> 
     </span>
    </p>
   </div>
   <div class='ocr_carea' id='block_1_79' title="bbox 2315 4907 3756 4983">
    <p class='ocr_par' dir='ltr' id='par_1_79' title="bbox 2315 4907 3756 4983">
     <span class='ocr_line' id='line_1_79' title="bbox 2315 4907 3756 4983; baseline -0.003 -17"><span class='ocrx_word' id='word_1_578' title='bbox 2315 4917 2466 4983; x_wconf 72' lang='lat' dir='ltr'><strong>juxta</strong></span> <span class='ocrx_word' id='word_1_579' title='bbox 2495 4927 2774 4967; x_wconf 78' lang='lat' dir='ltr'><strong>sacrorum</strong></span> <span class='ocrx_word' id='word_1_580' title='bbox 2804 4926 3066 4964; x_wconf 86' lang='lat' dir='ltr'><strong>canonum</strong></span> <span class='ocrx_word' id='word_1_581' title='bbox 3094 4913 3409 4973; x_wconf 76' lang='lat' dir='ltr'><strong>sententias,</strong></span> <span class='ocrx_word' id='word_1_582' title='bbox 3429 4907 3756 4977; x_wconf 71' lang='lat' dir='ltr'><strong>iudicamus.</strong></span> 
     </span>
    </p>
   </div>
   <div class='ocr_carea' id='block_1_80' title="bbox 2825 4998 3368 5055">
    <p class='ocr_par' dir='ltr' id='par_1_80' title="bbox 2825 4998 3368 5055">
     <span class='ocr_line' id='line_1_80' title="bbox 2825 4998 3368 5055; baseline -0.007 0"><span class='ocrx_word' id='word_1_583' title='bbox 2825 5000 3045 5055; x_wconf 77' lang='lat' dir='ltr'><strong>CAPUT</strong></span> <span class='ocrx_word' id='word_1_584' title='bbox 3084 4998 3368 5055; x_wconf 71' lang='lat' dir='ltr'><strong>PRIMUM.</strong></span> 
     </span>
    </p>
   </div>
   <div class='ocr_carea' id='block_1_81' title="bbox 2316 5090 3877 5160">
    <p class='ocr_par' dir='ltr' id='par_1_81' title="bbox 2316 5090 3877 5160">
     <span class='ocr_line' id='line_1_81' title="bbox 2316 5090 3877 5160; baseline -0.001 -13"><span class='ocrx_word' id='word_1_585' title='bbox 2316 5095 2403 5147; x_wconf 70' lang='lat' dir='ltr'><strong>Att</strong></span> <span class='ocrx_word' id='word_1_586' title='bbox 2435 5091 2677 5145; x_wconf 75' lang='lat' dir='ltr'><strong>Ecclesia:</strong></span> <span class='ocrx_word' id='word_1_587' title='bbox 2717 5090 3051 5144; x_wconf 79' lang='lat' dir='ltr'><strong>Sacramenta</strong></span> <span class='ocrx_word' id='word_1_588' title='bbox 3090 5108 3178 5160; x_wconf 79' lang='lat' dir='ltr'><strong>per</strong></span> <span class='ocrx_word' id='word_1_589' title='bbox 3216 5092 3379 5143; x_wconf 72' lang='lat' dir='ltr'><strong>malos</strong></span> <span class='ocrx_word' id='word_1_590' title='bbox 3410 5093 3634 5159; x_wconf 72' lang='lat' dir='ltr'><strong>conferri</strong></span> <span class='ocrx_word' id='word_1_591' title='bbox 3660 5093 3877 5160; x_wconf 72' lang='lat' dir='ltr'><strong>possint.</strong></span> 
     </span>
    </p>
   </div>
   <div class='ocr_carea' id='block_1_82' title="bbox 2395 5180 3880 5247">
    <p class='ocr_par' dir='ltr' id='par_1_82' title="bbox 2395 5180 3880 5247">
     <span class='ocr_line' id='line_1_82' title="bbox 2395 5180 3880 5247; baseline -0.001 -12"><span class='ocrx_word' id='word_1_592' title='bbox 2395 5181 2773 5235; x_wconf 76' lang='lat' dir='ltr'><strong>Verumtamen</strong></span> <span class='ocrx_word' id='word_1_593' title='bbox 2800 5188 2999 5231; x_wconf 81' lang='lat' dir='ltr'><strong>tantum</strong></span> <span class='ocrx_word' id='word_1_594' title='bbox 3030 5180 3215 5247; x_wconf 68' lang='lat' dir='ltr'><strong>gratim</strong></span> <span class='ocrx_word' id='word_1_595' title='bbox 3253 5180 3637 5247; x_wconf 82' lang='lat' dir='ltr'><strong>plenitudinem</strong></span> <span class='ocrx_word' id='word_1_596' title='bbox 3681 5194 3880 5234; x_wconf 75' lang='lat' dir='ltr'><strong>sanetze</strong></span> 
     </span>
    </p>
   </div>
   <div class='ocr_carea' id='block_1_83' title="bbox 2318 5272 3876 5341">
    <p class='ocr_par' dir='ltr' id='par_1_83' title="bbox 2318 5272 3876 5341">
     <span class='ocr_line' id='line_1_83' title="bbox 2318 5272 3876 5341; baseline -0.003 -11"><span class='ocrx_word' id='word_1_597' title='bbox 2318 5273 2570 5330; x_wconf 74' lang='lat' dir='ltr'><strong>Ecclesia:</strong></span> <span class='ocrx_word' id='word_1_598' title='bbox 2618 5274 2791 5326; x_wconf 81' lang='lat' dir='ltr'><strong>inesse</strong></span> <span class='ocrx_word' id='word_1_599' title='bbox 2821 5272 3161 5334; x_wconf 73' lang='lat' dir='ltr'><strong>confidimus,</strong></span> <span class='ocrx_word' id='word_1_600' title='bbox 3196 5284 3254 5324; x_wconf 90' lang='lat' dir='ltr'><strong>ut</strong></span> <span class='ocrx_word' id='word_1_601' title='bbox 3282 5274 3333 5325; x_wconf 91' lang='lat' dir='ltr'><strong>in</strong></span> <span class='ocrx_word' id='word_1_602' title='bbox 3364 5288 3424 5325; x_wconf 90' lang='lat' dir='ltr'><strong>ea</strong></span> <span class='ocrx_word' id='word_1_603' title='bbox 3470 5273 3653 5341; x_wconf 84' lang='lat' dir='ltr'><strong>procul</strong></span> <span class='ocrx_word' id='word_1_604' title='bbox 3696 5273 3876 5338; x_wconf 88' lang='lat' dir='ltr'><strong>dubio,</strong></span> 
     </span>
    </p>
   </div>
   <div class='ocr_carea' id='block_1_84' title="bbox 2318 5363 3881 5433">
    <p class='ocr_par' dir='ltr' id='par_1_84' title="bbox 2318 5363 3881 5433">
     <span class='ocr_line' id='line_1_84' title="bbox 2318 5363 3881 5433; baseline -0.001 -16"><span class='ocrx_word' id='word_1_605' title='bbox 2318 5377 2373 5417; x_wconf 87' lang='lat' dir='ltr'><strong>ct</strong></span> <span class='ocrx_word' id='word_1_606' title='bbox 2413 5380 2505 5433; x_wconf 89' lang='lat' dir='ltr'><strong>per</strong></span> <span class='ocrx_word' id='word_1_607' title='bbox 2542 5364 2707 5417; x_wconf 87' lang='lat' dir='ltr'><strong>malos</strong></span> <span class='ocrx_word' id='word_1_608' title='bbox 2735 5364 2891 5420; x_wconf 83' lang='lat' dir='ltr'><strong>bona.</strong></span> <span class='ocrx_word' id='word_1_609' title='bbox 2926 5372 2979 5415; x_wconf 90' lang='lat' dir='ltr'><strong>et</strong></span> <span class='ocrx_word' id='word_1_610' title='bbox 3006 5378 3098 5431; x_wconf 83' lang='lat' dir='ltr'><strong>per</strong></span> <span class='ocrx_word' id='word_1_611' title='bbox 3125 5363 3427 5431; x_wconf 82' lang='lat' dir='ltr'><strong>inquinatos</strong></span> <span class='ocrx_word' id='word_1_612' title='bbox 3459 5366 3676 5426; x_wconf 84' lang='lat' dir='ltr'><strong>munda,</strong></span> <span class='ocrx_word' id='word_1_613' title='bbox 3702 5373 3753 5417; x_wconf 92' lang='lat' dir='ltr'><strong>et</strong></span> <span class='ocrx_word' id='word_1_614' title='bbox 3785 5379 3881 5432; x_wconf 89' lang='lat' dir='ltr'><strong>per</strong></span> 
     </span>
    </p>
   </div>
   <div class='ocr_carea' id='block_1_85' title="bbox 2319 5453 3878 5522">
    <p class='ocr_par' dir='ltr' id='par_1_85' title="bbox 2319 5453 3878 5522">
     <span class='ocr_line' id='line_1_85' title="bbox 2319 5453 3878 5522; baseline 0 -15"><span class='ocrx_word' id='word_1_615' title='bbox 2319 5453 2673 5507; x_wconf 76' lang='lat' dir='ltr'><strong>exsecrabiles</strong></span> <span class='ocrx_word' id='word_1_616' title='bbox 2722 5464 3053 5505; x_wconf 83' lang='lat' dir='ltr'><strong>sacramenta</strong></span> <span class='ocrx_word' id='word_1_617' title='bbox 3098 5453 3332 5506; x_wconf 85' lang='lat' dir='ltr'><strong>conferri</strong></span> <span class='ocrx_word' id='word_1_618' title='bbox 3378 5470 3533 5522; x_wconf 84' lang='lat' dir='ltr'><strong>posse</strong></span> <span class='ocrx_word' id='word_1_619' title='bbox 3572 5455 3878 5508; x_wconf 88' lang='lat' dir='ltr'><strong>credamus.</strong></span> 
     </span>
    </p>
   </div>
   <div class='ocr_carea' id='block_1_86' title="bbox 2320 5540 3877 5616">
    <p class='ocr_par' dir='ltr' id='par_1_86' title="bbox 2320 5540 3877 5616">
     <span class='ocr_line' id='line_1_86' title="bbox 2320 5540 3877 5616; baseline 0.001 -18"><span class='ocrx_word' id='word_1_620' title='bbox 2320 5543 2445 5598; x_wconf 76' lang='lat' dir='ltr'><strong>lltec</strong></span> <span class='ocrx_word' id='word_1_621' title='bbox 2490 5551 2574 5595; x_wconf 88' lang='lat' dir='ltr'><strong>est</strong></span> <span class='ocrx_word' id='word_1_622' title='bbox 2624 5557 2747 5594; x_wconf 88' lang='lat' dir='ltr'><strong>vere</strong></span> <span class='ocrx_word' id='word_1_623' title='bbox 2793 5557 2985 5611; x_wconf 85' lang='lat' dir='ltr'><strong>corpus</strong></span> <span class='ocrx_word' id='word_1_624' title='bbox 3023 5540 3247 5608; x_wconf 87' lang='lat' dir='ltr'><strong>Christi,</strong></span> <span class='ocrx_word' id='word_1_625' title='bbox 3292 5554 3344 5597; x_wconf 93' lang='lat' dir='ltr'><strong>et</strong></span> <span class='ocrx_word' id='word_1_626' title='bbox 3383 5544 3535 5613; x_wconf 61' lang='lat' dir='ltr'><strong>juxta</strong></span> <span class='ocrx_word' id='word_1_627' title='bbox 3565 5546 3877 5616; x_wconf 77' lang='lat' dir='ltr'><strong>Apostolum</strong></span> 
     </span>
    </p>
   </div>
   <div class='ocr_carea' id='block_1_87' title="bbox 2389 5745 3237 5819">
    <p class='ocr_par' dir='ltr' id='par_1_87' title="bbox 2389 5745 3237 5819">
     <span class='ocr_line' id='line_1_87' title="bbox 2389 5745 3237 5819; baseline -0.004 -16"><span class='ocrx_word' id='word_1_628' title='bbox 2389 5748 2497 5819; x_wconf 63' lang='lat'><strong>(23)</strong></span> <span class='ocrx_word' id='word_1_629' title='bbox 2540 5746 2712 5803; x_wconf 74' lang='lat' dir='ltr'><strong>Habes</strong></span> <span class='ocrx_word' id='word_1_630' title='bbox 2739 5745 2877 5800; x_wconf 79' lang='lat' dir='ltr'><strong>infra</strong></span> <span class='ocrx_word' id='word_1_631' title='bbox 2903 5745 3155 5815; x_wconf 85' lang='lat' dir='ltr'><strong>opusculo</strong></span> <span class='ocrx_word' id='word_1_632' title='bbox 3184 5746 3237 5802; x_wconf 79' lang='lat'><strong>6.</strong></span> 
     </span>
    </p>
   </div>
   <div class='ocr_carea' id='block_1_88' title="bbox 3984 4735 5540 4792">
    <p class='ocr_par' dir='ltr' id='par_1_88' title="bbox 3984 4735 5540 4792">
     <span class='ocr_line' id='line_1_88' title="bbox 3984 4735 5540 4792; baseline -0.002 0"><span class='ocrx_word' id='word_1_633' title='bbox 3984 4739 4180 4792; x_wconf 85' lang='lat' dir='ltr'><strong>stantis</strong></span> <span class='ocrx_word' id='word_1_634' title='bbox 4226 4738 4391 4790; x_wconf 88' lang='lat' dir='ltr'><strong>animi</strong></span> <span class='ocrx_word' id='word_1_635' title='bbox 4441 4736 4690 4792; x_wconf 87' lang='lat' dir='ltr'><strong>libertate</strong></span> <span class='ocrx_word' id='word_1_636' title='bbox 4728 4737 5066 4791; x_wconf 87' lang='lat' dir='ltr'><strong>confirmant.</strong></span> <span class='ocrx_word' id='word_1_637' title='bbox 5097 4735 5171 4789; x_wconf 89' lang='lat' dir='ltr'><strong>llli</strong></span> <span class='ocrx_word' id='word_1_638' title='bbox 5224 4736 5540 4790; x_wconf 85' lang='lat' dir='ltr'><strong>turbulentis</strong></span> 
     </span>
    </p>
   </div>
   <div class='ocr_carea' id='block_1_89' title="bbox 3980 4825 5538 4896">
    <p class='ocr_par' dir='ltr' id='par_1_89' title="bbox 3980 4825 5538 4896">
     <span class='ocr_line' id='line_1_89' title="bbox 3980 4825 5538 4896; baseline 0.001 -20"><span class='ocrx_word' id='word_1_639' title='bbox 3980 4825 4245 4894; x_wconf 78' lang='lat' dir='ltr'><strong>jnrgando</strong></span> <span class='ocrx_word' id='word_1_640' title='bbox 4290 4827 4567 4890; x_wconf 87' lang='lat' dir='ltr'><strong>conviciis,</strong></span> <span class='ocrx_word' id='word_1_641' title='bbox 4618 4825 4758 4896; x_wconf 88' lang='lat' dir='ltr'><strong>quod</strong></span> <span class='ocrx_word' id='word_1_642' title='bbox 4807 4827 5096 4895; x_wconf 87' lang='lat' dir='ltr'><strong>opinantur</strong></span> <span class='ocrx_word' id='word_1_643' title='bbox 5142 4825 5405 4894; x_wconf 73' lang='lat' dir='ltr'><strong>allegant;</strong></span> <span class='ocrx_word' id='word_1_644' title='bbox 5450 4826 5538 4878; x_wconf 82' lang='lat' dir='ltr'><strong>isti</strong></span> 
     </span>
    </p>
   </div>
   <div class='ocr_carea' id='block_1_90' title="bbox 3984 4911 5531 4981">
    <p class='ocr_par' dir='ltr' id='par_1_90' title="bbox 3984 4911 5531 4981">
     <span class='ocr_line' id='line_1_90' title="bbox 3984 4911 5531 4981; baseline -0.001 -16"><span class='ocrx_word' id='word_1_645' title='bbox 3984 4914 4125 4981; x_wconf 87' lang='lat' dir='ltr'><strong>quod</strong></span> <span class='ocrx_word' id='word_1_646' title='bbox 4173 4914 4313 4967; x_wconf 91' lang='lat' dir='ltr'><strong>scire</strong></span> <span class='ocrx_word' id='word_1_647' title='bbox 4356 4911 4623 4979; x_wconf 87' lang='lat' dir='ltr'><strong>fatentur,</strong></span> <span class='ocrx_word' id='word_1_648' title='bbox 4674 4914 4877 4968; x_wconf 89' lang='lat' dir='ltr'><strong>crimen</strong></span> <span class='ocrx_word' id='word_1_649' title='bbox 4935 4911 5184 4979; x_wconf 86' lang='lat' dir='ltr'><strong>injectum</strong></span> <span class='ocrx_word' id='word_1_650' title='bbox 5229 4911 5531 4973; x_wconf 54' lang='lat' dir='ltr'><strong>refellendo,</strong></span> 
     </span>
    </p>
   </div>
   <div class='ocr_carea' id='block_1_91' title="bbox 3985 5000 5532 5071">
    <p class='ocr_par' dir='ltr' id='par_1_91' title="bbox 3985 5000 5532 5071">
     <span class='ocr_line' id='line_1_91' title="bbox 3985 5000 5532 5071; baseline -0.003 -16"><span class='ocrx_word' id='word_1_651' title='bbox 3985 5002 4311 5071; x_wconf 85' lang='lat' dir='ltr'><strong>propulsant.</strong></span> <span class='ocrx_word' id='word_1_652' title='bbox 4340 5000 4407 5057; x_wconf 85' lang='lat' dir='ltr'><strong>Et</strong></span> <span class='ocrx_word' id='word_1_653' title='bbox 4442 5002 4564 5070; x_wconf 88' lang='lat' dir='ltr'><strong>quis</strong></span> <span class='ocrx_word' id='word_1_654' title='bbox 4587 5016 4688 5071; x_wconf 79' lang='lat' dir='ltr'><strong>ego</strong></span> <span class='ocrx_word' id='word_1_655' title='bbox 4719 5017 4857 5064; x_wconf 88' lang='lat' dir='ltr'><strong>sum,</strong></span> <span class='ocrx_word' id='word_1_656' title='bbox 4886 5002 4980 5071; x_wconf 89' lang='lat' dir='ltr'><strong>qui</strong></span> <span class='ocrx_word' id='word_1_657' title='bbox 5008 5003 5146 5056; x_wconf 88' lang='lat' dir='ltr'><strong>inter</strong></span> <span class='ocrx_word' id='word_1_658' title='bbox 5192 5003 5285 5055; x_wconf 87' lang='lat' dir='ltr'><strong>hos</strong></span> <span class='ocrx_word' id='word_1_659' title='bbox 5313 5017 5532 5067; x_wconf 76' lang='lat' dir='ltr'><strong>compu—</strong></span> 
     </span>
    </p>
   </div>
   <div class='ocr_carea' id='block_1_92' title="bbox 3986 5091 5533 5162">
    <p class='ocr_par' dir='ltr' id='par_1_92' title="bbox 3986 5091 5533 5162">
     <span class='ocr_line' id='line_1_92' title="bbox 3986 5091 5533 5162; baseline 0 -19"><span class='ocrx_word' id='word_1_660' title='bbox 3986 5092 4260 5162; x_wconf 79' lang='lat' dir='ltr'><strong>gnantium</strong></span> <span class='ocrx_word' id='word_1_661' title='bbox 4301 5091 4486 5161; x_wconf 76' lang='lat' dir='ltr'><strong>globos</strong></span> <span class='ocrx_word' id='word_1_662' title='bbox 4518 5092 4727 5160; x_wconf 77' lang='lat' dir='ltr'><strong>signum</strong></span> <span class='ocrx_word' id='word_1_663' title='bbox 4757 5108 4946 5147; x_wconf 88' lang='lat' dir='ltr'><strong>manus</strong></span> <span class='ocrx_word' id='word_1_664' title='bbox 4978 5093 5208 5157; x_wconf 86' lang='lat' dir='ltr'><strong>mittam,</strong></span> <span class='ocrx_word' id='word_1_665' title='bbox 5235 5100 5287 5145; x_wconf 92' lang='lat' dir='ltr'><strong>et</strong></span> <span class='ocrx_word' id='word_1_666' title='bbox 5317 5100 5421 5145; x_wconf 87' lang='lat' dir='ltr'><strong>tam</strong></span> <span class='ocrx_word' id='word_1_667' title='bbox 5454 5091 5533 5143; x_wconf 68' lang='lat' dir='ltr'><strong>fc-</strong></span> 
     </span>
    </p>
   </div>
   <div class='ocr_carea' id='block_1_93' title="bbox 3984 5180 5535 5251">
    <p class='ocr_par' dir='ltr' id='par_1_93' title="bbox 3984 5180 5535 5251">
     <span class='ocr_line' id='line_1_93' title="bbox 3984 5180 5535 5251; baseline -0.001 -18"><span class='ocrx_word' id='word_1_668' title='bbox 3984 5182 4094 5235; x_wconf 82' lang='lat' dir='ltr'><strong>rale</strong></span> <span class='ocrx_word' id='word_1_669' title='bbox 4148 5180 4326 5235; x_wconf 82' lang='lat' dir='ltr'><strong>scelus</strong></span> <span class='ocrx_word' id='word_1_670' title='bbox 4383 5182 4584 5236; x_wconf 89' lang='lat' dir='ltr'><strong>homini</strong></span> <span class='ocrx_word' id='word_1_671' title='bbox 4644 5191 4927 5251; x_wconf 85' lang='lat' dir='ltr'><strong>antequam</strong></span> <span class='ocrx_word' id='word_1_672' title='bbox 4979 5182 5231 5236; x_wconf 82' lang='lat' dir='ltr'><strong>canonice</strong></span> <span class='ocrx_word' id='word_1_673' title='bbox 5284 5183 5535 5249; x_wconf 67' lang='lat' dir='ltr'><strong>praltcttn&#39;</strong></span> 
     </span>
    </p>
   </div>
   <div class='ocr_carea' id='block_1_94' title="bbox 3984 5271 5533 5339">
    <p class='ocr_par' dir='ltr' id='par_1_94' title="bbox 3984 5271 5533 5339">
     <span class='ocr_line' id='line_1_94' title="bbox 3984 5271 5533 5339; baseline -0.003 -14"><span class='ocrx_word' id='word_1_674' title='bbox 3984 5272 4285 5326; x_wconf 84' lang='lat' dir='ltr'><strong>ascribam?</strong></span> <span class='ocrx_word' id='word_1_675' title='bbox 4316 5272 4446 5324; x_wconf 78' lang='lat' dir='ltr'><strong>Nam</strong></span> <span class='ocrx_word' id='word_1_676' title='bbox 4486 5272 4613 5326; x_wconf 89' lang='lat' dir='ltr'><strong>licet</strong></span> <span class='ocrx_word' id='word_1_677' title='bbox 4670 5287 4823 5326; x_wconf 89' lang='lat' dir='ltr'><strong>error</strong></span> <span class='ocrx_word' id='word_1_678' title='bbox 4869 5286 5075 5339; x_wconf 89' lang='lat' dir='ltr'><strong>semper</strong></span> <span class='ocrx_word' id='word_1_679' title='bbox 5124 5271 5192 5324; x_wconf 87' lang='lat' dir='ltr'><strong>sit</strong></span> <span class='ocrx_word' id='word_1_680' title='bbox 5241 5278 5290 5323; x_wconf 90' lang='lat' dir='ltr'><strong>et</strong></span> <span class='ocrx_word' id='word_1_681' title='bbox 5340 5271 5533 5337; x_wconf 71' lang='lat' dir='ltr'><strong>ubique</strong></span> 
     </span>
    </p>
   </div>
   <div class='ocr_carea' id='block_1_95' title="bbox 3982 5357 5534 5427">
    <p class='ocr_par' dir='ltr' id='par_1_95' title="bbox 3982 5357 5534 5427">
     <span class='ocr_line' id='line_1_95' title="bbox 3982 5357 5534 5427; baseline -0.003 -14"><span class='ocrx_word' id='word_1_682' title='bbox 3982 5364 4247 5425; x_wconf 83' lang='lat' dir='ltr'><strong>vitandus,</strong></span> <span class='ocrx_word' id='word_1_683' title='bbox 4293 5362 4621 5415; x_wconf 83' lang='lat' dir='ltr'><strong>tolerabilius</strong></span> <span class='ocrx_word' id='word_1_684' title='bbox 4687 5371 4862 5416; x_wconf 89' lang='lat' dir='ltr'><strong>tamen</strong></span> <span class='ocrx_word' id='word_1_685' title='bbox 4910 5370 4993 5415; x_wconf 86' lang='lat' dir='ltr'><strong>est</strong></span> <span class='ocrx_word' id='word_1_686' title='bbox 5038 5362 5083 5413; x_wconf 84' lang='lat' dir='ltr'><strong>si</strong></span> <span class='ocrx_word' id='word_1_687' title='bbox 5120 5360 5237 5427; x_wconf 87' lang='lat' dir='ltr'><strong>quis</strong></span> <span class='ocrx_word' id='word_1_688' title='bbox 5279 5357 5534 5424; x_wconf 69' lang='lat' dir='ltr'><strong>justifn-et</strong></span> 
     </span>
    </p>
   </div>
   <div class='ocr_carea' id='block_1_96' title="bbox 3980 5446 5497 5520">
    <p class='ocr_par' dir='ltr' id='par_1_96' title="bbox 3980 5446 5497 5520">
     <span class='ocr_line' id='line_1_96' title="bbox 3980 5446 5497 5520; baseline -0.005 -15"><span class='ocrx_word' id='word_1_689' title='bbox 3980 5461 4337 5519; x_wconf 74' lang='lat' dir='ltr'><strong>peccatorem,</strong></span> <span class='ocrx_word' id='word_1_690' title='bbox 4369 5466 4528 5520; x_wconf 87' lang='lat' dir='ltr'><strong>quam</strong></span> <span class='ocrx_word' id='word_1_691' title='bbox 4564 5452 4607 5505; x_wconf 82' lang='lat' dir='ltr'><strong>si</strong></span> <span class='ocrx_word' id='word_1_692' title='bbox 4639 5451 4945 5518; x_wconf 74' lang='lat' dir='ltr'><strong>przejudicet</strong></span> <span class='ocrx_word' id='word_1_693' title='bbox 4974 5452 5326 5503; x_wconf 85' lang='lat' dir='ltr'><strong>innocentem.</strong></span> <span class='ocrx_word' id='word_1_694' title='bbox 5357 5446 5497 5517; x_wconf 62' lang='lat' dir='ltr'><strong>Syuu</strong></span> 
     </span>
    </p>
   </div>
   <div class='ocr_carea' id='block_1_97' title="bbox 3984 5540 5529 5611">
    <p class='ocr_par' dir='ltr' id='par_1_97' title="bbox 3984 5540 5529 5611">
     <span class='ocr_line' id='line_1_97' title="bbox 3984 5540 5529 5611; baseline -0.005 -13"><span class='ocrx_word' id='word_1_695' title='bbox 3984 5544 4079 5599; x_wconf 88' lang='lat' dir='ltr'><strong>dus</strong></span> <span class='ocrx_word' id='word_1_696' title='bbox 4125 5542 4429 5598; x_wconf 83' lang='lat' dir='ltr'><strong>annualitcr</strong></span> <span class='ocrx_word' id='word_1_697' title='bbox 4473 5544 4750 5609; x_wconf 84' lang='lat' dir='ltr'><strong>imminet,</strong></span> <span class='ocrx_word' id='word_1_698' title='bbox 4799 5543 4951 5597; x_wconf 83' lang='lat' dir='ltr'><strong>sedes</strong></span> <span class='ocrx_word' id='word_1_699' title='bbox 4993 5540 5278 5611; x_wconf 83' lang='lat' dir='ltr'><strong>apostolica</strong></span> <span class='ocrx_word' id='word_1_700' title='bbox 5329 5540 5529 5591; x_wconf 61' lang='lat' dir='ltr'><strong>cunctis</strong></span> 
     </span>
    </p>
   </div>
   <div class='ocr_carea' id='block_1_98' title="bbox 5268 6452 5539 6472">
    <p class='ocr_par' dir='ltr' id='par_1_98' title="bbox 5268 6452 5539 6472">
     <span class='ocr_line' id='line_1_98' title="bbox 5268 6452 5539 6472; baseline 0 -8"><span class='ocrx_word' id='word_1_701' title='bbox 5268 6459 5370 6472; x_wconf 38' lang='grc' dir='ltr'><strong>ἡὴ</strong></span> <span class='ocrx_word' id='word_1_702' title='bbox 5414 6457 5440 6464; x_wconf 36' lang='grc' dir='ltr'><strong>ἡ.</strong></span> <span class='ocrx_word' id='word_1_703' title='bbox 5480 6452 5539 6464; x_wconf 42' lang='grc' dir='ltr'><strong>καί</strong></span> 
     </span>
    </p>
   </div>
  </div>
