5664 6610
685 368 792 424 39.5

685 475 1004 534 adeuntibus
1043 485 1213 546 patet.
1253 472 1557 530 Romanam
1589 485 1718 543 ergo
1749 465 1923 540 pulset
1958 464 2257 522 Ecclesium
2289 471 2336 529 Α

682 568 928 641 quisquis
964 583 1022 621 se
1043 567 1242 634 justam
1283 565 1542 618 adversus
1585 563 1892 632 episcopum
1932 559 2130 613 habere
2161 573 2257 611 ca-

683 663 942 716 lumniam
973 667 1173 728 sperat.
1209 655 1320 710 Nec
1349 655 1493 708 enim
1527 668 1626 707 nos
1661 651 2047 706 homunciones
2074 649 2255 719 exigui

681 751 738 804 in
779 748 1158 804 andronarium
1191 744 1402 815 angulis
1448 743 1672 796 reddere
1702 755 1988 810 possumus
2019 741 2255 804 irritum,

677 841 826 910 quod
855 840 907 893 in
937 839 1053 905 ipso
1091 850 1303 890 summo
1338 834 1502 887 totius
1533 831 1714 886 mundi
1745 831 1968 886 cardine
2009 846 2112 884 non
2143 845 2257 883 am-

680 926 914 997 bigimus
951 924 1280 978 institutum.
1313 921 1548 976 Cernitis
1597 921 1779 989 itaque
1822 934 1910 973 me
1940 919 2257 987 simpliciter

677 1016 797 1072 lure
828 1016 939 1070 sola
983 1013 1347 1075 conscribere,
1380 1025 1502 1078 qua:
1547 1025 1634 1062 me
1677 1017 1998 1076 praesentem
2029 1007 2256 1061 audistis

673 1120 775 1160 ore
822 1102 1083 1172 proferre.
1137 1103 1432 1156 Erubescat
1484 1115 1613 1170 ergo
1673 1099 1966 1153 fabricator
2027 1097 2256 1167 quisque

674 1193 965 1258 mendacii,
996 1193 1086 1263 qui
1115 1192 1241 1246 dum
1280 1205 1366 1244 me
1400 1189 1532 1243 vidit
1556 1189 1614 1242 in
1652 1202 1812 1243 causa
1846 1189 2086 1240 nutantis
2119 1201 2255 1242 con-

673 1285 954 1340 troversite
989 1299 1094 1338 non
1131 1283 1324 1336 leviter
1362 1279 1730 1348 judicantem,
1763 1279 2099 1346 impudenter
2145 1279 2254 1332 ela-

671 1383 785 1429 trat
812 1373 1134 1428 Simoniacte
1163 1376 1432 1426 haereseos
1479 1371 1716 1424 existere
1762 1369 2125 1422 defensorem.
2159 1367 2252 1422 llis

669 1466 843 1536 igitur
877 1465 1061 1532 paucis
1087 1465 1348 1517 rationem
1375 1477 1462 1516 me
1491 1461 1646 1515 vobis
1673 1461 1970 1516 reddidisse
1999 1459 2250 1521 suiliciat,

669 1570 744 1608 ne
778 1554 982 1624 longior
1016 1554 1186 1624 stylus
1215 1551 1430 1621 fatigari
1457 1566 1552 1606 vos
1579 1550 1740 1605 nimia
1771 1550 2080 1620 prolixitate
2107 1565 2255 1602 com-

667 1644 857 1711 pellat.

743 1733 882 1790 Hinc
907 1735 973 1788 ad
1000 1733 1419 1790 eonnnonacltos
1458 1747 1605 1788 meos
1639 1732 1926 1787 articulum
1958 1730 2246 1792 transfero,

1402 356 1645 418 OPUSC.
1687 354 1855 412 XXX.
1891 378 1958 392 α-
1984 348 2072 403 DE
2113 349 2413 408 SACBAM.
2455 351 2592 410 PER
2632 353 2910 413 llPﬂOB.
2951 354 3188 412 ADMIN.

3816 359 3948 413 ,5η

2996 467 3224 523 CAPUT
3265 468 3325 522 ll.

2366 574 2518 640 Quod
2546 576 2782 647 Spiritus
2808 590 3022 632 sanctus
3054 596 3144 647 per
3174 579 3397 645 improbi
3428 579 3776 632 ministerium
3821 581 3952 636 dare

2814 658 2978 716 potest
3019 666 3115 701 sua
3147 650 3487 702 charismata.

2433 736 2702 791 Praeterea
2735 738 2911 806 major
2941 747 3025 792 est.
3053 738 3292 794 Ecclesia
3321 755 3483 809 quam
3514 738 3807 801 Ramatha.
3841 758 3956 794 ma-

2352 826 2442 896 jor
2487 839 2570 882 est
2601 827 2852 883 Christus
2898 844 3057 898 quam
3112 830 3354 884 Samuel.
3411 829 3467 884 Si
3518 845 3650 900 ergo
3692 832 3746 886 in
3791 831 3949 891 Sani.

2361 932 2520 987 quem
2566 919 2738 971 malus
2775 921 3050 987 exagitare
3100 920 3323 987 spiritus
3373 933 3769 985 consueverat,
3824 940 3948 978 cum

2361 1007 2599 1060 venisset
2648 1007 2702 1060 in
2752 1009 3040 1074 ltamatha,
3073 1009 3163 1062 ubi
3193 1009 3411 1063 Samuel
3456 1025 3579 1064 cum
3620 1009 3786 1066 David
3818 1028 3945 1081 pro-

2359 1097 2648 1166 phetabat,
2702 1097 2923 1166 spiritus
2981 1097 3223 1162 insiluit,
3270 1098 3343 1153 ita
3393 1109 3449 1152 ut
3502 1115 3561 1154 se
3612 1104 3951 1158 vestitnen'is

2339 1197 2601 1250 exueret,
2619 1194 2672 1241 et
2695 1188 2867 1242 nudus
2891 1197 2998 1241 tota
3021 1188 3110 1242 die
3156 1203 3222 1244 ac
3242 1202 3416 1253 noete,
3441 1206 3563 1245 cum
3582 1193 3796 1247 ceteris
3815 1208 3918 1248 con
3936 1225 3949 1234 -

2355 1275 2547 1330 cinctis
2587 1276 2933 1345 prophetaret
2964 1277 3013 1348 (1
3059 1276 3188 1346 Reg.
3230 1293 3318 1333 xvt
3351 1289 3406 1334 et
3460 1296 3586 1345 xu;
3624 1280 3651 1334 I
3690 1281 3816 1352 Reg.
3847 1284 3902 1353 ι)
3934 1302 3946 1341 ;

2357 1364 2486 1433 quid
2519 1367 2735 1429 mirum,
2767 1366 2812 1420 si
2859 1366 3097 1435 Spiritus
3144 1378 3366 1423 sanctus
3407 1370 3458 1424 in
3501 1371 3744 1426 Ecclesia
3783 1389 3947 1443 super

2355 1455 2647 1522 quemlibet
2697 1457 2983 1526 reprobum
3016 1459 3223 1524 veniat,
3253 1469 3309 1514 et
3355 1476 3459 1515 non
3499 1477 3596 1532 per
3626 1465 3744 1532 ejus
3777 1468 3937 1520 meri-

2359 1557 2491 1605 tum,
2519 1547 2613 1598 sed
2644 1559 2742 1614 per
2769 1546 2887 1614 ejus
2921 1549 3284 1603 ministerium
3318 1551 3368 1604 in
3418 1551 3555 1606 alios
3595 1553 3940 1608 cbarismati.

2353 1634 2437 1687 sui
2470 1633 2609 1686 dona
2647 1635 3024 1690 transfundat?
3063 1635 3145 1703 Si,
3174 1638 3418 1708 inquam,
3463 1640 3678 1694 divinus
3709 1641 3949 1712 Spiritu'

2355 1726 2502 1781 illum
2550 1736 2769 1795 repente
2812 1728 3099 1796 corripuit,
3135 1739 3298 1798 atque
3324 1729 3394 1784 ab
3433 1747 3520 1800 eo,
3545 1747 3643 1802 per
3671 1742 3780 1786 tam
3821 1735 3945 1788 diu-

667 1837 700 1878 ι
726 1824 924 1892 quibus
971 1822 1208 1892 profecto
1253 1822 1545 1892 procedere
1596 1834 1779 1876 notam
1811 1822 1951 1874 hanc
1998 1821 2248 1890 iurgandi
2281 1813 2326 1872 B
2357 1816 2497 1868 turni
2531 1816 2790 1883 temporis
2839 1817 3074 1884 spatium
3124 1833 3230 1872 non
3281 1821 3540 1885 recessit,
3571 1822 3662 1890 qui
3694 1838 3788 1877 vas
3825 1831 3954 1883 erat:

669 1915 959 1970 materiam
1005 1930 1111 1968 non
1150 1916 1356 1984 ignoro.
1389 1914 1588 1968 Dicunt
1617 1915 1758 1968 enim
1791 1913 1914 1980 quia
1951 1913 2018 1965 ab
2060 1911 2251 1985 bttqu-

668 2007 819 2062 modi
849 2007 1220 2060 sacerdotibus
1255 2021 1353 2059 nec
1384 2005 1618 2058 chrisma
1655 2004 1865 2062 confici.
1898 2019 1996 2056 nec
2023 2003 2252 2056 ecclesia

667 2096 934 2160 dedicari,
963 2110 1061 2148 nec
1104 2095 1374 2149 clericalia
1397 2095 1520 2163 jura
1547 2094 1802 2156 conferri,
1833 2109 1932 2147 nec
1963 2095 2248 2146 missarum

664 2183 784 2236 ullo
819 2199 1054 2252 unquam
1086 2191 1329 2252 tempore
1358 2191 1649 2251 potuerunt
1676 2181 1936 2236 solemnia
1963 2181 2246 2235 celebrari.

665 2274 738 2329 Et
787 2283 894 2328 tam
944 2275 1057 2327 haec
1101 2274 1440 2342 impudenter
1485 2273 1737 2341 allegant.
1787 2281 1846 2324 ut
1881 2288 2024 2324 anno
2075 2272 2249 2329 horno

665 2362 1029 2431 compulerint
1076 2363 1127 2414 in
1182 2362 1355 2415 tribus
1406 2361 1651 2430 plebibus
1693 2361 1810 2414 sine
1861 2361 2248 2428 conspersione

667 2455 985 2510 chrismatis
1013 2455 1431 2507 catechumenos
1459 2452 1743 2521 baptizari.
1778 2451 1884 2504 Sed
1925 2467 2043 2503 cum
2089 2453 2250 2505 Chri-

666 2551 788 2597 stus
814 2541 998 2612 procul
1022 2542 1183 2595 dubio
1211 2543 1589 2595 denominetur
1612 2557 1640 2594 a
1663 2542 1978 2600 chrismate.
2005 2541 2078 2594 nil
2104 2541 2250 2595 aliud

668 2631 866 2687 tollunt
911 2631 1210 2698 baptismo,
1269 2632 1370 2684 nisi
1431 2631 1740 2691 Christum,
1795 2632 1883 2698 qtti
1941 2631 2250 2684 chrismatis

665 2719 994 2774 subtrahunt
1017 2728 1437 2772 sacramentum.
1468 2719 1534 2771 Et
1563 2729 1710 2771 certe
1756 2708 1818 2772 si
1849 2733 1934 2771 nte
1975 2719 2114 2772 forte
2143 2733 2248 2772 non

665 2807 826 2877 fugit,
860 2807 997 2860 nulla
1031 2823 1262 2875 unquam
1289 2809 1512 2862 hrcresis
1549 2809 1598 2860 in
1637 2818 1840 2860 tantam
1871 2809 2119 2876 prorupit
2149 2825 2248 2861 au-

659 2896 878 2948 daciam
900 2936 914 2960 ,
963 2904 1019 2947 ut
1049 2895 1299 2962 baptismi
1336 2896 1551 2948 lavacro
1585 2896 1824 2948 chrisma
1847 2935 1860 2957 ,
1905 2901 2006 2949 hoc
2043 2906 2158 2958 est,
2191 2906 2250 2948 ut

663 3001 695 3038 a
716 2986 1032 3040 Christiano
1049 2986 1322 3039 Christum
1352 2987 1590 3040 dividere
1617 2988 2069 3055 prtcsumpsissct.
2094 2988 2248 3053 Quod

662 3076 734 3141 si,
771 3085 1079 3143 contempta
1109 3079 1320 3145 propria
1342 3117 1355 3136 ,
1389 3077 1456 3128 ab
1491 3076 1590 3128 alia
1638 3076 1875 3129 Ecclesia
1919 3077 2113 3132 furtive
2151 3080 2244 3134 de.

662 3166 834 3220 latum
882 3167 1115 3218 chrisma
1167 3167 1437 3227 credatur,
1493 3167 1633 3220 sicut
1679 3185 1708 3219 a
1759 3169 1990 3235 quodam
2039 3169 2245 3223 scilicet

659 3272 853 3310 eorum
907 3253 1112 3307 faulore
1153 3255 1494 3323 confingitur,
1540 3270 1684 3318 ecce,
1718 3266 1976 3324 quantum
2020 3260 2086 3309 ad
2125 3257 2244 3311 illos

659 3349 932 3419 pertinet,
965 3347 1018 3399 in
1064 3347 1437 3414 spiritualibus
1485 3349 1646 3402 rebus
1688 3349 2047 3402 committitur
2090 3347 2242 3401 adul-

661 3438 893 3499 terium,
950 3447 1004 3489 et
1051 3439 1102 3488 in
1151 3437 1490 3506 sacrilegium
1541 3439 1767 3491 vertitur
1816 3454 2239 3503 sacramentum,

659 3527 918 3579 nimirum
950 3525 1110 3596 536
1138 3527 1263 3578 dum
1295 3527 1527 3594 propria:
1557 3527 1806 3581 Ecclesia:
1835 3529 2069 3582 chrisma
2117 3546 2238 3598 pro-

653 3613 876 3678 jicitur,
928 3626 982 3667 et
1027 3617 1094 3668 ab
1138 3615 1311 3668 aliena
1359 3616 1706 3670 clandestina:
1764 3616 1966 3672 fraudis
2025 3620 2240 3688 ingenio

657 3705 1003 3773 subrogatur.
1033 3704 1228 3758 Beatus
1276 3707 1507 3774 denique
1552 3722 1687 3776 papa
1738 3708 2030 3778 Gregorius
2067 3711 2117 3762 in
2149 3726 2239 3764 su-

657 3809 847 3863 premo
876 3794 1079 3849 ultima:
1107 3796 1341 3850 homiliae
1371 3799 1638 3851 versiculo
1667 3801 1745 3852 sic
1781 3801 1853 3852 ait
1890 3821 1901 3852 ;
1933 3820 1949 3850 ι
1990 3801 2093 3855 Sed
2127 3804 2240 3857 ltzee

657 3888 1003 3956 omnipotens
1050 3886 1207 3948 Deus,
1242 3887 1331 3954 qui
1382 3901 1480 3954 per
1523 3903 1612 3942 me
1664 3891 1716 3942 in
1771 3893 1964 3944 vestris
2018 3894 2238 3948 auribus

656 3978 919 4047 loquitur,
960 3991 1056 4044 per
1082 3990 1142 4029 se
1166 3977 1218 4029 in
1247 3979 1446 4031 vestris
1471 3981 1740 4033 mentibus
1767 3981 2039 4050 loquatur.
2084 4003 2101 4034 ι

722 4069 860 4124 Cum
891 4069 1059 4134 igitur
1086 4068 1189 4121 hoc
1223 4057 1416 4122 librum
1444 4085 1600 4125 suum
1651 4072 1756 4126 line
1797 4074 2091 4138 concludit,
2121 4091 2238 4128 om-

657 4159 992 4226 nipotentem
1043 4156 1211 4211 Deum
1259 4164 1452 4212 cuncta
1499 4175 1618 4229 ane
1663 4161 1715 4215 in
1762 4177 1825 4215 eo
1871 4165 2069 4232 scripta
2111 4176 2236 4220 sunt

654 4263 750 4316 per
792 4262 855 4302 se
892 4247 1130 4300 locutum
1162 4247 1438 4302 evidenter
1469 4251 1725 4304 ostendit.
1761 4250 1857 4305 llic
1887 4253 2097 4320 itaque,
2138 4271 2236 4322 per

653 4351 812 4405 quem
862 4334 988 4389 talis
1043 4334 1370 4390 inhabitator
1415 4337 1728 4406 eloquitur,
1772 4341 1825 4394 in
1898 4342 2114 4395 itomzlia
2167 4345 2233 4399 de

652 4427 1026 4482 sacerdotibus
1082 4426 1223 4481 facta
1287 4429 1461 4496 (Itoni.
1515 4432 1651 4498 17),
1698 4449 1794 4499 per
1835 4435 2229 4504 impositioacm

651 4530 845 4570 manus
908 4516 1203 4570 Simoniaci
1253 4515 1512 4586 Spiritum
1565 4533 1814 4575 sanctum
1860 4525 2077 4579 cmlitus
2114 4528 2231 4582 dari

653 4604 1098 4660 manifestissime
1150 4607 1457 4660 confitetur.
1493 4628 1511 4661 ι
1560 4609 1662 4676 Qui
1716 4628 1978 4682 namque,
2035 4618 2229 4686 inquit,

651 4703 774 4747 sunt
804 4694 855 4747 itt
910 4693 1110 4762 templo
1153 4694 1248 4748 Dei
1297 4697 1481 4761 hodie,
1509 4702 1598 4767 qui
1649 4702 1925 4758 columbas
1969 4707 2228 4770 vendunt,

652 4783 753 4836 nisi
787 4785 876 4852 qui
915 4785 968 4836 iu
999 4782 1239 4838 Ecclesia
1272 4787 1508 4854 pretium
1559 4789 1626 4842 de
1669 4790 2009 4860 impositione
2040 4811 2230 4852 manus

651 4871 958 4941 accipiunt?
997 4891 1016 4924 ι
1044 4887 1140 4942 per
1178 4889 1338 4942 quam
1370 4876 1620 4931 videlicet
1664 4879 2058 4950 impositionem
2109 4885 2229 4955 Spi-

652 4963 783 5016 ritus
835 4971 1061 5015 sanctus
1108 4963 1322 5018 coalitus
1377 4965 1556 5019 datur.
1609 4966 1709 5022 Ubi
1757 4971 1933 5024 adhuc
1980 4976 2224 5029 eamdem

652 5055 974 5108 sententiam
1007 5053 1249 5123 replicat.
1283 5065 1337 5111 et
1365 5067 1619 5128 tanquam
1653 5062 1980 5116 tardioribus
2015 5067 2094 5118 vel
2127 5068 2223 5120 ad-

651 5142 752 5196 bttc
786 5144 1160 5198 dubitantibus
1187 5161 1371 5202 rursus
1401 5147 1631 5203 inculcat
1658 5150 1843 5204 dicens
1876 5171 1888 5204 :
1923 5172 1940 5202 ι
1969 5152 2224 5210 Columba

651 5244 771 5298 ergo
823 5231 1112 5296 venditur,
1163 5235 1287 5302 quia
1346 5251 1538 5290 manus
1594 5239 1893 5309 impositio,
1933 5259 2028 5311 per
2062 5261 2220 5313 quam

653 5315 880 5384 Spiritus
909 5330 1133 5374 sanctus
1166 5323 1451 5393 accipitur,
1482 5327 1548 5380 ad
1595 5330 1826 5397 pretium
1875 5334 2157 5401 praebetur.
2199 5355 2216 5385 ι

652 5403 750 5461 Sed
778 5413 901 5478 quia
925 5412 995 5467 de
1026 5413 1108 5466 his
1137 5415 1187 5467 in
1213 5413 1349 5470 libro
1381 5429 1566 5471 nostro
1593 5421 1757 5473 multa
1782 5426 2221 5493 conscripsimus,

650 5496 732 5550 hic
763 5501 812 5552 in
842 5503 1042 5556 talibus
1088 5517 1192 5556 non
1236 5505 1435 5561 diutius
1476 5509 1856 5567 itumoramur.
1886 5517 2222 5570 solummodo

649 5587 732 5654 qui
764 5589 886 5659 legit
925 5591 1204 5661 intelligat.

2273 3136 2316 3197 C

2349 1907 2569 1960 omnino
2591 1906 2810 1970 diaboli,
2838 1921 3073 1976 eumque
3099 1910 3352 1979 nequitia:
3391 1913 3614 1979 spiritus
3645 1929 3748 1965 non
3779 1915 3944 1978 clam.

2351 2000 2444 2053 sed
2471 2008 2664 2066 aperte
2699 2013 2800 2068 per
2828 2013 3027 2068 corpus
3051 2000 3210 2054 simul
3243 2011 3299 2056 ct
3323 2003 3560 2057 animam
3599 2007 3938 2074 possidebat;

2348 2087 2476 2154 quid
2512 2102 2732 2152 novum,
2766 2087 2809 2141 si
2837 2088 3081 2142 cloacam
3119 2092 3334 2160 reprobi
3383 2093 3671 2163 cujuslibet
3708 2097 3940 2157 ltominit

2351 2175 2605 2244 splendor
2631 2177 2722 2231 ille
2747 2178 2987 2233 caelestis
3025 2179 3271 2244 irradiat,
3303 2196 3463 2250 quem
3511 2193 3690 2239 tamen
3732 2188 3939 2244 nullum

2351 2267 2619 2336 squaloris
2662 2269 2884 2324 obsceni
2928 2271 3238 2341 contagium
3290 2271 3496 2328 fmdat?
3525 2275 3632 2330 Sed
3661 2293 3804 2332 nunc
3842 2297 3946 2334 cur

2349 2361 2452 2413 ista
2481 2362 2894 2430 prosequimur,
2927 2378 3048 2418 cum
3093 2367 3561 2422 consecrationem
3611 2368 3946 2427 Simoniacis

2351 2465 2524 2519 nuper
2571 2453 2740 2508 fuisse
2773 2454 3103 2524 prohibitam
3156 2457 3408 2526 superius
3451 2460 3661 2527 prmfati
3712 2465 3944 2518 sumus?

2351 2537 2515 2594 Plane
2562 2542 2689 2610 quia
2753 2543 2918 2598 iidem
2976 2543 3075 2614 ipsi
3136 2545 3228 2615 qui
3283 2546 3611 2615 baptismum
3661 2551 3778 2606 ficri
3825 2555 3944 2608 sine

2349 2631 2647 2686 chrismate
2685 2634 3021 2700 docuerunt,
3053 2637 3231 2692 adhuc
3261 2640 3523 2695 adversus
3563 2657 3657 2698 eos
3693 2647 3782 2714 qui
3817 2657 3944 2699 ante

2349 2721 2614 2787 synodum
2645 2723 2814 2790 gratis
2848 2740 2877 2777 a
2911 2725 3236 2782 Simoniacis
3265 2731 3498 2784 ordinati
3529 2745 3656 2786 sunt
3697 2733 3936 2790 sufﬂant.

2350 2821 2550 2876 eosque
2597 2825 2718 2878 cum
2766 2814 2882 2865 suis
2927 2813 3332 2871 ordinatoribus
3362 2833 3484 2874 esse
3532 2821 3817 2877 haereticos
3846 2824 3945 2877 do-

2351 2899 2681 2963 gmatizant,
2732 2916 3030 2970 eorumque
3084 2905 3276 2960 missas
3340 2918 3395 2961 et
3461 2913 3642 2964 omnia
3695 2928 3790 2980 per
3844 2930 3940 2968 eos

2351 2985 2492 3042 facta
2545 2990 2799 3057 mysteria
2851 2992 3247 3062 blasphemant,
3287 2999 3774 3066 anathematizant,
3802 3017 3936 3057 con-

2353 3089 2572 3146 spunnt,
2624 3081 2914 3149 abjiciunt.
2965 3093 3019 3137 et
3063 3085 3395 3153 explodunt;
3430 3103 3729 3161 eorumque
3775 3093 3942 3149 betto-

2349 3169 2675 3223 dictionibus
2703 3171 3021 3228 terribiliter
3051 3176 3402 3243 maledicunt,
3435 3194 3557 3234 cum
3602 3183 3745 3235 dicat
3789 3185 3938 3254 Apo-

2345 3257 2514 3310 stolus
2562 3273 2576 3311 :
2616 3279 2632 3310 r
2689 3259 2823 3324 Quia
2880 3262 3127 3318 maledici
3181 3279 3403 3345 regnum
3453 3269 3548 3324 Dei
3601 3286 3706 3325 non
3756 3275 3936 3344 possi-

2345 3347 2545 3400 debunt
2587 3347 2650 3415 (ι
2691 3349 2814 3401 Cor.
2857 3350 2968 3419 vr).
3014 3371 3033 3402 ι
3077 3353 3145 3406 Et
3193 3354 3247 3407 itt
3301 3357 3413 3410 suis
3465 3359 3938 3419 maledictionibu‘s

2346 3433 2475 3488 illud
2532 3434 2810 3492 Malachite
2863 3439 3141 3508 propheta:
3209 3445 3577 3502 testimonium
3634 3452 3935 3519 adhibent,

2342 3537 2451 3590 quo
2497 3524 2701 3579 dicitur
2741 3543 2755 3578 :
2790 3546 2809 3578 r
2846 3528 3166 3587 Maledicam
3215 3535 3685 3597 benedictionibus
3739 3549 3934 3599 vestris

2343 3612 2608 3680 (Malum.
2663 3619 2773 3687 tt),
2832 3638 2851 3670 ι
2887 3635 2994 3674 non
3052 3625 3392 3682 attendentes
3453 3633 3597 3698 quod
3669 3635 3933 3692 Dominus

2342 3701 2394 3752 in
2448 3703 2582 3754 libro
2631 3701 2850 3760 Numeri
2905 3709 2971 3762 de
3024 3714 3397 3770 sacerdotibus
3451 3720 3528 3772 ait
3580 3738 3592 3773 :
3642 3741 3658 3772 ‹
3706 3723 3936 3779 Invoca-

2341 3792 2474 3846 bunt
2503 3793 2662 3864 537
2694 3812 2888 3852 nomen
2922 3815 3099 3855 meum
3129 3818 3292 3874 super
3329 3807 3466 3864 filios
3505 3811 3690 3876 Israel,
3736 3825 3786 3870 et
3827 3833 3931 3886 ego

2339 3883 2659 3938 bcnedicam
2683 3887 2765 3940 eis
2792 3888 2986 3957 (Num.
3016 3894 3115 3963 Vl).
3150 3912 3167 3945 ι
3205 3895 3474 3954 Sacerdos
3503 3905 3702 3973 quippe
3746 3883 3930 3962 Domi-

2340 3989 2466 4028 num
2493 3991 2656 4046 super
2694 3980 2968 4038 hominem
3001 3987 3183 4041 verbis
3218 3989 3433 4046 invocat
3460 4012 3471 4046 :
3503 3997 3596 4049 sed
3630 3998 3743 4067 ipse
3768 4014 3934 4069 super

2338 4077 2460 4117 cum
2528 4066 2787 4123 Dominus
2851 4073 3283 4132 benedictionem
3349 4066 3664 4141 efﬁcaciter,
3703 4066 3925 4145 format.

2338 4151 2574 4210 Effectus
2600 4157 2781 4227 itaque
2807 4161 3204 4222 benedictionis
3232 4185 3336 4224 non
3369 4173 3423 4226 in
3453 4177 3647 4229 merito
3677 4181 3930 4233 sacer'du-

2339 4243 2410 4296 tis
2430 4253 2663 4310 constat,
2686 4249 2779 4302 sed
2805 4251 2947 4305 hunc
2991 4255 3261 4310 invocatio
3283 4257 3451 4315 divini
3484 4267 3718 4320 nominis
3755 4271 3931 4323 admi-

2337 4334 2556 4397 nistrat,
2575 4347 2633 4390 ut
2654 4341 2796 4406 quod
2827 4355 2892 4395 ex
2917 4358 3013 4398 ore
3045 4360 3198 4400 sonat
3227 4349 3486 4416 hominis,
3508 4354 3682 4410 virtus
3707 4359 3927 4427 impleat

2336 4424 2631 4488 Creatoris,
2660 4438 2716 4482 et
2741 4446 2838 4498 per
2867 4433 3070 4504 indigni
3105 4451 3245 4505 saepe
3282 4441 3518 4497 hominis
3564 4424 3927 4503 ministerium

2337 4514 2512 4567 divina
2543 4519 2712 4572 virtus
2751 4536 2905 4574 suum
2940 4530 3206 4580 veraciter
3249 4527 3448 4585 eﬂiciat
3496 4549 3921 4592 sacramentum.

2335 4603 2438 4657 Sed
2472 4605 2603 4660 fatui
2637 4618 2689 4660 et
2721 4609 2957 4678 inmeriti
3009 4615 3231 4682 quilibet
3258 4619 3506 4676 homines
3553 4625 3604 4678 itt
3653 4628 3753 4680 hoc
3791 4644 3922 4696 pro-

2333 4695 2508 4761 pheta;
2540 4698 2705 4750 verbo
2745 4699 3042 4768 caligantes
3099 4719 3317 4773 errant,
3361 4714 3667 4769 nescientes
3713 4695 3926 4775 scilicet

2331 4799 2451 4852 qua:
2504 4786 2817 4855 loquuntur,
2847 4793 2928 4845 vel
2958 4796 3024 4848 de
3053 4799 3247 4864 quibus
3297 4802 3589 4860 afﬁrmant.
3644 4809 3696 4860 ltt
3753 4815 3926 4866 sacris

2333 4875 2531 4943 quippe
2558 4875 2857 4945 St'l‘ipiltt‘is
2883 4882 2954 4934 ita
2987 4885 3295 4942 maledictio
3324 4891 3613 4961 aliquando
3635 4911 3734 4964 pro
3757 4905 3923 4953 Slt‘l'iv

2337 4961 2507 5022 litate.
2538 4967 2678 5018 sicut
2715 4977 2770 5019 et
2802 4967 3108 5027 benediCLio
3159 4991 3257 5042 pro
3314 4995 3490 5034 rerum
3541 4961 3920 5054 temporalium

2334 5054 2554 5120 ponitur
2582 5059 2846 5112 ubertate.
2875 5061 2948 5113 De
2983 5080 3086 5132 qua
3132 5069 3389 5124 nimirum
3436 5073 3812 5135 benedictione
3869 5084 3920 5134 in

2333 5144 2470 5199 libro
2499 5148 2704 5218 Regum
2737 5152 2932 5207 dicitur
2969 5171 2980 5206 :
3021 5175 3037 5205 ι
3079 5157 3364 5216 Bertedixit
3407 5163 3662 5223 Dominus
3707 5168 3918 5225 Obede-

2333 5236 2437 5288 don
2463 5249 2514 5288 et
2550 5253 2766 5294 omnem
2798 5245 3014 5297 domum
3045 5249 3180 5316 ejus.
3216 5250 3640 5326 Nuntiatumque
3678 5268 3761 5313 cst
3804 5264 3919 5326 regi

2334 5326 2526 5394 David,
2556 5331 2681 5397 quia
2712 5331 2988 5390 benedixit
3017 5337 3275 5394 Dominus
3301 5341 3622 5410 Obededon,
3648 5359 3701 5400 ct
3733 5354 3914 5407 omnia

2325 5413 2443 5480 ejus
2469 5426 2690 5484 propter
2717 5437 2897 5476 arcam
2929 5424 3167 5490 Domini;
3199 5431 3442 5502 dixitque
3463 5454 3474 5486 :
3495 5455 3512 5486 r
3533 5437 3642 5501 ibo,
3669 5452 3724 5492 ct
3755 5445 3915 5496 redu-

2325 5519 2444 5556 cant
2487 5523 2669 5560 arcam
2726 5527 2848 5564 cum
2903 5515 3274 5574 lanedir'ﬂone
3339 5523 3390 5575 in
3456 5526 3673 5582 domum
3737 5548 3912 5589 meam

2327 5595 2413 5656 (il
2451 5596 2574 5666 Reg.
2603 5607 2701 5668 vr).
2737 5623 2754 5652 ι
2807 5603 2955 5658 Unde
3010 5622 3130 5659 cum
3186 5610 3472 5668 Psalmista
3511 5605 3860 5681 praemitteret
3895 5639 3909 5678 :

2333 5705 2350 5736 ι
2373 5687 2596 5742 Viduam
2622 5692 2732 5760 ejus
2765 5695 3087 5752 benedicens
3119 5701 3432 5760 benedicam
3460 5705 3631 5781 (Psal.
3650 5727 3859 5786 cam);
3885 5738 3905 5772 ι

4806 6201 5149 6393 ἀ
