5664 6652
0 6310 1395 6652 ἑᾷ

2329 450 2431 505 827

206 0 4293 178 "—

2780 448 2836 502 S.
2879 447 3077 503 PETRI
3128 448 3404 503 DAIIIASI
3444 445 3594 503 OPP.
3637 444 3868 500 TOIIUS
3901 448 4031 504 εει]
4066 449 4243 507 PARS
4284 450 4368 506 III.
4394 480 4465 492 —
4496 451 4859 510 OPUSCULA
4898 452 5124 509 VARIA.

5439 457 5542 517 ωε

2324 571 2387 615 nt
2419 561 2727 617 ostenderet
2755 561 2819 614 de
2844 576 2949 630 qua
3000 560 3371 616 benedictione
3394 563 3618 624 diceret,
3642 562 3886 629 protinus
3914 571 3966 628 Α
3994 575 4098 613 non
4124 561 4460 615 servantibus
4484 576 4515 616 e
4545 561 4821 617 contrario
4848 562 5276 616 maledictionem
5309 563 5541 620 min’atur

2328 651 2503 707 addit:
2524 669 2541 701 ι
2561 649 2826 719 Pauper-es
2854 651 2967 718 ejus
2989 652 3239 717 saturabo
3265 655 3488 721 panibus
3510 652 3682 724 (Psal.
3709 653 3839 722 ενι).
3861 674 3880 705 ι

2324 743 2391 797 Et
2412 742 2567 797 alibi:
2590 762 2607 793 ι
2629 743 2905 798 Benedisit
2929 745 3028 808 eis,
3054 754 3113 799 et
3142 745 3477 813 multiplicati
3508 754 3633 800 sunt
3659 746 3839 799 nimis.
3861 764 3879 798 ι

2324 831 2428 886 [bi
2470 842 2714 900 patenter
2766 834 3065 886 ostenditur
3112 835 3234 901 quia
3273 834 3577 897 benedixit,
3625 838 3726 890 hoc
3762 846 3881 897 est,

2318 920 2824 991 multiplicavit.Cui
2841 923 3013 978 simile
3036 932 3120 977 est
3139 925 3279 992 quod
3300 924 3392 977 lilii
3412 922 3608 993 Ioseph
3633 924 3883 978 dixerunt

2322 1010 2386 1063 ιιι
2410 1008 2608 1064 Iosue:
2638 1030 2655 1060 ι
2688 1012 2868 1077 Quare
2888 1013 3079 1067 dedisti
3106 1014 3235 1066 mihi
3272 1014 3663 1081 possessionem
3697 1015 3877 1076 sortis,

2315 1108 2370 1153 et
2395 1099 2611 1155 funiculi
2642 1102 2825 1166 unius;
2855 1118 2976 1155 cum
3003 1103 3101 1156 siin
3134 1113 3290 1155 tanta:
3315 1102 3762 1166 multitudinis,et
3785 1104 3877 1157 be—

2312 1189 2517 1245 nedixit
2544 1192 2671 1244 mihi
2703 1190 3306 1260 Dominus?(los.xvn.)
3334 1210 3351 1243 ι
3379 1192 3687 1247 Benedictio
3717 1194 3878 1261 igitur

2312 1279 2600 1348 aliquando
2627 1280 3049 1344 multitudinem,
3083 1280 3373 1348 aliquando
3408 1282 3681 1351 signiﬁcat
3719 1283 3874 1334 uber-

2313 1379 2500 1425 tatem.
2532 1372 2599 1431 At
2632 1381 2839 1435 contra,
2868 1374 3228 1425 contemnenti
3258 1374 3509 1426 mandata
3547 1373 3761 1425 cuilibet
3791 1387 3873 1425 re-

2307 1459 2480 1527 probo
2517 1474 2613 1527 per
2659 1458 2874 1529 Moysen
2915 1459 3154 1513 dicitur:
3188 1480 3205 1511 ι
3245 1460 3583 1515 Maledictum
3617 1462 3870 1514 horreum

2306 1557 2477 1612 tuum,
2495 1560 2549 1602 et
2573 1548 2870 1603 maledietze
2897 1550 3137 1618 reliquis:
3163 1560 3294 1614 tuze;
3318 1553 3632 1605 maledictus
3664 1551 3870 1604 fructus

2301 1638 2510 1692 ventris
2558 1638 2650 1703 tui,
2703 1648 2759 1693 et
2789 1638 2995 1693 fructus
3037 1651 3192 1694 terra:
3233 1642 3532 1710 tumulant.
3563 1642 3819 1710 xxxvui);
3845 1662 3862 1690 ι

2304 1729 2447 1783 unde
2473 1728 2630 1799 paulo
2658 1740 2772 1798 post
2802 1749 2816 1782 :
2855 1750 2872 1781 ι
2907 1731 3076 1785 Μὶιιει
3102 1732 3357 1786 Dominus
3395 1747 3555 1801 super
3586 1741 3635 1785 te
3670 1731 3866 1785 laniem

2302 1829 2359 1873 et
2382 1820 2618 1873 esuriem
2650 1819 2855 1887 (Ibid.).
2879 1840 2896 1870 ι
2932 1820 3291 1885 Quamobrem
3324 1828 3378 1873 et
3401 1820 3450 1873 in
3475 1822 3575 1874 hoc
3592 1821 3865 1876 Malacbim

3990 647 4180 717 inopia:
4210 665 4223 701 :
4258 648 4494 718 alioquin
4517 665 4648 705 vero
4698 666 4807 719 quo
4844 660 4998 720 pacto
5038 652 5174 706 Deus
5208 655 5540 723 omnipotens

3986 740 4308 795 sacerdotali
4354 742 4699 796 malediceret
4724 742 5121 805 benedictioui,
5167 758 5327 812 quam
5371 746 5539 799 virtus

3984 830 4065 882 sui
4095 839 4382 883 consecrat
4417 832 4691 885 nominis?
4730 830 4864 885 Cum
4894 832 5057 895 enim,
5107 831 5245 885 sicut
5294 834 5536 900 superius

3981 919 4181 972 dictum
4214 929 4314 983 est,
4341 934 4504 987 super
4529 936 4688 989 quem
4732 936 4926 975 nomen
4973 921 5181 976 Domini
5236 922 5530 991 invocatur,

3979 1007 4347 1063 indubitanter
4372 1010 4439 1063 ab
4467 1010 4584 1078 ipso
4615 1010 4842 1065 Domino
4888 1012 5238 1075 benedicitur,
5271 1015 5533 1079 quomodo

3977 1112 4316 1167 consequens
4342 1109 4426 1153 est
4474 1110 4531 1153 ut
4559 1114 4677 1154 eam
4701 1100 5128 1160 bene.!ictioneui
5146 1100 5398 1155 Dominus
5423 1117 5530 1154 rna-

3976 1184 4195 1251 ledicat,
4227 1204 4323 1257 per
4349 1203 4510 1257 quam
4541 1189 4656 1258 ipse
4681 1189 4954 1242 hominem
4998 1184 5096 1257 per
5142 1189 5529 1244 invocationem

3974 1275 4054 1329 sui
4093 1278 4325 1331 nominis
4379 1279 4681 1333 benedieit?
4732 1278 4868 1333 llinc
4927 1288 5010 1333 est
5054 1280 5196 1348 quod
5245 1282 5530 1333 auctoritas

3972 1378 4237 1419 canonum
4262 1366 4415 1436 (Con.
4448 1367 4722 1435 apost.46,
4767 1377 4821 1421 et
4862 1368 5000 1423 (lists
5029 1367 5113 1429 32,
5155 1384 5271 1438 cap.
5312 1365 5526 1433 Pro-ter,

3974 1468 4193 1524 paragr.
4229 1455 4517 1511 Sciendum
4553 1458 4942 1527 sententiam")
4971 1459 5131 1512 etiam
5153 1474 5181 1512 a
5205 1459 5526 1529 pestilentio-

3967 1544 4117 1599 ribus
4142 1548 4407 1601 bmreticis
4431 1549 4730 1617 baptizatos
4750 1549 5000 1617 prohibet
5027 1551 5213 1603 iterum
5236 1550 5520 1618 baptizari;

3968 1649 4035 1688 ne
4069 1636 4318 1690 videlicet
4345 1653 4539 1691 nomen
4567 1640 4682 1704 Dei,
4713 1640 4853 1707 quod
4889 1640 5192 1693 invocatum
5243 1648 5325 1693 est
5366 1655 5526 1709 super

3966 1724 4106 1789 illos,
4132 1726 4375 1780 videatur
4404 1728 4690 1794 annullari,
4726 1727 4805 1782 vel
4835 1731 4888 1783 in
4921 1731 5131 1783 irritum
5177 1731 5315 1784 duci.
5360 1730 5520 1797 Quis—

3964 1816 4085 1883 quis
4112 1827 4372 1885 prteterea
4399 1818 4523 1871 dum
4556 1821 4865 1873 sacerdotes
4895 1820 5157 1889 quoslibet
5180 1821 5519 1875 obtrectatio-

2301 1908 2641 1973 tcstimonio,
2680 1918 2738 1963 ut
2787 1924 2891 1963 non
2931 1911 3289 1979 intelligamus
3336 1911 3726 1966 maledic-tionis
3779 1913 3859 1966 vel
3895 1913 3936 1969 Β
3967 1908 4122 1962 nibus
4178 1909 4403 1975 lacerat.
4453 1925 4639 1965 eorum
4691 1912 5038 1967 nihilominus
5087 1925 5141 1967 et
5191 1926 5519 1969 sacramenta

2298 2001 2657 2055 anathematis
2674 2001 2909 2068 iaculum
2938 2004 3258 2071 intorqueri.
3286 2004 3378 2059 sed
3408 2004 3564 2058 famis
3594 2016 3648 2058 et
3671 2007 3861 2074 inopia:

2298 2090 2617 2161 supplicium
2643 2093 2921 2159 intentari,
2948 2096 3246 2162 praemittit,
3276 2097 3487 2151 dicens:
3510 2118 3527 2149 ι
3550 2098 3604 2151 Si
3628 2099 3858 2153 nolueri-

2296 2187 2389 2249 tis,
2419 2186 2609 2255 inquit,
2644 2202 2841 2255 ponere
2870 2203 3030 2256 super
3082 2204 3176 2243 cor
3206 2198 3263 2242 ut
3306 2191 3444 2245 detis
3490 2192 3711 2261 gloriam
3758 2209 3856 2246 no-

2293 2274 2425 2327 mini
2454 2289 2589 2336 meo,
2621 2276 2829 2328 mittam
2858 2277 2907 2328 in
2939 2291 3035 2331 vos
3062 2287 3384 2346 egestatem;
3422 2299 3439 2331 ι
3477 2298 3707 2351 moxque
3733 2284 3859 2338 sub-

2286 2362 2575 2432 jungitur:
2622 2382 2639 2413 ι
2678 2363 2743 2416 Ει
2791 2364 3103 2419 maledicam
3154 2367 3611 2423 benedictionibus
3666 2374 3856 2427 vestris

2292 2452 2550 2520 (Halat-li.
2582 2453 2666 2523 ιι).
2694 2473 2711 2504 ι
2745 2454 2875 2507 Cum
2904 2471 3032 2522 ergo
3061 2467 3351 2525 egestatem
3399 2461 3698 2527 praemittit.
3728 2463 3854 2529 quid

2289 2543 2754 2597 maledictionibus
2778 2544 2997 2613 intelligi
3022 2548 3167 2611 velit,
3186 2546 3301 2600 luce
3322 2548 3518 2602 clarius
3545 2550 3851 2604 innotescit.

2287 2632 2367 2684 Ac
2397 2632 2441 2683 si
2472 2631 2612 2685 dicat
2641 2648 2654 2683 :
2686 2631 2741 2685 Si
2788 2635 3221 2702 contempseritis
3273 2648 3537 2705 pisecepta
3590 2654 3706 2691 mea
3729 2680 3742 2702 ,
3798 2640 3851 2693 in

2285 2721 2483 2775 vestris
2510 2722 2760 2775 cordibus
2789 2734 3068 2791 ponentes,
3106 2726 3245 2793 quod
3279 2729 3547 2794 praecipue
3596 2732 3850 2797 pertime-

2286 2811 2454 2875 scitis,
2512 2813 2610 2865 sub
2639 2814 2893 2881 egestatis
2921 2829 3014 2867 vos
3058 2824 3111 2868 et
3145 2816 3335 2884 inopia:
3384 2816 3576 2870 faciam
3626 2822 3847 2887 penuria

2284 2902 2588 2969 suspirare;
2621 2913 2677 2955 ut
2707 2904 2816 2971 ipsa
2845 2919 2939 2957 vos
2967 2914 3121 2958 terra:
3151 2915 3343 2959 vestite
3368 2908 3625 2962 sterilitas
3649 2907 3841 2973 feriat,

2284 2993 2412 3046 dum
2437 2994 2489 3046 in
2518 2992 2850 3061 proferendis
2867 2994 3127 3049 bonorum
3149 3011 3369 3065 Operum
3398 2997 3634 3067 frugibus
3660 3003 3845 3055 vit‘um

2286 3094 2384 3135 vos
2412 3081 2711 3135 sterilitatis
2735 3094 2951 3136 accusat
2980 3101 2992 3136 :
3024 3093 3077 3137 et
3106 3085 3280 3153 inopia
3310 3102 3404 3138 vos
3428 3090 3633 3143 cruciet
3661 3106 3846 3157 corpo-

2280 3186 2424 3235 rum,
2447 3172 2536 3240 qui
2564 3172 2804 3226 videlicet
2831 3173 3083 3228 alimenta
3112 3176 3379 3244 negligitis
3400 3178 3723 3233 animarum.
3756 3181 3840 3243 Et,

3959 1998 4316 2066 blasphemat.
4354 2001 4489 2066 Quid
4518 2002 4679 2055 etiam
4720 2004 4907 2057 beatus
4934 2002 5097 2058 Iudas
5140 2007 5407 2074 aposto’us
5455 2006 5518 2061 de

3958 2087 4460 2158 blasphemantibus
4484 2091 4536 2143 in
4562 2091 4796 2159 Epistola
4826 2108 4919 2145 sua
4945 2093 5211 2161 loquatur.
5244 2094 5517 2149 attendat:

3959 2178 4092 2233 Nam
4128 2196 4247 2233 eum
4282 2181 4631 2249 praemisisset
4687 2183 4753 2237 de
4786 2184 5102 2252 quibusdam
5157 2184 5246 2252 qui
5280 2184 5517 2239 domina-

3958 2272 4156 2324 tionem
4186 2282 4473 2340 spernunt,
4518 2272 4851 2340 majestatem
4890 2284 5064 2327 autem
5111 2273 5513 2343 bl.:spbemant,

3959 2369 4157 2428 prmsto
4181 2360 4464 2414 subintnlit
4507 2378 4519 2412 :
4556 2379 4573 2411 ι
4610 2362 4742 2415 Cum
4774 2362 5021 2426 Michael,
5054 2363 5247 2431 inquit,
5290 2364 5515 2416 archan-

3955 2451 4121 2519 gelus,
4154 2468 4275 2504 cum
4313 2451 4528 2505 diabolo
4548 2452 4849 2521 disputans,
4889 2454 5237 2507 altercaretur
5262 2454 5325 2507 de
5354 2453 5514 2523 Moysi

3954 2556 4199 2609 corpore,
4232 2558 4333 2594 non
4357 2553 4440 2595 est
4461 2544 4899 2611 aususjudicium
4924 2544 5125 2598 inferre
5152 2543 5507 2612 blasphemim.

3954 2630 4046 2683 sed
4075 2631 4208 2683 dixit
4240 2648 4252 2682 :
4284 2630 4513 2699 Imperet
4545 2632 4636 2684 tibi
4676 2632 4932 2686 Dominus
4959 2632 5106 2702 (Iud.
5138 2632 5198 2703 l).
5234 2652 5251 2684 ι
5306 2634 5361 2687 Si
5387 2650 5513 2701 ergo

3952 2733 4198 2771 sunmus
4226 2718 4448 2785 angelus
4487 2720 4537 2772 in
4575 2720 4844 2774 diabolum
4886 2721 5227 2791 blasphemia:
5250 2721 5507 2790 judicium

3950 2823 4055 2860 non
4108 2810 4449 2877 praesumpsit
4504 2809 4757 2864 inferre:
4795 2813 5060 2880 (litomodo
5118 2830 5221 2867 non
5278 2816 5511 2883 pavescit

3949 2894 4110 2948 homo
4140 2906 4504 2959 sacramenta,
4533 2913 4651 2965 qure
4688 2899 4883 2953 νὶίιυιε
4906 2902 5073 2955 sancti
5100 2902 5329 2969 Spiritus
5350 2902 5507 2972 plena

3949 2993 4094 3048 sunt,
4128 2986 4389 3039 irridere?
4419 2984 4550 3038 Nam
4579 3002 4699 3040 cum
4737 2987 4947 3043 Veritas
4986 2991 5127 3045 dicat
5154 3009 5167 3043 :
5208 3012 5225 3041 ι
5258 2992 5357 3057 Qui
5384 3008 5509 3062 pec-

3951 3081 4038 3123 cat
4064 3071 4115 3122 in
4155 3070 4417 3139 Spiritum
4442 3081 4710 3139 sanctum,
4742 3090 4847 3128 non
4881 3078 5182 3131 remittetur
5210 3079 5290 3141 ei,
5340 3095 5508 3149 neque

3948 3160 4055 3220 hic,
4082 3175 4180 3213 nec
4211 3162 4264 3212 in
4293 3159 4707 3230 futuro(.llattlt.
4735 3164 4863 3230 xu);
4888 3186 4906 3216 ι
4928 3166 5217 3220 timendum
5248 3168 5398 3222 valde
5425 3179 5508 3224 est

2275 3269 2339 3313 ut
2364 3260 2466 3315 hoc
2500 3260 2740 3329 ejusdem
2776 3264 3047 3333 prophette
3082 3266 3256 3320 verbis
3297 3267 3470 3322 adhuc
3516 3270 3712 3323 clarius
3750 3288 3842 3341 ap—
3871 3264 3913 3323 C
3948 3248 4183 3341 "imum
4208 3248 4276 3302 ab
4300 3250 4377 3302 eis
4402 3259 4612 3304 εουδίθί
4648 3250 4865 3317 "ﬂendi!
4893 3254 5009 3308 δίηθ
5036 3270 5142 3323 quo
5168 3267 5507 3326 Peccammm

2272 3352 2593 3419 probemus,
2647 3352 2803 3422 longe
2844 3356 3180 3421 postmodum
3228 3358 3409 3411 dicit:
3464 3379 3482 3410 ι
3532 3361 3677 3416 Gens
3732 3374 3841 3417 tota

2276 3440 2473 3494 inferte
2503 3457 2715 3495 omnem
2748 3444 3009 3496 decimam
3048 3444 3098 3497 in
3133 3446 3383 3500 horreum
3421 3464 3629 3515 meum,
3676 3462 3730 3504 et
3774 3454 3845 3506 sit

2277 3531 2430 3585 cibus
2458 3531 2510 3584 in
2539 3534 2696 3586 domo
2727 3548 2842 3585 mea
2876 3550 2888 3586 :
2922 3544 2974 3586 et
3013 3538 3232 3602 probate
3260 3552 3341 3590 me
3371 3554 3529 3607 super
3560 3541 3682 3601 hoc.
3712 3543 3845 3597 dicit

2273 3619 2549 3685 Dominus,
2576 3623 2618 3675 si
2656 3637 2759 3674 non
2783 3639 3044 3691 aperuere
3081 3627 3231 3679 vobis
3268 3636 3567 3683 cataractas
3597 3632 3746 3694 coeli,
3787 3641 3843 3685 et

2272 3710 2512 3766 eﬂ‘udero
2539 3713 2689 3766 vobis
2719 3714 3143 3769 benedictionem
3170 3733 3337 3786 usque
3363 3722 3426 3773 ad
3454 3723 3839 3778 abundantiam

2272 3801 2532 3872 (Malaclt.
2566 3804 2670 3872 ιιι).
2704 3824 2721 3855 ι
2755 3806 2920 3859 Porro
2946 3809 2989 3860 si
3018 3811 3446 3866 maledictionvm
3480 3818 3839 3871 anathematis

2272 3890 2384 3944 illic
2415 3891 2671 3947 Dominus
2703 3895 2957 3949 Voluisset
2985 3899 3226 3968 intelligi,
3259 3918 3361 3955 non
3392 3906 3634 3959 diceret:
3666 3926 3682 3957 ι
3727 3908 3836 3960 Ma-

2274 3979 2503 4033 ledicam
2528 3981 2987 4038 benedictionibus
3016 3991 3238 4051 vostris;
3284 4009 3301 4038 ι
3343 3994 3438 4043 sed
3480 3995 3694 4061 potius:
3725 3996 3837 4049 Ma-

2272 4068 2500 4121 ledicatn
2533 4069 2703 4135 vobis,
2734 4073 2823 4141 qui
2852 4074 3056 4128 scilicet
3081 4075 3401 4133 benedicere
3432 4098 3536 4135 non
3568 4096 3838 4141 merentes

2271 4158 2497 4211 audetis.

2343 4247 2406 4300 Et
2437 4258 2493 4300 ut
2517 4250 2655 4316 quod
2686 4250 2910 4303 dicimus
2948 4252 3110 4305 etiam
3142 4272 3205 4307 ex
3239 4256 3521 4327 Evangelio
3542 4259 3704 4330 538
3726 4279 3835 4315 ma-

2271 4340 2617 4394 nifestissime
2647 4344 3074 4410 comprobemus,
3102 4347 3172 4398 nil
3202 4341 3342 4402 aliud
3374 4351 3611 4406 ﬁculnea:
3634 4354 3831 4406 dixisse

2272 4428 2528 4481 Dominus
2558 4428 2767 4497 legitur.
2795 4432 2895 4482 nisi
2924 4433 3023 4485 hoc
3046 4436 3249 4487 solum:
3286 4457 3302 4487 ι
3336 4437 3451 4491 Jam
3480 4455 3581 4492 non
3607 4442 3831 4508 amplius

2270 4520 2322 4573 in
2385 4529 2645 4573 aeternum
2698 4522 2982 4588 quisquam
3033 4522 3263 4578 fructum
3322 4544 3383 4581 ex
3447 4539 3497 4581 te
3550 4533 3829 4585 manducet

3946 3337 4168 3392 oﬂ‘ensio
4198 3346 4429 3407 nequeat
4455 3342 4709 3397 relaxari.

4016 3445 4120 3499 Sed
4150 3462 4247 3502 cur
4270 3449 4336 3501 de
4365 3448 4474 3502 sola
4510 3451 4847 3505 sacerdotum
4895 3453 5009 3506 sive
5046 3465 5504 3511 sacramentorum

3942 3536 4332 3595 obtrectatione
4378 3542 4776 3608 eonquerimns,
4814 3558 4935 3597 cum
4965 3546 5030 3597 ab
5053 3546 5130 3599 eis
5154 3546 5333 3600 omnia
5363 3562 5498 3615 pene

3944 3627 4254 3693 dilacerari,
4282 3632 4463 3684 omnia
4488 3634 4734 3701 conspui,
4763 3636 4940 3690 omnii
4982 3636 5226 3690 dicantur
5256 3638 5501 3694 irrisione

3941 3716 4153 3784 publica
4190 3719 4553 3772 subsanuari?
4590 3720 4704 3773 Non
4743 3730 4847 3785 est,
4884 3723 5149 3792 inquiunt,
5187 3742 5345 3795 papa,
5395 3744 5499 3781 non

3951 3818 4065 3868 rex,
4099 3820 4201 3857 non
4234 3806 4695 3876 archiepismpus,
4722 3825 4893 3875 neque
4924 3815 5190 3866 sacerdos.
5230 3813 5377 3869 Unde
5428 3817 5503 3869 fa-

3940 3902 4083 3947 ctum
4110 3904 4208 3957 est,
4238 3897 4374 3949 sicut
4405 3899 4620 3963 dicitur,
4648 3911 4707 3953 ut
4736 3902 4878 3954 mille
4908 3904 5124 3957 circiter
5154 3906 5393 3961 homines
5423 3909 5505 3962 his

3941 3986 4095 4053 nugis
4124 3987 4418 4054 nzeuiisque
4448 3990 4675 4059 decepti,
4725 3992 4843 4045 sine
4875 4005 5211 4049 sacramento
5240 3996 5502 4052 Deminiei

3938 4078 4179 4144 corporis
4221 4087 4275 4129 et
4325 4080 4601 4147 sanguinis
4649 4096 4715 4134 ex
4763 4083 4865 4137 hoc
4916 4086 5115 4139 mundo
5160 4092 5499 4144 recesserint.

3938 4164 4239 4231 Opinantur
4264 4169 4404 4221 enim
4438 4185 4531 4238 per
4560 4169 4716 4237 hujus
4748 4174 5000 4241 temporis
5030 4179 5335 4232 sacerdotes
5381 4181 5499 4233 nul-

3938 4253 4040 4306 lam
4074 4256 4124 4307 in
4158 4259 4509 4312 sacramentis
4558 4275 4713 4328 posse
4766 4261 4879 4314 tieri
4932 4265 5243 4329 veritatem;
5297 4267 5391 4321 sed
5448 4278 5501 4321 et

3936 4343 4285 4411 quamplures
4341 4348 4682 4415 reperiuntur
4714 4348 4969 4404 Ecclesia:
5030 4367 5160 4421 quas
5209 4370 5310 4408 non
5345 4359 5504 4411 modo

3947 4434 4058 4485 suis
4085 4436 4414 4502 ingressibus
4439 4438 4680 4503 indignas
4702 4440 5029 4504 ducunt,sed
5049 4457 5146 4495 nec
5169 4443 5505 4502 salutationis

3937 4523 4151 4589 quidem
4182 4526 4441 4592 obsequio
4466 4528 4682 4583 idoneas
4708 4529 5058 4585 arbitrantur.
5084 4530 5242 4602 539
5291 4533 5423 4589 Nam
5446 4547 5504 4592 et

2270 4608 2483 4673 (Matth.
2516 4608 2649 4678 χχι).
2682 4628 2699 4659 ι
2734 4611 2863 4675 Qua:
2891 4613 3141 4665 nimirum
3172 4616 3342 4669 verba.
3384 4617 3571 4673 Petrus
3616 4620 3831 4675 maledi-
3866 4592 3910 4648 υ
3940 4612 4174 4665 salutare
4202 4615 4521 4681 despiciunt.
4555 4632 4688 4685 quas
4714 4619 4899 4686 utique
4929 4620 5201 4675 dedicatas
5244 4622 5309 4675 ab
5352 4624 5499 4678 indi-

2268 4698 2501 4751 ctionem
2532 4698 2970 4767 appellavit,cutn
2994 4703 3039 4755 ei
3066 4707 3401 4772 postmodum
3433 4709 3565 4761 dixit
3595 4727 3606 4762 :
3644 4728 3659 4758 ι
3689 4709 3831 4766 Rab-

2272 4791 2349 4851 Iii,
2383 4804 2506 4843 ecce
2538 4792 2757 4844 litulnca
2808 4794 2893 4846 cui
2929 4794 3257 4849 maledixisti
3286 4800 3427 4851 aruit
3460 4800 3650 4867 (Marc.
3678 4804 3769 4872 ιι).
3808 4823 3823 4852 ι

2270 4878 2417 4933 Talis
2440 4896 2580 4933 enim
2616 4884 2915 4936 maledictio
2949 4888 3124 4953 primo
3152 4889 3354 4940 homini
3404 4890 3522 4943 data
3576 4904 3655 4943 est
3681 4933 3694 4951 ,
3743 4894 3826 4945 cui

2270 4972 2470 5023 dictum
2494 4981 2610 5024 est:
2650 4989 2667 5021 ι
2700 4973 2975 5028 Maledicta
3007 4987 3147 5030 terra
3177 4980 3228 5031 in
3255 4996 3416 5047 opere
3441 4996 3546 5042 tuo,
3580 5000 3697 5051 qum:
3722 4986 3827 5052 δρία

2270 5078 2369 5115 nas
2402 5071 2456 5116 ct
2510 5062 2734 5115 tribulos
2770 5068 3087 5131 germinabit
3131 5070 3220 5121 tibi
3264 5070 3415 5137 (Cen.
3447 5072 3617 5141 XXXI).
3655 5093 3672 5121 ι
3728 5075 3831 5125 Sed

2267 5160 2318 5202 ει
2348 5150 2447 5202 ista
2470 5150 2771 5204 sterilitatis
2794 5154 3094 5211 maledictio
3118 5160 3543 5213 benedictionem
3574 5164 3833 5216 ubertatis

2267 5241 2523 5307 excindit,
2555 5243 2694 5295 sicut
2724 5244 2774 5297 in
2806 5245 3097 5309 Pharaonis
3138 5254 3347 5305 somnio
3391 5271 3564 5308 γεραιέ
3606 5273 3827 5320 γεεεηε,

2269 5341 2323 5384 ει
2350 5332 2508 5401 spicae
2537 5332 2799 5387 devorant
2830 5336 3003 5403 spicas
3035 5336 3181 5406 (Cen.
3211 5343 3341 5410 xu).

2874 5444 3099 5500 CAPUT
3141 5449 3220 5502 III.

2410 5519 2559 5585 Quae
2592 5524 2679 5592 qui
2721 5528 3015 5580 sacerdotes
3055 5531 3321 5597 lacerant,
3364 5550 3687 5592 sacramenta

2864 5598 3237 5664 blasp/temunt.

2339 5665 2489 5726 Sicut
2529 5687 2659 5742 ergo
2692 5674 2778 5727 hic
2828 5688 3088 5746 praecepta
3138 5684 3479 5738 servantibus
3522 5702 3625 5740 non
3670 5689 3827 5741 aliam

2271 5770 2428 5813 uuam
2468 5758 2889 5819 benedictionem
2916 5769 3179 5835 promittit
3207 5771 3578 5841 abundantiae;
3618 5777 3687 5830 ita
3721 5777 3829 5831 illic

3938 4704 4056 4772 guis
4089 4704 4268 4756 nescio
4306 4706 4499 4771 quibus
4519 4708 4781 4776 episcopis
4816 4711 5498 4780 suspicantur.Enimvero,

3939 4809 3996 4844 u.
4036 4793 4207 4847 Lucas
4258 4804 4471 4857 narrat,
4505 4798 4597 4850 'ait
4640 4797 4880 4850 I‘aulns:
4919 4817 4936 4847 t
4973 4798 5235 4853 Caesarem
5289 4802 5499 4870 appello

3937 4881 4070 4945 (Act.
4102 4886 4245 4949 xxv).
4287 4904 4303 4934 ι
4337 4884 4431 4937 Cui
4462 4885 4651 4939 Festus
4691 4904 4703 4937 :
4743 4905 4760 4935 ι
4788 4887 5075 4951 Caesarem,
5112 4889 5294 4955 inquit,
5312 4894 5494 4959 appel-

3936 4973 4075 5035 lasti,
4108 4977 4175 5027 ad
4201 4975 4466 5029 Creserem
4502 4980 4603 5030 ibis
4626 4977 4712 5048 (ΙΙ
4735 4978 4855 5032 Con.
4890 4980 5006 5047 xu).
5032 5000 5049 5032 ι
5077 4982 5238 5037 Estne
5267 4985 5491 5038 scelera-

3942 5065 4043 5115 tior
4084 5082 4215 5134 papa
4263 5084 4421 5135 quam
4469 5068 4641 5122 Nero?
4691 5070 4970 5125 Credimus
5029 5076 5311 5127 monachos
5362 5078 5490 5130 istos

3940 5158 4236 5209 sanctiores
4266 5173 4382 5209 esse
4413 5175 4572 5225 quam
4604 5160 4865 5213 Paulum?
4890 5162 4997 5215 Cur
5020 5178 5146 5233 ergo
5175 5164 5485 5233 I‘ax:lus,qui

3942 5245 4081 5295 tertii
4128 5246 4246 5296 (λιιιΙὶ
4292 5247 4519 5297 trihnns-l
4560 5261 4684 5301 ante
4727 5253 5139 5311 conscenderat.
5192 5255 5489 5309 Neroniana

3940 5333 4248 5397 conspectui
4288 5349 4391 5384 non
4436 5335 4503 5385 sit
4548 5337 4870 5405 dedignatus
4918 5320 5197 5403 :IS:lsIt‘rC;
5244 5344 5363 5411 quis
5408 5354 5490 5397 est

3941 5423 4231 5475 monachus
4264 5425 4378 5489 qui,
4411 5440 4503 5492 pro
4534 5443 4641 5479 sua:
4672 5431 4970 5483 sanctitatis
4995 5434 5320 5499 arrogantia,
5349 5434 5488 5489 sedis

3934 5513 4237 5577 apostolica:
4284 5516 4471 5566 debeat
4507 5516 4767 5582 judicium
4810 5523 5131 5587 reprobarc?
5167 5524 5251 5575 ubi
5288 5525 5488 5579 scilicet

3934 5616 4036 5652 non
4072 5603 4302 5655 hominis
4349 5608 4615 5663 merLtnm.
4653 5608 4745 5659 sed
4790 5610 5166 5663 ecclesiastica:
5215 5596 5487 5681 digaiitatis

3934 5693 4227 5743 attenditur
4258 5695 4574 5746 institutum.
4618 5696 4717 5765 Ipsi
4767 5699 4961 5766 quippe
5011 5701 5060 5752 in
5113 5686 5484 5769 angionrttmm

3934 5782 4139 5849 angulis
4175 5783 4439 5851 judicent,
4474 5794 4523 5837 c'.
4555 5778 4961 5857 synodalinju'ra
4994 5789 5312 5856 detrectant,
5353 5794 5483 5862 d:,u-
