5664 6656
665 469 763 526 5Ξ9

1542 459 1784 517 OPUSC.
1828 456 2016 512 XXXI.
2047 486 2116 496 —
2153 453 2430 511 CONTRA
2475 453 3028 511 PﬁlLARC-YRIAM.

3818 449 3939 501 830-

661 585 835 638 dicant
852 579 1165 643 monachos,
1193 575 1461 633 cicricalia
1485 582 1677 628 cuncta
1698 572 2082 635 corrodunt,et
2107 571 2237 624 solis
2266 571 2312 630 Α
2343 569 2464 624 fidei
2491 569 2710 623 tramite
2737 584 2843 622 non
2869 568 3121 623 declinat.
3171 563 3370 621 Odiosa
3399 563 3686 625 sanctitas,
3718 575 3838 630 qua:
3869 561 3928 613 iu

661 672 826 738 laicis,
863 670 954 741 qui
979 669 1234 723 videlicet
1261 665 1442 721 acrius
1471 679 1536 718 ac
1576 664 1891 718 mordacius.
1914 662 2232 730 insequendi

661 773 797 825 sunt,
814 769 1063 832 parcunt.
1079 759 1274 815 Vident
1297 755 1617 810 monachum
1646 751 2014 817 incedentem;
2033 753 2232 819 aspice,

659 853 944 923 inquiunt.
991 864 1163 904 unum
1205 845 1506 915 scapulare.
1549 843 1962 912 Presbyterum,
1995 841 2077 896 vel
2109 841 2237 909 Epi-

660 957 882 1011 scopum
918 940 1070 995 abire
1109 935 1466 1006 prospiciunt,
1497 933 1812 987 barbirasos
1845 947 1903 986 se
1933 933 2114 987 videre
2153 932 2233 1001 fa-

659 1039 861 1085 tentur.
891 1029 936 1083 A
967 1028 1163 1097 quibus
1194 1025 1357 1079 etiam
1394 1023 1440 1077 si
1472 1021 1774 1076 benedictio
1800 1023 2083 1089 queritur,
2118 1021 2236 1074 nu!-

657 1120 867 1184 latenus
927 1116 1312 1186 respondetur;
1377 1111 1626 1185 protinus
1697 1120 1950 1164 avertunt
2013 1111 2235 1176 oculos,

655 1217 962 1265 asserentes
991 1206 1197 1262 scilicet
1241 1218 1365 1268 eos,
1396 1201 1592 1272 quibus
1639 1201 2235 1272 respondeatur,indi-

658 1314 814 1373 gnos.

1250 1381 1479 1440 CAPUT
1517 1381 1606 1438 IV.

881 1475 992 1532 Cur
1032 1475 1212 1531 Juda'i
1250 1475 1303 1526 in
1344 1471 1610 1526 Christum
1649 1469 1785 1523 male
1823 1469 2018 1539 aﬂ'ecli.

726 1567 840 1626 Nos
861 1569 1020 1622 etiam
1051 1567 1096 1620 si
1125 1580 1245 1620 eum
1274 1563 1650 1634 peccatoribus
1671 1559 2160 1623 communicamus,
2187 1567 2243 1612 et

661 1659 826 1715 simul
853 1659 1139 1718 vescimur,
1182 1654 1635 1709 obtrectationum
1675 1667 1797 1705 mox
1839 1650 1952 1704 sale
1982 1664 2241 1718 consper-

661 1751 862 1822 gimur,
878 1748 1203 1808 laceramur,
1220 1745 1445 1814 parique
1473 1758 1595 1797 cum
1615 1741 1716 1796 illis
1736 1739 2000 1796 sententia
2021 1738 2244 1792 damna-

663 1837 834 1893 tionis
890 1835 1212 1890 involvimur
1265 1850 1278 1885 :
1337 1832 1446 1885 into
1500 1846 1622 1895 nos,

1695 1844 1820 1892 nos,
1884 1827 2103 1894 inquam
2130 1866 2145 1890 ,
2190 1835 2255 1880 ct.

2340 662 2587 716 haeresim
2613 659 2886 723 illabitur;
2921 669 2975 713 et
3010 658 3138 713 dum
3163 670 3262 726 per
3307 654 3422 709 triti
3455 653 3668 708 itineris
3701 651 3926 705 ductum

2339 752 2662 822 dedignatur
2690 751 2962 813 incedere,
2987 765 3085 820 per
3115 747 3392 801 anfractus
3425 755 3474 800 et
3520 743 3740 797 ruinosa
3767 740 3928 794 devia

2340 843 2680 913 compellitur
2734 842 3018 896 obcrrare.
3069 839 3244 894 Nimia
3284 849 3432 892 certe
3483 833 3822 889 immunditia
3870 832 3928 884 in

2341 934 2597 989 hereticze
2636 933 2977 1002 contagionis
3024 931 3260 986 illuviem
3309 928 3679 990 Novatianos,
3732 924 3824 994 qui
3871 931 3930 977 ct

2339 1021 2559 1078 Cathari
2589 1023 2860 1086 dicuntur,
2895 1023 3158 1077 immersit
3183 1037 3198 1088 ;
3227 1022 3390 1074 nimia
3425 1019 3687 1074 sanctitas
3709 1014 3932 1072 Lucife-

2343 1114 2543 1176 rianos,
2580 1122 2836 1182 tanquam
2869 1112 3208 1183 perniciosos
3233 1111 3484 1180 palmites
3505 1152 3519 1175 ,
3557 1108 3625 1163 ab
3662 1108 3927 1164 ecclesia-

2341 1206 2463 1261 stici
2492 1206 2740 1274 corporis
2761 1206 2971 1260 unitate
3000 1205 3266 1275 praecidit.
3307 1203 3409 1270 Qui
3456 1204 3584 1257 dum
3637 1201 3932 1271 prohibent

2341 1312 2449 1351 non
2473 1297 2638 1352 licere
2667 1296 2809 1365 quod
2844 1296 2987 1360 licet,
3022 1312 3086 1350 ac
3110 1311 3207 1365 per
3233 1295 3336 1349 hoc
3354 1292 3566 1362 jactant
3599 1307 3658 1346 se
3679 1290 3932 1346 defenso~

2344 1402 2431 1441 res
2460 1401 2581 1440 esse
2613 1386 2859 1456 iustitiae,
2903 1386 3086 1440 hostes
3115 1384 3496 1453 adjudieantur
3526 1381 3781 1437 Ecclesia:
3807 1420 3821 1442 ,
3871 1387 3933 1433 nt

2342 1475 2922 1550 siiu'metextrinsecus,
2939 1473 3084 1527 velut
3106 1488 3252 1526 rana:
3272 1473 3323 1526 in
3343 1469 3932 1541 paludibus,garriant.

2343 1565 2433 1634 qui
2465 1565 2591 1618 dum
2617 1565 2877 1626 inessent,
2933 1563 3238 1632 importune
3291 1561 3698 1626 vociferantes,
3748 1558 3934 1613 omnia

2344 1655 2764 1710 confundebant.
2817 1653 3132 1721 Hujusmodi
3182 1652 3381 1722 quippe
3464 1665 3599 1704 enus
3650 1649 3934 1704 hominum

2347 1746 2496 1800 ranis
2525 1745 2638 1799 sive
2668 1744 2892 1799 locustis
2935 1744 3145 1798 merito-
3175 1750 3556 1812 comparatur;
3593 1741 3740 1810 quia,
3793 1740 3936 1793 sicut

2349 1834 2639 1905 :Egyptum
2671 1833 2761 1886 illa
2794 1841 2920 1886 tunc
2947 1829 3202 1888 animalia
3248 1837 3663 1899 percusserunt,
3712 1829 3788 1882 ita
3835 1841 3935 1896 per

661 1927 922 1997 ipsissimi
975 1938 1163 1981 sumus
1198 1922 1288 1992 qui
1329 1936 1515 1977 eorum
1550 1919 1752 1989 indigni
1776 1918 2086 1988 judicamur
2109 1915 2240 1969 allo-
2275 1918 2318 1976 Β
2349 1923 2448 1977 nos
2481 1936 2624 1976 nunc
2648 1930 2892 1974 vastatur

1701 1919 1752 1972 ιιί
1776 1918 2086 1988 ,ἱυάίεθηλυΐ
2109 1915 2240 1969 ³110-
2275 1918 2318 1976 Β
2349 1923 2448 1977 bos
2481 1936 2624 1976 nunc
2648 1930 2892 1974 vastatur
2929 1920 3191 1974 Ecclesia.
3233 1916 3367 1972 Nam
3407 1919 3472 1973 de
3511 1917 3735 1971 locustis
3784 1915 3934 1971 Scri-

660 2019 806 2089 quio,
824 2017 915 2087 qui
937 2031 1123 2071 eorum
1149 2014 1346 2069 sociale
1371 2012 1788 2069 contubernium
1813 2026 1920 2063 non
1944 2022 2239 2064 meremur.

663 2106 771 2164 Sed
804 2109 920 2162 haec
949 2122 1053 2162 non
1085 2104 1467 2161 monachorum
1496 2114 1578 2157 est
1611 2101 1812 2172 regula,
1842 2101 1939 2156 sed
1973 2100 2242 2168 supersti-

660 2199 738 2256 tio
768 2197 1164 2254 Pltarisaaorum
1197 2213 1209 2248 :
1247 2213 1272 2245 ι»
1300 2192 1746 2258 Murmurabaut,
1792 2193 1968 2262 inquit
2008 2207 2243 2259 evange-

660 2286 803 2348 lista,
839 2286 1041 2340 Scriba:
1065 2294 1120 2339 et
1142 2284 1419 2346 Pharisaei.
1448 2283 1691 2337 dice-stes
1724 2297 1739 2336 :
1773 2282 1905 2348 Quia
1940 2283 2030 2336 hic
2053 2296 2246 2350 peccao

662 2386 810 2430 tores
841 2375 1052 2444 recipit,
1085 2381 1138 2428 et
1180 2373 1467 2427 manduca!
1498 2387 1620 2426 cum
1663 2372 1767 2425 illis
1795 2367 1945 2441 (Luc.
1977 2375 2090 2440 xv).
2131 2389 2149 2421 ›
2182 2371 2246 2424 Et

663 2468 779 2521 haec
808 2475 893 2521 est
915 2466 1066 2520 radix
1093 2473 1148 2519 et
1170 2473 1282 2518 tota
1307 2463 1538 2518 materia
1579 2461 1722 2518 unde
1748 2463 1935 2517 feralis
1977 2463 2030 2516 in
2065 2461 2244 2516 Domi-

662 2569 788 2608 num
815 2553 965 2608 furor
982 2552 1189 2609 Judaici
1215 2554 1406 2607 livoris
1429 2553 1710 2608 incanduit
1735 2570 1750 2619 ;
1785 2553 1910 2607 hinc
1937 2553 1991 2607 in
2016 2565 2246 2609 mortem

661 2641 778 2709 ejus
829 2643 1058 2710 viperini
1102 2641 1241 2696 fellis
1288 2641 1497 2696 malitia
1550 2642 1928 2710 conspiravit:
1990 2641 2245 2694 nimirum

662 2733 789 2800 quia
818 2747 878 2786 se
895 2732 1152 2801 putabant
1174 2731 1425 2800 legalium
1449 2731 1897 2787 ceremoniarum
1927 2746 2045 2786 esse
2068 2743 2248 2786 custov

663 2821 789 2886 des,
827 2822 1109 2875 Dominum
1134 2830 1315 2874 autem
1342 2821 1642 2891 arguebant
1667 2821 1900 2875 amicum
1925 2821 2243 2889 publicano-

662 2923 803 2975 rum,
841 2922 897 2966 et
919 2912 1154 2966 Sabbata
1181 2908 1749 2965 violantem.Delectat
1772 2923 1856 2962 me
1876 2925 1997 2962 cum
2025 2911 2248 2963 Domino

661 3015 785 3055 meo
815 3002 959 3055 hanc
987 2999 1228 3070 perferre
1263 2998 1611 3062 calumniam,
1651 3008 1703 3053 et
1729 2997 1872 3052 malo
1915 3013 2037 3052 cum
2074 2997 2164 3052 illo
2194 2999 2247 3051 in

668 3093 835 3147 domo
862 3090 992 3145 Levi
1028 3091 1320 3146 carnali.er
1353 3091 1564 3153 vivere,
1608 3096 1768 3158 quam
1801 3090 1858 3144 in
1887 3089 2252 3143 tabernaculis

661 3190 1015 3251 peccatorum
1045 3178 1214 3250 (Psal.
1233 3179 1484 3246 Lxxxttt),
1513 3179 1613 3231 hoc
1633 3194 1691 3232 es
1725 3219 1738 3242 ,
1761 3192 1881 3232 cum
1909 3179 2115 3231 sanctis
2139 3179 2250 3232 Deo

2347 2022 2507 2081 ptura
2536 2011 2709 2066 dicit:
2747 2029 2764 2061 ι
2795 2009 2933 2076 Quia
2972 2017 3308 2078 operuerunt.
3339 2008 3649 2062 universam
3699 2005 3932 2075 superfi-

2346 2101 2482 2155 ciem
2519 2108 2696 2164 terrae,
2743 2107 3018 2152 vastantes
3046 2097 3266 2162 omnia;
3310 2116 3329 2148 ι
3384 2109 3618 2164 moxque
3655 2093 3938 2164 subiungi-

2349 2201 2472 2250 tur:
2505 2212 2522 2244 ε
2555 2194 2816 2248 Devorata
2848 2200 2932 2247 est
2959 2191 3124 2262 igitur
3163 2191 3328 2244 herba
3365 2199 3543 2254 terra,
3573 2200 3628 2245 et
3664 2190 3932 2260 quidquid

2347 2298 2628 2354 pomorum
2679 2283 2730 2336 in
2781 2282 3073 2336 arboribus.
3113 2281 3214 2334 fuit
3266 2280 3463 2351 (Exod.
3495 2282 3572 2349 x).
3606 2300 3626 2334 ι
3687 2279 3938 2334 Locusta:

2348 2375 2614 2446 siquidem
2644 2375 2954 2428 universam
2993 2383 3154 2427 terra:
3181 2371 3524 2440 superficiem
3573 2381 3825 2436 vastant,
3879 2381 3936 2426 et

2349 2465 2550 2519 herbas
2570 2479 2694 2518 eum
2725 2463 2901 2532 pomis
2933 2463 3188 2515 arborum
3226 2461 3524 2526 devorant;
3573 2475 3694 2516 cum
3749 2461 3934 2515 detra-

2349 2573 2528 2613 ctores
2551 2557 2798 2628 quilibet,
2827 2555 2908 2610 vel
2938 2555 3152 2609 infirma
3177 2563 3386 2620 nostra,
3421 2552 3577 2623 quasi
3604 2551 3798 2606 herbas
3822 2551 3927 2604 hu-

2350 2647 2580 2710 milium,
2615 2646 2715 2710 vel,
2742 2646 2882 2699 sicut
2904 2645 3114 2700 fructus
3145 2645 3399 2698 arborum
3419 2683 3433 2708 ,
3458 2657 3624 2713 opera
3661 2639 3935 2711 perfecto-

2351 2756 2472 2796 rum
2503 2738 2852 2793 dilacerando
2879 2737 3193 2799 eorrodunt,
3231 2745 3286 2790 et
3312 2736 3474 2789 livido
3503 2733 3774 2788 mordacis
3800 2733 3938 2785 invi-

2352 2832 2454 2887 dia:
2487 2831 2647 2885 dente
2674 2838 3021 2883 consumunt.
3050 2826 3252 2882 Contra
3285 2840 3420 2895 quos
3450 2825 3580 2878 dicit
3608 2821 3943 2892 Apostolus:

2358 2941 2374 2974 ι
2410 2921 2598 2989 Capite
2624 2936 2742 2984 nos,
2775 2919 3048 2973 neminem
3080 2917 3350 2980 lzesimus,
3385 2916 3652 2970 neminem
3690 2913 3941 2982 corrupi.-

2354 3029 2503 3077 mns,
2550 3011 2822 3066 neminem
2874 3009 3335 3064 circumvenimus
3379 3005 3467 3078 (11
3497 3004 3619 3060 Cor.
3647 3005 3764 3073 vn).
3800 3023 3819 3056 ι
3873 3003 3945 3059 F4

2356 3103 2484 3156 alibi
2513 3101 2853 3170 exprobrans
2882 3101 2958 3154 ait
2990 3119 3002 3154 :
3042 3118 3062 3151 ι
3100 3100 3334 3155 Invicem
3370 3098 3669 3154 mordetis?
3707 3097 3940 3152 invicem

2357 3193 2583 3247 laeditis?
2601 3191 2790 3246 Videte
2815 3208 2884 3246 ne
2911 3192 2978 3246 ab
2995 3190 3228 3246 invicem
3250 3189 3645 3245 consumamini
3663 3185 3805 3259 (Cal.
3822 3189 3896 3256 v).
3912 3206 3931 3240 ι

658 3272 1110 3345 repugnantibus,
1139 3273 1407 3326 habitare.
1437 3270 1538 3337 Qui
1567 3271 2041 3338 nimirum,spreta
2069 3269 2249 3339 regula
2279 3272 2324 3332 C
2359 3283 2465 3338 sed
2494 3299 2617 3338 cum
2658 3281 2782 3347 nos,
2820 3283 2873 3336 in

1705 3279 2041 3338 ηιηιοεβνοιθ
2069 3269 2249 3339 τεειιιτι
2279 3272 2324 3332 C
2359 3283 2465 3338 Sed
2494 3299 2617 3338 cum
2658 3281 2782 3347 nos,
2820 3283 2873 3336 in
2913 3297 3072 3337 sacro
3115 3281 3368 3337 videlicet
3403 3280 3592 3335 ordine
3629 3279 3941 3345 constituti,

657 3369 869 3425 Christi
892 3384 1126 3433 morum,
1150 3369 1446 3422 stoicorum
1475 3367 1666 3436 dogma
1688 3375 1990 3434 sequuntur
2006 3364 2248 3434 (thsno,

664 3455 922 3528 Parad.),
955 3459 1080 3511 dum
1119 3473 1238 3512 esse
1270 3471 1495 3526 prorsus
1521 3457 1747 3525 mqualia
1799 3456 1979 3508 omnia
2032 3464 2249 3524 peccata

659 3545 954 3601 definiunt.
983 3544 1091 3600 Nos
1123 3553 1302 3599 autem
1343 3546 1486 3598 inter
1527 3544 1695 3598 David
1739 3553 2014 3607 sanctum,
2066 3559 2251 3611 repro~

653 3631 905 3703 bumque
956 3632 1192 3697 Saulem,
1226 3632 1496 3687 Jonathan
1548 3633 1782 3688 medium
1832 3634 2243 3699 constituimus;

655 3723 750 3791 qui
775 3723 908 3778 licet
939 3723 1155 3777 Saulem
1186 3724 1429 3777 veritatis
1482 3723 1643 3794 540
1666 3739 1729 3778 ac
1759 3723 1909 3778 Fidei
1934 3725 2250 3778 sinceritate

656 3814 1043 3877 transcendat,
1073 3812 1241 3866 David
1290 3823 1466 3867 tamen
1499 3815 1688 3866 merita
1749 3815 2112 3884 pietatemque
2143 3829 2249 3868 non

657 3912 858 3970 mquat.
897 3903 1235 3957 Admonendi
1287 3915 1411 3957 sunt
1449 3904 1630 3972 itaque
1671 3905 1866 3959 fratres
1929 3907 2098 3960 nostri
2182 3923 2250 3961 ne

655 3991 1006 4061 nimisjusti,
1037 3993 1198 4048 nimis
1229 3993 1339 4048 sint
1374 3996 1659 4074 sapientes.
1703 3996 1778 4049 De
1818 4011 2046 4064 quorum
2078 3998 2251 4064 primo

658 4079 926 4137 Salomon
961 4099 976 4138 :
1010 4102 1028 4134 ι
1058 4082 1197 4148 Noli,
1231 4085 1424 4152 inquit,
1450 4099 1572 4138 esse
1601 4085 1825 4138 nimium
1843 4084 2024 4152 justus
2051 4085 2248 4155 (Eccle.

654 4172 779 4239 vti);-
812 4194 831 4226 ι
869 4176 943 4229 de
972 4177 1208 4230 secundo
1240 4176 1370 4229 dicit
1399 4175 1690 4245 Apostolus
1726 4195 1738 4230 :
1778 4194 1797 4227 ‹
1836 4177 1951 4233 Noli
2000 4180 2122 4247 plus
2167 4195 2254 4233 sa-

652 4276 786 4329 pere
837 4279 1012 4332 quam
1043 4274 1257 4334 oportet
1285 4279 1496 4334 sapere,
1532 4267 1627 4320 sed
1657 4283 1848 4337 sapere
1878 4269 1944 4322 ad
1983 4270 2252 4323 sobrieta-

654 4361 762 4408 tem
797 4354 993 4425 (Rom.
1032 4356 1151 4426 xu).
1192 4375 1209 4407 »
1248 4356 1381 4410 Mala
1409 4358 1688 4426 sapientia,
1714 4375 1875 4428 quam
1901 4359 2072 4429 caligo
2098 4374 2251 4414 erro-

655 4446 733 4500 ris
765 4448 1104 4514 obnubilat;
1159 4449 1299 4504 bona
1349 4451 1697 4521 simplicitas,
1727 4467 1845 4522 qua:
1894 4468 1924 4506 a
1973 4453 2256 4506 catholii-a‘

727 4604 844 4676 (‘2!)
880 4605 1044 4659 Finis
1067 4606 1223 4676 hujus
1250 4606 1411 4677 epist.
1444 4607 1655 4661 videtur
1692 4607 2058 4678 imperfectus.

820 4846 1192 4923 5415”
1250 4867 2098 4982 OPUSCULUM
2203 4871 3092 4990 TRICESIMUM
3172 4877 3778 4991 PRIMUM.

2359 3376 2681 3430 deberemus
2715 3388 2836 3428 esse
2876 3382 3166 3427 venatores
3197 3373 3312 3437 Dei,
3349 3375 3488 3427 sicut
3524 3386 3619 3442 per
3647 3370 3942 3426 Jeremiam

2361 3464 2561 3517 dicitur
2591 3481 2602 3516 :
2639 3481 2657 3514 ι
2698 3461 2906 3517 Mittam
2937 3473 3224 3519 venatores
3263 3477 3412 3518 meos
3438 3503 3453 3527 ,
3503 3472 3557 3516 et
3600 3462 3948 3516 venabnntnr

2360 3554 2494 3626 (ler.
2535 3555 2645 3619 xv);
2681 3573 2698 3604 ι
2731 3569 2830 3608 nos
2877 3553 3061 3607 relicta
3112 3554 3290 3622 praeda
3323 3553 3691 3616 smcularinm,
3725 3551 3940 3605 nudatis

2359 3645 2632 3707 dentibus,
2661 3645 2893 3699 invicem
2931 3645 3196 3715 Fingimus
3225 3663 3238 3698 :
3274 3657 3329 3698 et
3367 3645 3518 3714 quasi
3561 3645 3762 3699 rabida:
3789 3646 3943 3703 cani-

2359 3734 2492 3787 cul:e
2531 3734 2733 3788 mutuis
2765 3749 2863 3788 nos
2909 3735 3178 3790 morsibus
3226 3735 3548 3790 laceramus.
3592 3735 3948 3804 chrimatnr

2354 3821 2466 3892 jam
2498 3824 2849 3894 prtesumptio
2883 3825 3113 3891 tumida,
3145 3834 3392 3894 exmquct
3426 3841 3484 3880 se
3513 3824 3776 3880 fratribus
3818 3840 3946 3880 sam

2359 3914 2518 3968 ctitas
2546 3929 2798 3969 onerosa.
2834 3913 2936 3982 Qui
2972 3913 3084 3966 vult
3110 3929 3229 3968 esse
3253 3924 3494 3978 sanctus,
3521 3914 3592 3968 sit
3621 3915 3723 3969 sibi
3757 3929 3944 3970 coram

2360 4004 2500 4068 Deo;
2532 4021 2628 4060 nec
2651 4021 2746 4075 per
2772 4005 3134 4076 arrogantiam
3154 4006 3318 4060 fratri
3349 4004 3668 4076 praeferatur
3700 4005 3947 4059 infirmo.

2363 4095 2586 4150 Catulus
2611 4095 2813 4165 itaque,
2831 4096 2985 4163 cujus
3010 4105 3128 4151 erat
3150 4097 3384 4152 ofﬁcium
3407 4108 3700 4155 extraneos
3719 4096 3945 4170 pellere.

2358 4198 2725 4253 nequaquam,
2754 4186 3084 4254 contemptis
3121 4186 3261 4251 illis,
3309 4188 3946 4257 aggrediaturdomesti-

2358 4292 2453 4331 cos
2499 4277 2762 4343 lacerare,
2797 4293 2866 4332 ne
2906 4280 2995 4348 qui
3034 4280 3249 4348 quietus
3295 4290 3507 4348 poterat
3555 4281 3793 4338 dormire
3844 4282 3948 4336 sub

2361 4377 2538 4432 tecto,
2587 4369 2840 4423 exclusus
2891 4369 3096 4424 foribus
3144 4369 3500 4440 compellatur
3575 4371 3812 4430 naubare
3866 4372 3942 4444 [Γ.

2359 4457 2578 4528 cubare]
2611 4460 2712 4512 sub
2751 4459 2839 4513 dio
2871 4459 3006 4531 (Ἡ).

2697 4610 2775 4664 Si!
2814 4629 2998 4666 nomen
3040 4612 3251 4667 Domini
3284 4614 3630 4668 benedictum.

1217 5060 1538 5124 CONTRA
1586 5063 2209 5130 PHILARGYRIAM
2248 5071 2350 5129 ET
2388 5072 2782 5135 MUNERUM
2828 5076 3403 5142 CUPIDITATEM.

649 5263 1079 5340 Δισωιεμτυιξ.
1104 5287 1170 5316 έ-
1189 5258 1448 5340 Ava_riti:e
1466 5259 1793 5340 vitiumg‘et
1811 5263 2078 5340 praecipue
2126 5262 2177 5314 in
2214 5261 2544 5340 accipiendis
2567 5267 2884 5321 muneribus

1712 5271 1793 5340 ‘et
1811 5263 2078 5340 praecipue
2126 5262 2177 5314 in
2214 5261 2544 5340 accipiendis
2567 5267 2903 5340 muneribus,
2950 5270 3269 5340 gravissime
3316 5270 3660 5326 detestatur:
3701 5273 3949 5326 cardina-

722 5339 918 5410 lestttle
953 5330 1248 5410 GPi-j-‘COPQS
1299 5330 1548 5383 Ιιοτιιιιιιι·
1579 5340 1635 5382 ιιι
1670 5330 1795 5410 illud
1824 5333 1903 5410 _ab
1935 5331 2183 5386 universa
2216 5331 2456 5410 Ecclesia
2479 5345 2560 5410 _et
2591 5337 2930 5410 sacerdotum
2953 5330 3259 5410 'ineulibus,
3293 5343 3334 5394 si
3393 5342 3510 5394 fieri
3580 5351 3775 5410 potest,
3807 5347 3949 5393 evel-

723 5400 839 5459 lete
891 5411 954 5455 et
979 5400 1354 5455 exterminare
1381 5409 1664 5453 conentur.
1693 5400 1993 5455 Prudenter
2037 5411 2216 5454 autem
2269 5401 2369 5455 hoc
2424 5404 2678 5460 admonet
2735 5407 2816 5457 vir
2864 5400 3259 5464 sanctissimus;
3321 5400 3713 5464 Videbaténim
3761 5400 3950 5463 bnincs

723 5476 842 5530 fere
865 5472 1069 5548 clades
1110 5477 1162 5548 et
1211 5483 1483 5548 {erumnas
1522 5470 1715 5536 quibus
1752 5470 1839 5548 illa
1870 5480 2185 5548 tempestate
2208 5469 2516 5548 Christiana
2570 5490 2712 5544 resp.
2768 5477 3117 5548 premebatur
3165 5491 3324 5548 atque
3375 5483 3509 5534 a-leo
3534 5480 3947 5546 vexabatur,~rx

725 5543 981 5620 avaritia:
1015 5539 1171 5591 fonte
1197 5538 1663 5620 derivatasesse;
1701 5539 1852 5620 cujus
1872 5538 2214 5620 teterrimam
2239 5551 2441 5620 pestem
2476 5545 2519 5596 si
2570 5538 2822 5614 princeps
2853 5547 3094 5604 Ecclesia
3121 5538 3449 5620 opprimeret
3477 5591 3492 5615 ,
3543 5550 3705 5603 facile
3755 5538 3948 5604 deinde

726 5612 978 5668 futurum
1010 5608 1348 5681 ,apparebat,
1377 5617 1434 5662 ut
1483 5609 1537 5663 in
1571 5617 1682 5663 toto
1708 5610 1976 5665 catholico
2009 5613 2138 5666 orbe
2161 5608 2490 5667 abeleretur.

725 5725 1129 5784 Cardinalibus
1183 5722 1446 5791 episcopis
1490 5724 1798 5792 apostolica:
1853 5725 1996 5782 sedis
2046 5724 2258 5783 Psrnus

659 5826 928 5899 peccator.
949 5809 1264 5874 monachus
1284 5812 1510 5872 salutem
1540 5815 1594 5876 in
1619 5815 1862 5875 Domino.

2444 5725 2592 5781 Sicut
2621 5728 2781 5782 verba
2813 5731 3162 5797 praesentibus
3185 5730 3378 5786 indicia
3409 5747 3680 5787 sensuum.
3707 5732 3784 5786 sic
3814 5731 3946 5784 inter

2373 5817 2625 5876 absentes
2655 5818 2846 5875 littera:
2882 5828 3006 5876 sunt
3038 5820 3403 5879 instrumenta
3430 5824 3748 5878 animarum.
3778 5821 3944 5877 Bella-
