5664 6664
114 0 2013 180 γ

0 6316 1463 6664 ἓν

2326 481 2422 537 5M

2324 697 2458 749 pace
2482 697 2528 749 pt
2550 684 2815 737 stmodum
2844 684 3128 747 doceatur;
3154 682 3231 748 sic
3252 683 3557 750 aliquando,
3582 682 3703 734 dum
3728 682 3891 735 doce-

2325 785 2413 829 tur
2447 776 2499 827 in
2524 777 2649 829 otio.
2684 775 2892 827 cautius
2920 782 3202 827 exercetur
3233 774 3284 825 in
3334 772 3485 825 bello.
3532 774 3587 825 in
3637 772 3883 825 conﬂictu

2322 866 2466 917 sedis
2497 864 2821 931 apostolicae,
2862 864 2913 916 in
2958 880 3062 930 quo
3096 879 3185 916 vos
3223 864 3397 918 adhuc
3436 863 3758 917 unanimiter
3790 865 3882 915 de-

2321 954 2551 1011 sndetis,
2592 961 2935 1004 concertator
2957 963 3009 1004 et
3042 954 3151 1019 ipse
3179 953 3429 1021 pugnavi.
3464 951 3567 1003 Sed
3604 967 3729 1004 ecce
3763 968 3883 1003 cum

2319 1040 2538 1095 militari
2572 1042 2784 1112 cingulo
2836 1043 2934 1094 sim
2982 1043 3205 1105 solutus,
3250 1052 3299 1093 et
3340 1042 3389 1092 in
3448 1041 3721 1109 municipii
3753 1057 3889 1110 pace

2319 1132 2673 1199 routpositus,
2716 1131 2841 1184 libet
2865 1130 2975 1197 jam
3002 1133 3190 1183 docere
3214 1128 3353 1197 quod
3389 1128 3565 1182 didici.

2831 1239 3057 1295 CAPUT
3092 1238 3376 1291 PRIMUM.

2393 1329 2547 1394 Quod
2578 1330 2786 1398 judice:
2810 1346 2871 1381 ne
2894 1329 3055 1445 grati?
3102 1329 3307 1393 quidem
3340 1329 3568 1398 accipere
3601 1340 3813 1398 possunt

3017 1416 3033 1445 (
3054 1414 3176 1445 ΘΗΛ.

3017 1414 3043 1446 (ι
3054 1414 3152 1457 oua
3165 1437 3176 1448 .

2388 1488 2534 1543 inter
2576 1503 2758 1542 omnes
2805 1487 2982 1557 itaque
3033 1488 3281 1540 vitiorum
3328 1487 3879 1563 circumfrementitgn

2317 1577 2480 1633 aries.
2508 1578 2647 1629 inter
2668 1575 3326 1645 densissimasjaculorum
3356 1578 3717 1645 ingruentium
3736 1592 3882 1631 more

2313 1667 2629 1733 grzndinttm
2682 1676 3045 1735 tempestates,
3097 1668 3349 1723 adversus
3397 1670 3677 1720 avaritiam
3734 1669 3881 1721 vobis

2312 1765 2396 1807 est
2447 1757 2697 1808 attentius
2745 1757 3093 1825 vigilandum,
3140 1757 3361 1824 ejusque
3411 1758 3620 1826 sagittis
3669 1774 3881 1828 semper

2310 1846 2659 1912 opponendus
2690 1858 2771 1899 est
2798 1849 3032 1917 clypeos.
3062 1848 3157 1913 Qui
3190 1849 3438 1901 nimirum
3463 1849 3527 1902 ad
3560 1850 3658 1901 hoc
3688 1851 3875 1917 parei-

2752 483 2810 537 s.
2853 483 3051 537 PETRI
3094 482 3176 537 ολ
3192 481 3377 535 ιιιΑδι
3417 480 3566 535 ore.
3620 472 3851 531 TOMUS
3882 466 4011 532 SEU
4050 469 4225 527 rans
4261 453 4445 532 ιιιῖ-
4480 474 4839 533 oeuscuu
4880 475 5111 534 vanu.

2325 594 2473 646 toria
2504 593 2634 646 artis
2659 592 2941 656 industria,
2979 594 3115 647 sicut
3167 592 3219 646 in
3272 590 3408 645 bello
3457 592 3701 654 discitur,
3738 600 3793 643 ut
3832 592 3887 644 in
3917 596 3960 655 Λ
3991 593 4165 659 mu).
4197 612 4216 645 ι
4253 593 4315 647 Et
4340 594 4392 647 in
4420 589 4831 647 Deuteronomio
4874 601 4983 644 non
5027 588 5282 644 dissimile

5430 476 5527 533 533

5323 588 5532 645 :cl‘t'on

3988 683 4239 750 accipies,
4274 682 4467 750 inquit,
4508 694 4817 749 personam,
4855 694 4954 733 nec
4993 694 5245 744 munera;
5272 682 5393 750 quia
5425 700 5531 735 mn-

3988 786 4113 823 nera
4147 780 4420 823 exuerant
4457 770 4641 823 oculos
4674 770 4993 836 sapientum,
5050 779 5104 821 et
5156 778 5361 823 mutant
5384 772 5531 824 verba

3979 859 4243 927 jnstorum
4268 858 4448 927 (Deut.
4484 858 4615 927 xvi).
4648 876 4665 907 ι
4702 856 4871 923 Quam
4900 872 5120 911 aversus
5142 874 5168 910 a
5197 850 5535 925 suscipiendis

3986 949 4294 1001 tntuicribus
4341 957 4459 1001 erat
4513 949 4810 1008 Abraham,
4856 962 4978 999 cum
5032 948 5139 1016 regi
5192 947 5530 1001 Sodomorum

3983 1039 4119 1092 Bara
4149 1040 4467 1101 obsistebat,
4513 1040 4736 1092 dicens:
4773 1056 4791 1087 ι
4828 1037 4971 1091 Leve
5013 1054 5226 1090 manum
5266 1054 5434 1090 meatu
5470 1038 5532 1089 ad

3984 1128 4265 1182 Dominum
4294 1126 4458 1180 Deum
4484 1128 4775 1187 excelsum,
4802 1141 5163 1195 possesSorem
5191 1128 5309 1179 caeli
5354 1137 5405 1177 et
5435 1138 5535 1179 ter-

3983 1232 4076 1277 rae,
4107 1216 4245 1284 quod
4276 1231 4303 1268 a
4337 1216 4423 1267 lito
4450 1216 4803 1283 subtegminis
4838 1229 5004 1283 usque
5038 1217 5101 1267 ad
5135 1216 5412 1285 corrigiam
5449 1231 5533 1267 ca-

3982 1306 4099 1375 ligae
4127 1323 4227 1358 non
4251 1306 4507 1374 accipiam
4549 1320 4611 1357 ex
4646 1306 4893 1359 omnibus
4947 1320 5065 1373 qua!
5103 1315 5187 1357 tua
5221 1314 5342 1357 sunt
5381 1302 5527 1363 (Gen.

3980 1395 4113 1462 ιιν).
4150 1415 4168 1444 ι
4203 1393 4371 1461 Quam
4411 1393 4638 1446 mundus
4678 1409 4707 1446 a
4744 1396 5008 1461 susceptis
5046 1395 5348 1447 muneribus
5396 1392 5529 1462 Moy-

3981 1501 4065 1540 ses
4094 1496 4237 1549 erat,
4262 1488 4357 1555 qui
4385 1489 4643 1540 scientem
4674 1487 4850 1540 omnia
4889 1488 5169 1541 Dominum
5213 1490 5268 1541 in
5301 1488 5531 1539 testitro-

3980 1580 4126 1632 nium
4167 1577 4459 1636 deducebat
4492 1597 4501 1630 :
4536 1597 4554 1627 ι
4589 1578 4686 1637 Τιι,
4728 1579 4928 1646 inquit,
4962 1580 5066 1633 seis
5124 1581 5261 1648 quod
5300 1593 5365 1630 ne
5394 1576 5527 1630 asel-

3980 1666 4086 1721 lum
4112 1669 4323 1736 quidem
4364 1682 4597 1734 unquam
4647 1668 4943 1735 acceperint
4981 1671 5049 1721 ab
5085 1669 5184 1726 eis.
5220 1682 5315 1720 nec
5340 1665 5531 1718 afﬂixe-

3980 1758 4080 1810 rim
4103 1760 4403 1825 quempiam
4441 1773 4627 1809 eorum
4671 1757 4859 1824 (Num.
4896 1763 5028 1819 nt).
5065 1777 5082 1807 ι
5117 1756 5246 1810 Nam
5284 1757 5369 1809 ubi
5422 1771 5531 1807 nut-

3979 1849 4195 1900 neribus
4252 1848 4503 1907 inhiatur,
4565 1862 4898 1913 consequens
4948 1857 5028 1899 est
5076 1856 5161 1906 ut,
5200 1848 5331 1898 sicut
5371 1844 5529 1910 jndex

2313 1936 2550 2003 pitanter
2584 1937 2824 2001 anhelat,
2858 1948 2911 1989 ut
2945 1937 3137 1989 lethalc
3172 1938 3379 1989 miseris
3413 1938 3607 1991 vulnus
3638 1938 3871 2007 inﬂigat;
3906 1928 3951 1987 Β
3980 1938 4119 1990 hunc
4159 1946 4374 2003 accepta
4417 1939 4661 1989 rrercede
4704 1936 4992 2004 justiticat,
5029 1938 5104 1989 sie
5146 1936 5286 1987 illnnt
5338 1934 5423 1999 qui
5460 1932 5529 1983 nil

2309 2026 2483 2094 priuci
2524 2025 2575 2079 ie
2610 2034 2789 2079 tamen
2836 2035 2893 2078 ut
2921 2028 3163 2079 obtutum
3202 2042 3302 2079 non
3336 2027 3549 2091 frootis,
3584 2029 3673 2082 sed
3702 2028 3875 2083 cordis

2310 2114 2636 2181 exstinguat.
2673 2113 2819 2167 Unde
2847 2115 2929 2167 vir
2967 2115 3193 2184 Sapiens
3226 2118 3299 2169 ait
3336 2134 3348 2169 :
3397 2135 3414 2168 t
3449 2117 3617 2170 Xenia
3650 2127 3703 2172 et
3737 2118 3871 2171 dona

2312 2217 2587 2260 exeam-ant
2639 2208 2821 2260 oculos
2861 2208 3120 2275 judieum,
3170 2219 3223 2263 et
3266 2211 3417 2279 quasi
3469 2221 3649 2266 mutus
3699 2213 3749 2264 in
3781 2227 3873 2265 ore

2314 2298 2504 2349 avertit
2543 2300 2903 2366 correptiones
2933 2314 3116 2354 eorum
3151 2302 3335 2370 (Et-cli.
3367 2319 3468 2366 xx;
3517 2303 3668 2355 Deut.
3702 2303 3868 2372 χω.»

2313 2394 2496 2440 Armat
2523 2390 2661 2441 enim
2688 2390 2996 2443 muneribus
3027 2391 3398 2454 adventantes,
3441 2402 3495 2447 et
3524 2409 3619 2461 per
3651 2409 3741 2447 eos
3773 2408 3868 2446 ex-

2312 2493 2515 2548 prgnat
2539 2496 2599 2533 ac
2642 2491 2807 2533 caecat
2836 2496 3019 2535 eorum
3053 2483 3236 2545 corda,
3290 2485 3379 2551 qui
3433 2485 3744 2552 suggerendi
3793 2484 3870 2539 lo-

2311 2584 2431 2620 ιοιιιιι
2462 2569 2596 2636 apud
2641 2585 2795 2623 aures
2830 2569 3067 2623 obtinent
3097 2573 3437 2640 principales,
3470 2573 3534 2625 de
3564 2574 3755 2641 quibus
3777 2590 3876 2642 per

2307 2660 2498 2712 Laium
2537 2661 2788 2713 Dominus
2837 2664 3205 2728 conqueritur,
3260 2664 3485 2716 dicens:
3541 2682 3557 2712 ι
3592 2664 3871 2732 Principes

2312 2748 2388 2798 t.:i
2422 2747 2677 2809 infideles,
2710 2749 2838 2802 socii
2886 2748 3091 2812 furum,
3118 2765 3303 2803 oman
3340 2752 3565 2816 diligunt
3617 2767 3867 2813 munera,

2309 2845 2609 2903 sequuntur
2668 2837 3047 2893 retributiones
3099 2840 3231 2905 (lsa.
3267 2849 3324 2897 ι).
3380 2861 3397 2891 ι
3435 2841 3583 2893 Dicat
3630 2840 3864 2907 aliquis:

2306 2925 2417 2992 Ego
2444 2926 2656 2992 quidem
2685 2926 2813 2979 niltil
2844 2942 3046 2994 quam,
3083 2929 3175 2982 sel
3207 2928 3248 2980 si
3282 2929 3408 2997 quid
3435 2930 3603 2999 gratis
3626 2928 3865 2991 offertur,

2301 3014 2549 3082 accipere
2578 3031 2679 3068 non
2709 3032 2911 3071 recuso.
2948 3019 3085 3073 Ecce
3133 3019 3218 3072 hic
3259 3035 3362 3072 non
3410 3030 3665 3073 notantur
3701 3020 3735 3071 ii
3778 3020 3868 3087 qui

2302 3118 2527 3157 munera
2553 3114 2821 3171 quaerunt,
2844 3108 2934 3159 sed
2975 3108 3064 3175 qui
3097 3109 3467 3160 tantummodo
3497 3108 3740 3176 diligunt.
3770 3106 3868 3171 Qui

2304 3193 2469 3247 etiam
2494 3194 2627 3247 socii
2651 3193 2824 3248 furum
2851 3210 2953 3249 non
2989 3197 3255 3261 immerito
3290 3197 3561 3258 dicuntur,
3589 3197 3710 3264 quia
3742 3198 3865 3247 dum

3977 2024 4151 2079 dedit'
4174 2024 4388 2092 aﬂiigat.
4422 2025 4570 2081 Unde
4621 2042 4714 2094 per
4759 2026 4949 2078 Isaiam
4983 2027 5213 2080 dicitur:
5252 2047 5267 2075 ι
5302 2022 5414 2083 Vae,
5441 2024 5527 2092 qui

3968 2118 4272 2185 justiﬂcatis
4303 2120 4521 2187 impium
4553 2135 4649 2186 pro
4684 2119 5016 2179 muneribus,
5042 2118 5371 2187 etjustitiam
5398 2116 5523 2182 justi

3973 2208 4193 2262 anfertis
4220 2211 4395 2262 abeo!
4420 2209 4648 2275 (Iw.v.)
4671 2228 4687 2257 ι
4705 2208 4909 2273 Quibus
4932 2208 5072 2261 illit-o
5090 2209 5386 2262 vindictam.
5418 2221 5531 2271 quia

3972 2298 4075 2351 illis
4106 2300 4348 2364 debetur,
4408 2300 4653 2359 intentat,
4699 2312 4819 2350 cum
4868 2296 5082 2349 subdit:
5116 2294 5380 2362 ttPrnpler
5407 2296 5527 2351 hoc.

3971 2390 4348 2443 sicutdevorat
4386 2389 4633 2457 stipulam
4665 2389 4839 2457 lingua
4882 2388 5042 2456 ignis,
5084 2396 5136 2439 et
5176 2384 5396 2439 flamma:
5441 2398 5529 2435 ea-

3972 2480 4051 2533 ιὸι·
4080 2480 4274 2539 exurit,
4305 2482 4381 2532 sic
4410 2481 4556 2531 radix
4582 2494 4766 2531 eorum
4796 2478 4945 2544 quasi
4975 2476 5148 2528 favilla
5194 2477 5314 2535 erit,
5339 2484 5389 2525 et
5418 2487 5532 2539 ger-

3972 2586 4091 2623 men
4138 2585 4320 2623 eorutn
4354 2579 4410 2621 ut
4440 2568 4611 2635 pulvis
4645 2567 4901 2621 ascendet
4926 2565 5139 2634 (lbid.).
5173 2584 5191 2614 ι
5237 2562 5308 2615 De
5341 2560 5533 2631 quibus

3971 2658 4108 2710 idem
4140 2658 4391 2726 propheta
4416 2658 4540 2710 alibi
4572 2656 4923 2724 conqueritur
4945 2654 5129 2707 dicens
5161 2672 5226 2709 με
5260 2650 5453 2705 Omnes
5479 2652 5527 2702 in

3973 2748 4112 2799 viam
4148 2762 4294 2799 suam
4327 2738 4744 2808 declinaverunt,
4770 2759 4905 2797 unus
4923 2744 5147 2811 quisque
5169 2742 5230 2809 ad
5254 2740 5531 2794 avaritiam

3969 2850 4118 2886 suam
4158 2850 4185 2885 a
4220 2850 4428 2887 summo
4465 2848 4633 2901 usque
4664 2833 4728 2884 ad
4763 2833 5111 2885 novissimum
5160 2828 5302 2899 (Im.
5332 2830 5469 2895 ινι).
5504 2846 5526 2877 ι

3971 2922 4209 2974 Avaritia
4243 2924 4397 2991 plane
4413 2923 4505 2976 Dei
4529 2922 4914 2991 omnipotentis
4942 2922 5224 2973 adversum
5248 2934 5304 2972 se
5326 2918 5532 2970 iracun-

3970 3013 4109 3064 diam
4135 3021 4415 3079 provocat;
4446 3019 4500 3064 et
4524 3026 4616 3063 cor
4654 3012 4794 3079 quod
4844 3011 5099 3077 possidet,
5144 3011 5293 3062 vanis
5321 3023 5533 3077 semper

3971 3100 4379 3166 cegitationibus
4411 3112 4588 3153 vexat:
4622 3100 4757 3153 Hinc
4808 3110 4890 3154 est
4944 3100 5082 3168 quod
5106 3103 5181 3167 de
5205 3113 5364 3150 avaro
5400 3114 5528 3151 con-

3972 3189 4214 3255 queritur
4267 3189 4481 3255 populo,
4533 3191 4772 3243 dicens:
4833 3209 4850 3240 t
4916 3190 5141 3257 Propter
5190 3190 5527 3257 iniquitatem

2303 3283 2502 3339 fertiva
2540 3284 2675 3336 dona
2723 3286 3035 3353 suscipiunt,
3060 3286 3220 3337 etiam
3265 3300 3295 3338 a
3334 3286 3719 3338 eomministris
3758 3286 3869 3337 suis
3898 3256 3941 3316 (ἶ
3976 3277 4213 3331 avaritiae
4251 3280 4366 3345 ejus
4410 3280 4576 3332 iratus
4612 3295 4754 3341 sum,
4784 3290 4832 3331 et
4874 3280 5112 3348 percussi
5144 3293 5286 3338 eum,
5322 3288 5371 3331 et
5408 3279 5527 3328 abs-

2304 3382 2362 3425 et
2394 3372 2662 3427 sodalibus
2684 3374 3006 3442 deprehendi
3041 3375 3181 3429 velut
3216 3376 3267 3427 in
3308 3373 3433 3427 furti
3474 3375 3701 3428 crimine
3736 3391 3875 3441 per-

2301 3463 2642 3518 horrescunt.
2678 3465 2742 3516 Et
2783 3465 3076 3517 notandum
3115 3466 3253 3533 quod
3288 3464 3521 3519 dicitur:
3569 3484 3587 3514 ι
3626 3464 3870 3533 Sequun-

2301 3564 2393 3607 tur
2446 3554 2852 3617 retributiones;
2899 3574 2916 3605 ι
2974 3554 3097 3623 quia
3153 3556 3397 3623 quamvis
3450 3553 3717 3606 munificis
3759 3555 3872 3606 suis

2302 3643 2558 3697 auxilium
2594 3645 2733 3712 quod
2762 3645 3098 3712 postulantur
3120 3637 3454 3713 impendunt,
3483 3654 3663 3697 reatus
3692 3653 3866 3695 tamen

2302 3736 2546 3789 maculas
2566 3752 2666 3788 non
2703 3738 2963 3799 evadunt;
2992 3738 3115 3805 quia
3146 3738 3279 3789 dum
3320 3736 3562 3790 beneﬁcii
3597 3738 3677 3789 sui
3711 3737 3867 3789 talio-

2298 3842 2421 3881 nem
2462 3827 2751 3894 recipiunt,
2784 3826 2988 3882 fructus
3035 3837 3248 3881 mterna:
3292 3829 3555 3881 mercedis
3592 3829 3865 3881 amittunt.

2301 3918 2379 3969 De
2408 3918 2599 3985 quibus
2624 3927 2675 3970 et
2705 3917 2861 3985 paulo
2882 3927 2996 3987 post
3030 3918 3195 3972 dicit:
3228 3937 3246 3968 ι
3272 3917 3410 3971 Heu!
3439 3917 3757 3972 censolabor
3779 3933 3867 3972 su-

2302 4019 2401 4073 per
2449 4008 2691 4059 hostibus
2746 4008 2895 4070 meis,
2939 4016 2991 4059 et
3040 4008 3350 4061 vindicabor
3378 4010 3441 4060 de
3472 4008 3703 4059 inimicis
3734 4008 3866 4059 meis

2306 4095 2513 4160 tlbi!.).
2550 4115 2565 4143 ι
2598 4095 2711 4147 Filii
2738 4097 2892 4163 plane
2919 4095 3187 4149 Samuelis
3216 4097 3416 4149 nullum
3467 4096 3610 4149 aliud
3662 4098 3863 4149 crimen

2304 4183 2557 4235 habuisse
2580 4183 2841 4252 leguntur,
2878 4186 2974 4237 nisi
3018 4186 3142 4251 quia
3180 4200 3398 4237 numera
3438 4185 3772 4245 dilexerunt,
3811 4195 3867 4239 et

2303 4274 2424 4337 quia
2458 4281 2689 4339 paterna:
2718 4275 2985 4327 munditia:
3010 4290 3111 4326 non
3141 4278 3318 4341 seque‘
3342 4285 3501 4326 antur
3528 4275 3859 4344 exemplum;

2304 4364 2791 4435 irrccupn‘abiliter
2848 4366 3141 4417 amiserunt
3180 4365 3345 4432 plebis
3392 4365 3695 4418 Israeliticae
3720 4367 3865 4433 prin-

2303 4452 2559 4515 t-ipatutn.
2587 4454 2650 4504 Et
2690 4457 3001 4517 notandum,
3032 4454 3155 4521 quia
3193 4455 3313 4506 dum
3352 4455 3416 4507 de
3446 4453 3548 4506 illis
3582 4453 3858 4521 Scriptura

2306 4540 2434 4591 dicit
2473 4558 2485 4591 :
2517 4559 2534 4589 ι
2568 4539 2975 4593 Declinaveruut
3012 4550 3130 4609 post
3172 4543 3449 4594 avaritiam
3483 4583 3496 4605 ,
3536 4552 3857 4611 acceperunt

2300 4645 2542 4687 munera.
2582 4648 2600 4680 ι
2634 4631 2873 4719 protinus
2899 4630 3072 4683 intulit
3111 4649 3123 4683 :
3162 4649 3180 4680 t
3216 4634 3858 4702 perverteruntjudicium

2300 4718 2349 4777 (1
2378 4717 2497 4787 Reg.
2532 4717 2663 4778 vtttl.
2694 4738 2711 4769 ι
2744 4720 2983 4773 Vicinum
3008 4722 3201 4789 quippe
3228 4732 3308 4775 est
3334 4732 3491 4789 atque
3527 4727 3856 4794 contiguum,

2298 4818 2357 4859 ut
2388 4817 2504 4875 post
2528 4825 2716 4861 munus
2738 4823 3037 4875 accirpium,
3063 4820 3399 4880 pervertatur
3422 4814 3581 4866 etiam
3607 4827 3860 4883 (οη-ειμιο

2300 4912 2521 4949 e-sns'nc
2542 4899 2814 4964 judicium.
2846 4900 2889 4953 Ο
2911 4916 3071 4969 quam
3099 4902 3349 4954 mundam
3381 4900 3594 4954 Samuel
3627 4903 3855 4957 frontem

2304 4987 2535 5037 habebat
2574 5000 2599 5036 a
2630 4989 2967 5049 manet-ilius,
2998 5004 3118 5041 eum
3159 4990 3369 5044 dicebat
3398 5004 3413 5041 :
3451 5008 3467 5039 ι
3500 4990 3859 5044 Couversattts

2298 5092 2477 5127 rorant
2513 5076 2662 5127 vobis
2702 5076 2767 5128 ab
2810 5078 3166 5132 adolescentia
3213 5096 3329 5133 mea
3391 5095 3556 5146 usque
3606 5082 3670 5133 ad
3721 5082 3858 5133 diem

2300 5167 2456 5223 banc.
2495 5182 2619 5219 erce
2651 5176 2841 5234 praesto
2876 5184 3009 5231 sum,
3041 5172 3313 5237 loquimini
3340 5172 3405 5224 dc
3432 5186 3514 5223 nte
3544 5187 3725 5226 coram
3760 5173 3862 5226 Do-

2300 5256 2446 5307 mino
2485 5265 2536 5306 et
2583 5271 2759 5309 rorant
2790 5258 3002 5310 Christo
3042 5261 3181 5323 ejus;
3226 5269 3400 5313 utrum
3452 5261 3639 5316 bovem
3677 5262 3858 5330 cujus—

2301 5364 2457 5411 quam
2489 5348 2721 5407 tulerim,
2750 5364 2814 5399 an
2842 5350 3069 5412 asinum,
3102 5352 3141 5403 si
3165 5355 3464 5422 quempiam
3500 5352 3858 5409 calumniatus

2302 5453 2439 5497 sum.
2484 5438 2527 5488 si
2573 5438 2813 5504 Oppressi
2871 5438 3121 5505 aliquem,
3164 5442 3206 5491 si
3244 5442 3309 5494 de
3346 5457 3503 5494 manu
3542 5442 3856 5509 cujusquam

2304 5544 2494 5581 munus
2524 5530 2729 5595 accepi;
2760 5538 2811 5583 et
2842 5540 3178 5583 contemnam
3218 5531 3341 5584 illud
3367 5534 3862 5596 hodie,restitnam-

2300 5633 2400 5681 que
2429 5617 2579 5669 vobis
2607 5616 2655 5684 (Ι
2684 5616 2805 5686 Reg.
2833 5620 2967 5687 xm).
3000 5639 3016 5669 ι
3043 5619 3192 5675 Unde
3213 5629 3266 5673 et
3296 5606 3491 5689 in'lege
3515 5625 3856 5691 prmcipitur:

2302 5708 2459 5777 5,13
2495 5727 2512 5758 ι
2552 5708 2629 5762 Ne
2650 5710 2877 5778 accipias
2930 5727 3172 5775 munera,
3228 5728 3347 5780 qum
3374 5724 3647 5769 exemcant
3691 5716 3858 5769 etiam

2305 5802 2614 5864 pandentes,
2672 5806 2727 5851 et
2775 5800 3083 5855 subvertunt
3137 5803 3294 5857 verba
3342 5803 3609 5871 justorum
3664 5803 3856 5874 (Exod.

3972 3366 4156 3423 condi.
4184 3376 4239 3419 et
4272 3367 4577 3436 indignatus
4606 3383 4721 3420 sum
4748 3408 4763 3431 ,
4784 3376 4838 3420 et
4864 3368 4995 3421 abiit
5026 3382 5186 3436 vagus
5222 3367 5272 3419 in
5306 3368 5387 3417 \ia
5409 3380 5527 3419 tor-

3970 3457 4053 3509 dis
4080 3456 4160 3509 sui
4184 3455 4317 3525 (Im.
4352 3457 4501 3527 LVII).
4540 3476 4558 3507 ι

4590 3552 4815 3607 CAPUT
4856 3552 4917 3605 il.

4040 3665 4192 3731 Quod
4216 3666 4419 3734 fructus
4450 3682 4513 3719 ea:
4538 3668 4729 3720 divitiis
4769 3669 5003 3736 capitur,
5034 3668 5079 3720 si
5104 3668 5467 3735 dispensentur

4573 3738 4902 3805 pauperibus.

4038 3827 4189 3881 Nulla
4214 3844 4342 3882 sane
4365 3830 4592 3897 putredo
4627 3828 4860 3881 vulneris
4884 3830 4933 3881 in
4967 3829 5057 3881 Dei
5092 3828 5305 3880 naribus
5337 3827 5525 3879 intole-

3967 3917 4189 3972 rabilius
4240 3917 4391 3981 fetet,
4443 3932 4603 3987 quam
4653 3925 4861 3971 stercus
4913 3918 5168 3971 avaritiae.
5200 3916 5263 3969 Et
5301 3917 5527 3984 cupidus

3968 4006 4197 4073 quisque
4218 4005 4341 4057 dum
4368 4005 4633 4058 sordentis
4661 4005 4901 4073 pecunia:
4928 4014 5163 4074 quaestus
5201 4004 5523 4064 accumulat,

3966 4103 4181 4147 vertens
4201 4096 4455 4147 exedram
4485 4094 4537 4147 in
4569 4093 4839 4157 latrinam,
4867 4094 5019 4161 quasi
5057 4092 5243 4146 molem
5271 4094 5528 4147 stert‘oris

3969 4194 4269 4237 coacervat.
4297 4185 4427 4239 llinc
4453 4194 4535 4238 est
4569 4186 4709 4253 quod
4756 4200 4851 4253 per
4898 4184 5230 4239 Ezechielem
5278 4184 5477 4236 dicitur
5506 4200 5522 4238 :

3970 4292 3989 4323 ι
4022 4276 4310 4343 Argentum
4333 4289 4517 4327 eorum
4547 4273 4690 4327 foras
4712 4276 5108 4343 projicietur,et
5126 4290 5308 4326 aurum
5334 4289 5524 4326 eorum

3966 4363 4018 4417 in
4051 4364 4447 4431 Sterquilinium
4468 4364 4565 4417 erit
4594 4382 4609 4427 ;
4636 4376 4915 4432 argentum
4933 4380 5115 4417 eorum
5130 4374 5182 4415 et
5204 4380 5388 4415 aurum
5418 4379 5523 4415 non

3965 4452 4158 4507 valebit
4186 4454 4413 4509 liberare
4438 4469 4532 4507 eos
4582 4454 4633 4507 in
4667 4455 4754 4507 die
4806 4454 5002 4508 furoris
5056 4454 5255 4507 Domini
5303 4452 5520 4519 (ΕιρσΙι.

3965 4546 4060 4611 vn)
4090 4562 4102 4597 :
4132 4566 4149 4596 ι
4178 4556 4230 4598 et
4268 4545 4392 4598 alibi
4423 4548 4679 4613 scriptum
4710 4553 4792 4599 est
4821 4561 4835 4597 :
4875 4564 4892 4595 ι
4924 4545 5012 4598 Vm
5044 4545 5090 4598 ei
5113 4585 5126 4603 .
5155 4543 5240 4612 qui
5270 4543 5523 4609 multipli-

3965 4645 4051 4688 cat
4072 4651 4176 4688 non
4198 4649 4316 4695 sua,
4342 4648 4638 4701 usquequo,
4661 4644 4713 4686 et
4739 4644 4989 4702 aggravat
5015 4644 5193 4687 contra
5218 4648 5274 4685 se
5298 4636 5520 4685 densant

3964 4725 4165 4778 lutum!
4201 4745 4219 4775 ο
4256 4724 4480 4794 (ﬂabat.
4523 4723 4606 4792 ιι.)
4641 4725 4815 4776 Avaro
4851 4740 4979 4779 sane
5001 4735 5183 4777 contra
5214 4740 5270 4777 se
5298 4726 5525 4777 densum

3966 4815 4135 4868 lutttm
4166 4827 4495 4883 aggravare,
4550 4823 4633 4865 est
4681 4820 4893 4867 terrena
4944 4815 5086 4867 lucra
5140 4830 5256 4867 eum
5301 4816 5509 4882 peccati

3968 4905 4202 4973 pondere
4229 4902 4519 4956 cumulare.
4554 4901 4802 4957 Habacuc
4832 4905 4990 4957 etiam
5021 4906 5306 4972 propheta;
5345 4924 5362 4953 ι
5409 4904 5519 4961 Vat,

3969 4993 4159 5061 inquit,
4184 4992 4269 5059 qui
4304 5002 4589 5060 congregat
4616 4994 4897 5043 avaritiam
4954 4992 5142 5044 malam
5166 4994 5338 5043 domui
5372 4994 5513 5043 sure!

3964 5093 4021 5135 ιιι
4062 5084 4129 5135 sit
4161 5082 4209 5134 in
4250 5082 4462 5134 excelso
4490 5082 4644 5133 nidus
4682 5080 4829 5147 ejus,
4852 5092 4905 5135 et
4940 5083 5149 5136 liberari
5175 5098 5233 5135 se
5265 5094 5430 5150 putat
5465 5084 5516 5134 in

3967 5172 4050 5226 die
4080 5171 4200 5225 mali
4232 5171 4439 5240 (Ibid).
4476 5190 4491 5219 ι
4522 5169 4689 5223 Porro
4711 5172 4848 5224 sicut
4892 5173 5067 5241 ignem
5112 5173 5245 5241 ligna
5298 5190 5400 5224 non
5442 5189 5520 5225 sa«

3967 5266 4118 5321 tiaat.
4166 5268 4244 5316 sic
4289 5269 4479 5315 aestum
4530 5263 4770 5315 avaritia:
4822 5266 5046 5331 pecunia
5108 5266 5365 5316 cumulata
5413 5279 5516 5316 non

3964 5354 4129 5406 sedat.
4167 5352 4269 5404 Sed
4301 5352 4438 5403 sicut
4462 5348 4671 5402 ﬂamma
4700 5348 4948 5403 fomentis
5000 5351 5285 5413 extollitur,
5320 5352 5390 5405 ita
5437 5353 5517 5402 ui-

3969 5442 4255 5495 liilominus
4279 5425 4527 5502 avaritia,
4556 5438 4679 5490 dttm
4702 5438 4849 5492 lucra
4870 5440 5227 5501 cumulantur,
5269 5450 5515 5508 augetur.

3964 5535 4114 5589 Unde
4141 5544 4194 5586 et
4231 5533 4580 5587 Ecclesiastes
4612 5549 4624 5583 :
4655 5550 4673 5580 ι
4701 5531 4932 5593 Avarus,
4985 5532 5171 5600 inquit,
5200 5546 5300 5583 non
5331 5531 5519 5598 imple-

3962 5627 4103 5679 bitur
4132 5624 4353 5693 pecunia
4382 5639 4395 5685 ;
4421 5630 4475 5675 et
4494 5622 4583 5689 qui
4608 5631 4753 5673 amat
4781 5621 5014 5681 divitias.
5043 5623 5245 5675 fructus
5289 5636 5393 5674 non
5429 5635 5515 5672 ca-

3968 5713 4077 5781 piet
4107 5728 4168 5765 ex
4204 5712 4281 5765 eis
4305 5708 4502 5780 (Ercle.
4530 5710 4649 5777 tt)...
4687 5708 5129 5785 Frttctus_quinpe
5168 5725 5230 5761 ex
5286 5710 5385 5761 illis
5421 5722 5511 5761 ca-

3964 5811 4133 5869 peret,
4156 5801 4200 5855 si
4230 5815 4323 5856 eas
4348 5800 4483 5853 bene
4513 5810 4769 5869 spargere
4802 5814 4906 5855 non
4952 5802 5178 5855 amando
5226 5800 5481 5854 voluisset
