4540 6384
174 453 286 507 53'5
1068 434 1311 494 OPUSC.
1351 428 1542 487 XXXI.
1583 457 1651 467 --
1690 421 1966 479 CONTRA
2008 417 2556 476 PHILARGYRMH.
3350 412 3458 471 55%

172 564 307 637 quia
333 576 476 618 νει-ο
507 554 799 616 retinendo.
817 552 1009 622 diligit,
1058 549 1151 605 hic
1191 547 1379 617 utique
1426 545 1546 597 sine
1591 541 1766 593 fructu
1800 542 1843 597 Α
1876 534 2007 588 nihil
2040 548 2159 637 esse
2181 533 2484 637 scelestius,
2519 545 2587 585 ne
2612 530 2737 637 quis
2763 529 2828 585 in
2857 528 2961 585 hoc
2990 528 3179 595 verbo,
3203 529 3460 636 quodest

173 622 556 722 (ξετειῑηφιῑυ
582 648 744 719 5η
767 646 855 701 ubi
883 654 937 697 et
959 642 1239 711 sequitur:
1272 658 1289 690 ι
1326 636 1425 693 Ubi
1450 632 1772 689 suntmultte
1873 642 2085 722 avarus,
2118 622 2724 722 dubi-elatisseru-pulus
2761 633 2943 691 posset
2986 636 3288 692 emergere,
3320 624 3461 692 vitri.

170 761 330 814 opes,
353 743 517 797 multi
535 739 765 807 suntqui
782 734 1174 791 comedunteas
1190 729 1385 802 (Eccte.
1404 728 1502 796 v.).
1527 747 1543 779 ι
1566 727 1769 793 thuid

174 835 407 901 prodest
421 828 746 899 pnssessori,
761 825 859 879 nisi
875 823 1013 892 quod
1028 819 1432 875 cernit’divitias
1445 816 1614 870 oculis
1627 816 1768 870 suis?

179 924 255 976 De
284 920 495 988 quibus
524 919 666 971 idem
693 914 944 968 Salomon
966 912 1042 964 ait
1068 925 1083 963 :
1114 929 1132 961 ι
1181 908 1390 961 Divitite
1438 915 1769 959 conservatae

176 1012 231 1062 in
254 1008 471 1063 malum
497 1004 702 1061 domini
732 1002 839 1056 sui.
899 1001 1136 1079 Pereunt
1181 999 1324 1052 enim
1371 998 1425 1049 in
1482 994 1769 1048 alllietione

172 1098 458 1169 pessima;
488 1092 988 1167 generabittiliutn,
1018 1090 1109 1159 qui
1157 1089 1210 1141 in
1266 1101 1475 1141 summa
1529 1094 1770 1154 egestate

171 1191 283 1245 erit
320 1188 546 1259 (Ibat).
584 1204 602 1235 ι
642 1185 710 1238 Et
757 1188 818 1237 ut
867 1179 1119 1238 ostendat
1163 1176 1322 1245 quam
1373 1175 1615 1229 inlideies
1664 1173 1772 1227 sint

172 1282 382 1336 divitia:
414 1276 743 1348 possidenti,
785 1290 907 1330 mox
938 1269 1154 1339 subiicit
1189 1287 1202 1324 :
1258 1287 1275 1317 ι
1321 1268 1471 1322 Sicut
1522 1280 1771 1333 egressus

172 1380 259 1425 est
288 1370 475 1423 nudus
499 1367 568 1421 de
603 1376 758 1419 utero
804 1365 992 1417 matris
1035 1377 1165 1423 sure,
1224 1362 1302 1416 sic
1353 1365 1673 1418 revertetur,
1718 1364 1770 1408 et

177 1459 314 1514 nihil
347 1457 570 1511 auferet
593 1471 774 1509 secum
803 1453 869 1507 de
896 1452 1079 1507 labore
1108 1467 1225 1504 suo.
1258 1449 1572 1503 Miserabilis
1616 1458 1769 1516 prur-

175 1565 269 1604 sus
298 1548 600 1603 inlirmitas
629 1547 641 1597 !
673 1544 939 1613 quomodo
964 1544 1129 1606 venit,
1153 1542 1231 1595 sic
1283 1549 1597 1595 revertetur.
1631 1538 1768 1604 Quid

173 1656 308 1709 ergo
349 1642 581 1709 prodest
601 1637 743 1707 quod
777 1636 1039 1690 laboravit
1066 1634 1116 1686 in
1144 1641 1357 1686 ventum
1404 1632 1613 1684 eunetis
1656 1629 1772 1684 die-

176 1733 279 1785 bus
302 1732 433 1783 vita:
467 1727 627 1783 suae?
656 1735 760 1780 etc.
795 1744 813 1777 ι
872 1723 1059 1791 (Ηήά.)
1096 1723 1177 1775 Αη
1208 1722 1408 1776 idcirco
1434 1720 1575 1773 forte
1620 1720 1767 1772 lucra

176 1820 560 1888 congerimus,
592 1826 651 1869 ut
683 1815 1047 1883 possessiones
1084 1828 1147 1866 ac
1185 1812 1379 1879 praedia
1408 1809 1769 1865 redimamus?

178 1880 452 1976 Sed‘quid
487 1880 709 1975 p:odes_t
749 1904 980 1958 contiuia
1029 1902 1228 1971 proprii
1282 1902 1418 1968 juris
1457 1900 1765 1959 extendere,
1799 1880 1845 1937 Β

178 2014 302 2052 cuni
339 2000 459 2051 haec
490 1997 615 2049 vita:
643 2005 842 2048 nostra:
875 2002 1142 2063 nequeant
1172 1992 1445 2060 angustias
1468 1989 1771 2059 protelare?

180 2087 339 2143 Unde
369 2090 459 2141 vir
484 2089 706 2156 sapEcns
743 2086 817 2139 ait
848 2104 860 2138 :
916 2104 934 2135 ι
970 2084 1087 2138 Noli
1120 2084 1396 2137 attendere
1438 2083 1505 2136 ad
1555 2097 1771 2151 posses-

180 2179 364 2231 siones
397 2178 641 2245 iniquas,
681 2184 735 2228 et
797 2190 864 2229 ne
913 2174 1113 2227 dixeris
1143 2188 1156 2225 :
1186 2174 1277 2225 Est
1320 2173 1449 2225 mihi
1497 2171 1771 2227 sufﬁciens

182 2267 327 2330 vita;
400 2266 542 2319 nihil
600 2264 744 2317 enim
803 2263 1046 2333 proderit
1113 2263 1164 2315 in
1225 2273 1465 2331 tempore
1524 2261 1773 2315 vindicta:

183 2354 379 2422 (Eccli.
414 2358 493 2422 v).
536 2372 554 2404 ι
585 2352 720 2406 Nam
751 2362 805 2407 et
841 2352 1008 2406 Isaias
1031 2353 1107 2405 ait
1142 2372 1153 2405 :
1192 2371 1209 2402 ι
1236 2352 1348 2415 ναξ,
1374 2352 1464 2420 qui
1497 2351 1773 2421 conjungi-

188 2447 256 2500 tis
278 2448 508 2500 domum
535 2446 603 2499 ad
627 2444 866 2510 domum,
889 2454 942 2497 et
969 2459 1153 2514 agrutu
1172 2459 1299 2513 agro
1322 2442 1583 2511 copulatis
1608 2457 1775 2511 usque

182 2533 250 2589 ad
290 2539 594 2590 terminum
642 2534 775 2587 loci!
831 2533 1067 2601 nunquid
1132 2532 1440 2586 habitabilis
1498 2533 1548 2585 in
1600 2533 1775 2587 medio

184 2630 344 2676 terra:
407 2623 511 2676 soli
582 2621 763 2675 vos?»
838 2621 981 2691 (Isa.
1049 2619 1134 2689 v.)
1206 2620 1282 2674 Ac
1338 2621 1381 2673 si
1448 2630 1635 2689 aperte
1697 2620 1776 2674 di-

185 2725 310 2769 cat:
376 2717 676 2783 Quousque
698 2728 792 2767 vos
849 2713 1137 2766 extenditis
1178 2753 1193 2775 ,
1256 2713 1345 2781 qui
1396 2712 1447 2765 in
1503 2712 1775 2766 communi

183 2802 387 2856 mundo
412 2803 613 2871 degere
635 2800 750 2852 sine
784 2800 1125 2853 consortibus
1153 2814 1256 2851 non
1280 2799 1551 2866 potestis?
1616 2798 1776 2866 Adja-

186 2900 369 2944 (entes
399 2892 623 2959 quidem
652 2899 812 2956 atque
834 2888 1115 2954 contiguos
1136 2889 1412 2956 premitis;
1463 2888 1556 2942 sed
1584 2898 1772 2943 contra

188 2994 322 3044 quos
351 2994 448 3032 vos
473 2977 701 3031 vale-alis
736 2979 1045 3039 extendere,
1076 2992 1288 3045 semper
1324 2977 1596 3031 invenitis.
1623 2976 1775 3032 Unde

189 3070 451 3137 scriptum
486 3077 570 3121 cst
602 3085 617 3120 :
655 3086 671 3116 ι
709 3067 807 3133 Qui
837 3066 1029 3134 quaerit
1072 3066 1254 3132 ditari,
1310 3082 1419 3121 non
1458 3068 1563 3121 erit
1622 3070 1776 3121 iuno—

189 3175 315 3212 ccns
347 3157 537 3227 (Prov.
573 3159 751 3227 xxiii).
784 3176 800 3207 ι
834 3157 900 3210 Ει
924 3157 1049 3209 alibi
1090 3157 1325 3211 dicitur:
1385 3175 1402 3208 ι
1431 3158 1607 3210 Avaro
1640 3151 1800 3215 nihil

130 3262 153 3299 κη
188 3257 269 3301 est
302 3249 612 3302 scelestius.
648 3247 785 3312 Quid
811 3246 1057 3315 superbis
1104 3255 1241 3299 terra
1291 3255 1345 3300 et
1404 3247 1575 3300 cinis?
1632 3245 1772 3301 Nihil

191 3348 273 3392 est
300 3340 543 3407 iniquius
558 3353 721 3405 quam
749 3352 932 3390 amare
960 3336 1242 3404 pecuniam
1262 3335 1452 3405 (Eccli.
1481 3337 1557 3407 ι).
1582 3356 1597 3386 ι
1630 3338 1771 3392 Dura

190 3437 334 3482 certe
362 3438 417 3482 ct
445 3428 613 3481 nimis
642 3425 990 3480 formidolosa
1032 3426 1318 3480 sententia.
1353 3425 1407 3479 Si
1464 3429 1608 3480 enim
1641 3426 1769 3483 nihil

189 3528 270 3572 est
292 3534 460 3572 avaro
493 3516 802 3581 scelestius,
832 3516 962 3569 nihil
992 3517 1254 3585 iniquius;
1288 3532 1392 3569 non
1419 3531 1549 3586 ergo
1584 3518 1773 3571 melior

190 3609 498 3676 parricidis,
524 3623 633 3660 non
655 3606 939 3674 prrel’ertur
958 3606 1198 3669 incestis,
1219 3616 1464 3675 aequatur
1482 3607 1769 3672 haereticis,

192 3697 524 3751 tissiuiilatur
582 3695 901 3749 idnlolatris.
965 3696 1115 3749 Unde
1160 3706 1213 3749 et
1264 3696 1550 3763 Apostolus
1595 3696 1767 3749 dicit:

196 3802 215 3835 ι
248 3786 492 3839 Avaritia
524 3800 645 3852 qua:
670 3792 752 3837 cst
784 3784 1049 3855 idolorum
1082 3784 1315 3838 servitus
1338 3782 1563 3851 (ϐρίσει,
1606 3784 1710 3854 tu).
1747 3804 1765 3835 ι

194 3872 275 3928 Sit
300 3891 432 3946 ergo
460 3873 694 3944 quilibet
716 3883 915 3936 castus,
940 3873 1015 3927 sit
1044 3874 1279 3937 sobrius,
1305 3875 1374 3928 sit
1406 3874 1773 3943 indigentibus

192 3964 398 4021 alendis
434 3968 698 4028 intentus,
730 3966 1084 4034 hospitalitati
1114 3966 1355 4030 deditus,
1387 3965 1614 4033 jt-junet,
1638 3967 1772 4036 vigi-

190 4052 279 4121 let,
312 4058 455 4111 diem
496 4058 640 4110 nocti
674 4056 949 4125 psallendo
988 4058 1300 4119 continuet;
1348 4058 1601 4112 si'tamen
1647 4074 1771 4111 ava-

191 4162 279 4202 rus
309 4158 411 4213 est,
441 4159 614 4201 totum
647 4148 853 4214 perdit;
895 4148 965 4200 ita
1002 4156 1060 4199 ut
1106 4148 1247 4200 inter
1272 4148 1511 4202 omnium
1581 4149 1768 4202 crimi-

192 4253 314 4291 num
347 4255 471 4292 reos
502 4238 816 4304 nequiorem
840 4252 897 4290 se
928 4237 1171 4295 invenire
1202 4252 1306 4290 non
1359 4239 1525 4305 possit
1556 4257 1567 4290 :
1634 4258 1650 4289 ι
1680 4237 1769 4291 Νί-

190 4326 263 4380 hil
298 4340 379 4382 est
409 4329 581 4390 enim,
616 4327 999 4403 sicutdicitur,
1056 4342 1219 4381 avaro
1276 4329 1580 4392 scelestius,
1636 4330 1769 4382 nihil

190 4416 421 4485 iniquius
451 4433 633 4487 quam,
674 4432 855 4471 amare
885 4404 1167 4485 pecuniam
1227 4417 1416 4489 (Eccli.
1448 4418 1523 4487 λ).
1563 4439 1580 4470 ι
1631 4421 1766 4486 Quid

1873 714 2049 768 lanter
2080 714 2317 767 addidit:
2383 712 2518 765 nihil
2557 711 2799 779 iniquius
2846 725 3009 779 quam
3061 723 3245 762 amare
3296 724 3462 779 pecu-

1872 808 2038 860 niam.
2106 804 2275 873 Igitur
2330 817 2553 855 avarum
2608 816 2729 855 esse
2786 800 2915 853 nihil
2968 799 3129 871 55.5
3163 800 3451 860 estaliud.

1872 910 2033 964 quam
2093 908 2273 947 amare
2336 893 2636 960 pecuniam.
2703 893 2929 944 Amatur
2992 893 3136 944 enim
3193 893 3461 959 acquisita

1868 986 2094 1054 pecunia
2125 1025 2139 1048 ,
2178 992 2391 1036 amatur
2438 981 2782 1035 nihilominus
2817 981 3166 1048 acquirenda.
3219 980 3463 1034 Avaritia

1870 1077 2066 1145 quippe
2108 1076 2260 1143 quasi
2310 1075 2492 1142 biceps
2536 1080 2623 1127 est
2664 1072 2918 1136 coluber;
2971 1082 3199 1140 utroque
3227 1085 3463 1126 consue-

1868 1167 1941 1221 vit
1992 1181 2088 1221 ore
2148 1165 2395 1218 mordere
2430 1205 2443 1227 ,
2487 1173 2719 1232 utroque
2775 1162 3088 1230 pestiferum
3170 1161 3317 1217 virus
3376 1163 3462 1216 in-

1849 1256 2068 1325 .ﬂnere;
2110 1259 2236 1310 dum
2300 1265 2391 1309 aut
2445 1256 2619 1309 aliena
2670 1269 2766 1309 res.
2796 1255 3095 1323 qutcritur,
3144 1262 3235 1307 aut
3280 1254 3465 1308 habita

1870 1347 2256 1401 delectabiliter
2304 1346 2629 1414 possidetur.
2682 1345 2759 1398 De
2816 1343 2907 1397 illo
2974 1358 3105 1397 sane
3166 1345 3255 1411 qui
3302 1351 3458 1397 utro-

1872 1454 1978 1507 que
2015 1439 2170 1504 hujus
2215 1434 2483 1505 serpentis
2527 1449 2624 1489 ore
2670 1432 2987 1501 dcglutitnr,
3038 1432 3301 1501 scriptum
3341 1440 3462 1484 est:

1876 1554 1895 1587 ι
1938 1529 2064 1583 Viro
2090 1529 2283 1597 cupido
2309 1536 2361 1580 et
2402 1526 2599 1590 tenaci,
2628 1525 2745 1578 sine
2773 1526 2981 1578 ratione
3012 1532 3093 1578 est
3123 1523 3460 1587 substantia;

1872 1634 1927 1678 et
1952 1620 2155 1678 homini
2194 1617 2356 1676 livido
2400 1618 2467 1670 ad
2509 1616 2638 1685 quid
2680 1616 2915 1670 aurum?
2946 1614 3141 1682 injuste
3181 1615 3300 1669 aliis
3332 1630 3467 1668 con-

1872 1725 2074 1786 gregat,
2101 1728 2155 1770 et
2198 1718 2251 1771 in
2296 1712 2451 1771 bonis
2521 1708 2641 1767 llius
2683 1709 2821 1764 alius
2866 1710 3227 1763 luxuriabitur
3270 1707 3464 1778 (Eccli.

1875 1810 2007 1873 xiv).
2044 1826 2061 1858 ι
2100 1807 2237 1860 Sunt
2280 1818 2540 1876 prteterea
2592 1801 2684 1878 qui
2719 1801 2844 1862 tatis
2871 1800 2937 1861 ad
2969 1800 3267 1869 appetenda
3292 1799 3471 1853 aliena

1874 1898 2157 1953 desideriis
2206 1899 2553 1953 inardescunt
2601 1900 2743 1953 :sed
2788 1898 2904 1952 hate
2947 1900 3235 1967 postquam
3289 1890 3472 1956 θάρρη

1873 1996 2018 2051 sunt,
2072 1988 2476 2056 prmr-ipitanter
2515 1986 2816 2041 clfundunt.
2867 1988 3004 2043 Sunt
3042 1990 3132 2058 qui
3180 1988 3249 2042 ad
3292 1980 3470 2041 aliena

1874 2077 2087 2145 quidem
2116 2079 2444 2147 acquirenua
2477 2093 2581 2131 non
2620 2077 2853 2141 inhiant,
2878 2077 2970 2131 sed
3015 2092 3137 2145 quae
3179 2092 3273 2131 sua
3319 2086 3466 2139 sunt,

1875 2170 2053 2221 tenaci
2079 2167 2322 2222 custodia
2369 2177 2627 2236 tanquam
2658 2165 2873 2222 Cereris
2919 2183 3073 2221 sacra
3121 2174 3467 2222 conservant.

1875 2259 2236 2313 Teterrimum
2276 2268 2456 2312 autem
2509 2272 2679 2328 genus
2725 2265 2809 2311 est
2850 2272 3038 2311 eorum
3084 2258 3175 2326 qui
3205 2266 3261 2310 et
3291 2256 3466 2311 aliena

1876 2350 2105 2419 turpiter
2135 2349 2399 2412 ambiunt,
2432 2356 2485 2401 et
2512 2364 2632 2417 qua:
2656 2347 2768 2416 jam
2802 2347 3055 2416 suijuris
3083 2356 3209 2401 sunt
3250 2346 3469 2401 sordida

1879 2440 2166 2505 tenacitate
2216 2439 2547 2493 custodiunt.
2612 2437 2831 2507 Pejores
2886 2437 3096 2492 scilicet
3144 2436 3472 2491 draconibus

1875 2528 2200 2601 Babyloniae,
2234 2530 2349 2598 qui,
2398 2528 2526 2583 licet
2557 2527 2820 2582 infinitam
2870 2528 2987 2581 auri
3032 2527 3351 2596 argentique
3386 2526 3470 2580 di-

1876 2629 2069 2675 cantur
2092 2618 2668 2689 servare-congeriem,
2707 2616 2834 2672 nulli
2870 2628 3043 2672 tamen
3072 2618 3343 2687 prepriam
3387 2615 3470 2670 di-

1875 2711 2079 2779 ripiunt
2106 2709 2417 2765 facultatem
2446 2719 2537 2765 :et
2568 2710 2807 2765 contenti
2837 2709 2993 2778 quasi
3019 2709 3251 2778 propriis
3275 2707 3464 2773 rebus.

1876 2816 1982 2856 non
2012 2802 2224 2856 inhiant
2256 2800 2464 2856 alienis.
2505 2800 2677 2855 Porro
2705 2808 2882 2853 autem
2914 2798 3041 2867 quid
3082 2798 3212 2851 mihi
3236 2811 3467 2865 congre-

1875 2909 2003 2964 gare
2028 2894 2262 2959 divitias,
2288 2908 2425 2963 quas
2446 2909 2621 2963 neque
2646 2893 2753 2948 huc
2797 2893 3089 2962 quispiam,
3115 2894 3240 2945 dum
3287 2894 3467 2960 ingre-

1877 2986 2113 3048 deretur,
2148 2986 2399 3051 advexit;
2450 3001 2625 3055 neque
2663 2984 2910 3039 comitari
2965 2992 3216 3054 poterunt
3247 2987 3313 3038 de
3358 2999 3469 3038 sses

1876 3075 1995 3128 culo
2024 3071 2365 3129 recedentem
2389 3075 2411 3128 ?
2436 3074 2590 3130 Unde
2636 3076 2767 3129 dicit
2795 3074 3082 3143 Apostolus
3110 3092 3121 3126 :
3154 3092 3171 3123 ι
3208 3072 3349 3128 Nihil
3384 3073 3465 3126 in-

1878 3164 2095 3219 tulimus
2141 3166 2191 3217 in
2227 3162 2373 3220 hunc
2420 3163 2699 3226 mundum,
2752 3165 2892 3217 haud
2938 3163 3158 3218 dubium
3206 3164 3331 3231 quia
3366 3176 3467 3216 nee

1876 3250 2089 3308 auferre
2134 3254 2260 3321 quid
2290 3269 2616 3323 possumus;
2664 3253 2926 3307 habentes
2962 3263 3143 3309 autem
3184 3253 3461 3313 alimenta,

1875 3352 1924 3397 et
1950 3343 2143 3411 quibus
2172 3351 2435 3411 tegamur,
2469 3342 2553 3396 his
2580 3343 2818 3396 contenti
2849 3341 3035 3395 simus.
3065 3340 3197 3394 Nam
3229 3341 3319 3409 qui
3366 3356 3465 3393 vo-

1874 3430 2204 3485 luutdivites
2227 3431 2367 3491 ﬁeri.
2393 3432 2636 3485 incidunt
2670 3431 3099 3485 intentationem
3137 3439 3189 3482 et
3210 3429 3464 3498 laqueum

1874 3522 2091 3583 diaboli,
2116 3530 2170 3577 et
2197 3520 2464 3574 desideria
2514 3518 2681 3572 multa
2730 3518 2939 3572 inutilia
2998 3527 3053 3573 et
3103 3519 3313 3581 nociva,
3344 3534 3466 3587 qua:

1873 3618 2121 3680 mergunt
2150 3608 2395 3662 homines
2434 3608 2488 3661 in
2542 3606 2817 3662 interitum
2857 3615 2912 3660 ct
2946 3605 3321 3677 perditionem.
3349 3604 3462 3659 Ra—

1874 3699 1962 3752 dix
2006 3698 2147 3752 etaim
2192 3696 2433 3751 omnium
2484 3695 2748 3749 malorum
2799 3705 2883 3749 est
2928 3696 3195 3766 cupiditas
3223 3736 3237 3760 ,
3296 3710 3461 3764 quam

1874 3787 2090 3855 quidam
2119 3794 2454 3854 appetentes,
2485 3794 2803 3838 erraverunt
2826 3800 2857 3841 a
2880 3784 3002 3851 fide,
3034 3794 3088 3840 et
3118 3786 3464 3840 inseruerunt

1872 3892 1931 3933 se
1959 3877 2231 3932 doloribus
2262 3876 2445 3930 multis
2464 3876 2511 3947 (l
2548 3876 2683 3929 Tim.
2716 3877 2787 3947 v).
2832 3896 2850 3930 ι

2480 3966 2709 4021 CAPUT
2761 3966 2849 4022 ιν.

2088 4056 2260 4123 Quam
2286 4058 2352 4111 sit
2371 4057 2719 4124 perniciosum
2750 4057 2960 4112 divitias
2981 4069 3240 4127 appetere.

1942 4144 2078 4212 Quid
2108 4162 2239 4216 ergo
2268 4146 2463 4200 mirum
2496 4147 2640 4215 quod
2690 4149 2941 4215 superius
2987 4149 3245 4216 diximus,
3295 4166 3462 4209 avaro

1871 4236 2003 4289 nihil
2038 4252 2157 4290 esse
2188 4236 2492 4301 scelestius,
2522 4252 2643 4291 cum
2671 4236 2886 4291 dicatur
2922 4241 3163 4293 omnium
3198 4241 3460 4296 malorum

1873 4325 2021 4378 radix
2050 4340 2169 4378 esse
2192 4327 2479 4395 cupiditas.
2512 4326 2570 4380 lu
2602 4342 2709 4397 quo
2751 4329 2895 4382 enim
2930 4331 3082 4384 radix
3111 4340 3194 4385 est
3220 4333 3461 4386 omnium

1871 4415 2160 4473 malorum.
2196 4416 2280 4469 ille
2311 4426 2717 4485 consequenter
2757 4420 2998 4473 omnium
3042 4420 3306 4474 malorum
3337 4437 3462 4475 reus

187 4521 311 4575 ergo
349 4509 598 4577 proderit
618 4522 720 4559 non
752 4508 1036 4562 occidere?
1067 4522 1170 4561 non
1197 4510 1494 4563 mmehari?
1533 4526 1637 4563 non
1683 4525 1764 4563 ra-
1798 4534 1845 4590 ι)
1871 4517 1990 4557 esse
2017 4504 2394 4569 CODViIICiltN';
2431 4507 2809 4573 ttuiaqmrum
2833 4507 2997 4566 habet
3025 4508 3077 4561 in
3112 4512 3193 4563 sui
3224 4512 3463 4580 pectoris

188 4600 346 4665 pere?
372 4616 481 4654 non
497 4598 731 4666 denique
744 4596 951 4666 perjura
963 4599 1459 4667 re?immunemque
1475 4608 1522 4653 te
1545 4615 1766 4667 prorsus

188 4704 215 4740 a
257 4694 469 4747 cunctis
503 4690 821 4746 criminibus
863 4692 1173 4745 custodire?
1225 4692 1512 4747 dummodo
1563 4693 1607 4746 si
1651 4708 1679 4745 a
1716 4704 1766 4747 te

188 4782 401 4835 avaritia
437 4796 547 4836 non
575 4780 881 4848 expellitur,
910 4780 1043 4834 nihil
1074 4790 1124 4835 te
1150 4781 1377 4851 nequius
1400 4821 1416 4845 ,
1450 4781 1581 4834 nihil
1635 4794 1760 4835 sce-

188 4865 366 4924 lestius
397 4870 690 4939 reperitur.

803 4959 1028 5015 CAPUT
1050 4959 1132 5013 lll.

721 5047 859 5113 Quid
896 5050 963 5103 sit
986 5051 1232 5103 auaritia.

250 5135 346 5189 Erit
380 5154 512 5207 ergo
581 5151 779 5190 avarus
805 5177 819 5202 ,
864 5139 1102 5205 parietes
1136 5136 1388 5191 Ecclesiae
1458 5148 1752 5201 construat,

186 5228 354 5279 sttnlio
393 5227 801 5297 praedicationis
854 5228 1116 5291 insistat,
1166 5228 1489 5281 dissidentes
1530 5230 1578 5281 in
1628 5245 1758 5295 pace

186 5314 529 5379 conlinit-ret,
569 5316 867 5370 titubantes
896 5316 949 5369 in
1011 5316 1290 5368 catholicae
1350 5316 1469 5367 tidei
1528 5318 1756 5371 veritate

190 5405 481 5469 conﬁrmet,
517 5403 809 5459 nll‘ercndis
838 5405 1076 5473 quotidie
1098 5405 1381 5459 sacrificiis
1395 5408 1464 5459 sit
1495 5406 1752 5469 intentus,

188 5505 214 5541 ιι
238 5498 456 5561 negotiis
477 5493 832 5547 saecularibus
855 5494 926 5547 sit
954 5504 1223 5558 remotus;
1250 5494 1422 5547 donec
1473 5504 1647 5547 tamen
1703 5496 1754 5548 in

187 5592 245 5632 co
274 5586 428 5639 ardor
452 5583 703 5638 araritizc
730 5599 835 5637 non
858 5585 1220 5652 exstinguitur
1239 5625 1251 5647 ,
1282 5586 1463 5638 omnis
1495 5584 1593 5637 llos
1642 5586 1742 5638 vir-

189 5676 347 5725 tutum
383 5675 499 5744 cjus
522 5672 796 5737 exuritur,
828 5683 882 5727 et
907 5674 1082 5727 nullus
1102 5688 1164 5727 eo
1188 5674 1527 5729 criminosior
1552 5674 1757 5728 inveni—

190 5766 284 5815 tur.
351 5762 646 5819 Enimvero
687 5773 966 5828 numquam
1032 5762 1307 5823 Scriptura
1348 5765 1546 5829 posuit.
1591 5780 1753 5823 avaro

1870 4607 2000 4661 egro
2030 4592 2288 4655 radicem,
2320 4607 2422 4646 non
2455 4603 2631 4662 potest
2664 4605 2983 4650 venenatam
3010 4598 3184 4651 vitare
3212 4601 3461 4670 propagi-

1871 4694 2021 4735 nem.
2054 4679 2161 4734 Nec
2191 4684 2623 4748 prmtcreundum
2657 4682 2798 4751 quod
2830 4687 2941 4740 ait:
2975 4705 2991 4737 ι
3032 4685 3203 4752 Quam
3236 4690 3458 4758 quidam

1869 4778 2202 4837 appetentes,
2231 4778 2551 4823 erraverunt
2576 4788 2604 4824 a
2636 4772 2739 4825 [ide
2763 4771 2979 4841 (Matth.
3014 4776 3185 4845 xxvi).
3217 4797 3235 4827 ι
3283 4777 3456 4831 Nimi-

1869 4874 2007 4923 rum,
2040 4860 2181 4913 sicut
2210 4860 2453 4928 proditor
2483 4860 2782 4916 Salvatoris
2807 4905 2822 4928 ,
2846 4864 2960 4932 qui,
2987 4875 3045 4919 ut
3072 4868 3279 4936 exiguae
3308 4881 3459 4921 sum-

1868 4968 1969 5007 ma:
1997 4954 2299 5022 perciperet
2330 4955 2710 5022 quantitatem,
2740 4956 2839 5010 sub
2880 4956 3170 5012 vcnalitate
3203 4959 3458 5013 distraxit

1869 5058 2049 5098 rerum
2077 5045 2317 5097 omnium
2346 5046 2716 5109 Conditorem,
2748 5055 2822 5111 et,
2853 5063 2951 5116 pro
2983 5048 3103 5102 vilis
3126 5064 3309 5103 amore
3354 5066 3453 5118 pe-

1866 5132 2058 5194 cuniae,
2090 5142 2364 5187 auctorem
2404 5133 2623 5187 tradidit
2670 5136 2811 5188 vitm.
2859 5134 3012 5190 Sicut
3056 5136 3197 5191 enim
3230 5137 3451 5191 Balaam

1866 5223 2007 5276 ﬁlius
2037 5223 2174 5276 Beor
2208 5222 2397 5290 (Num.
2430 5224 2589 5293 xxii),
2623 5228 2735 5295 qui,
2757 5228 2881 5280 dum
2931 5230 2996 5283 ad
3044 5231 3285 5297 pecunia:
3332 5247 3453 5300 qute

1862 5312 2189 5366 offerebatur
2226 5312 2397 5367 inhiat
2424 5324 2709 5382 quaestum,
2743 5316 2835 5369 Dei
2893 5318 2995 5370 tide
3026 5326 3353 5388 contempta,
3384 5322 3452 5374 de

1861 5403 2022 5457 Israel
2050 5402 2137 5454 tioi
2176 5403 2355 5471 populi
2390 5404 2538 5457 dedit
2568 5404 2721 5458 ruina
2759 5406 3062 5459 consilium.
3109 5406 3259 5460 Hunc
3289 5410 3451 5476 plane

1861 5493 2080 5563 quidam
2114 5506 2219 5545 non
2251 5494 2660 5547 contemnendae
2691 5496 3032 5549 auctoritatis
3076 5494 3173 5548 viri
3226 5499 3450 5551 tradunt

1861 5583 1996 5653 (vide
2023 5582 2219 5635 scholia
2240 5584 2311 5635 ad
2339 5582 2531 5636 calcem
2560 5584 2839 5653 opusculi),
2892 5585 3045 5641 lleliu
3090 5586 3255 5641 fuisse
3282 5587 3442 5641 Buzi-

1862 5683 1953 5726 ten
1981 5672 2046 5725 de
2072 5673 2327 5739 progenie
2356 5673 2565 5727 scilicet
2588 5673 2716 5732 Buz.
2751 5676 2839 5743 qui
2873 5680 3141 5731 secundus
3172 5677 3311 5731 {ilius
3344 5676 3447 5733 fuit

1861 5762 2075 5821 Nacbor
2102 5762 2290 5820 fratris
2328 5763 2619 5821 Abraham.
2659 5766 2757 5832 Qui
2812 5767 3059 5825 videlicet
3110 5768 3260 5823 lleliu
3293 5770 3346 5824 in
3379 5770 3447 5825 li-
