5664 6648
104 0 2027 197 γ

2339 464 2441 521 555

2800 470 2855 524 s.
2891 469 3091 526 perm
3132 471 3415 529 DAMIANI
3451 474 3601 532 aee.
3638 472 3873 532 TOMUS
3911 476 4039 533 seu
4070 478 4249 537 rans
4274 481 4361 539 ιιι.
4386 481 4834 544 -οριιεαυωι
4874 476 5102 545 νΑιιιΑζ

5448 496 5539 550 536

2337 584 2434 635 bro
2462 580 2521 633 Β.
2545 578 2645 635 Job
2664 583 2779 651 ejus
2802 585 3005 638 amicus
3026 584 3221 638 dicitur
3246 587 3523 641 exstitisse
3549 588 3671 659 (Job
3693 591 3866 658 χχιιι)
3889 607 3903 653 ;
3938 596 3980 652 Α
4012 606 4188 647 causa
4211 595 4500 663 negotium,
4518 596 4716 650 nullum
4741 600 5013 667 pactisunt
5035 604 5365 657 commodum
5390 618 5528 675 ;post

2336 674 2586 743 quoniam
2618 676 2877 744 propheta
2910 675 3100 738 fuerat,
3130 684 3185 729 et
3230 678 3490 746 spiritalis
3532 680 3715 750 gratia:
3755 695 3907 735 reve—

2334 762 2529 817 latione
2556 762 2819 830 pollebat;
2866 763 2958 817 sed
2999 764 3124 817 dum
3157 767 3400 820 avaritia:
3442 768 3692 836 paulatim
3740 769 3906 823 decli-

2331 860 2513 904 nasset
2558 851 2611 904 in
2653 851 2858 915 vitium,
2906 854 2971 908 de
3020 856 3280 923 propheta
3330 857 3507 911 factus
3553 857 3774 921 ariolus,
3834 860 3902 913 de

4009 685 4221 737 modum
4246 699 4371 738 vero
4392 696 4644 755 tanquam
4667 704 4695 741 a
4717 690 5045 745 debitoribus
5062 694 5368 763 exigunt,et
5386 706 5523 750 exter

4007 776 4231 842 quendis
4256 778 4772 832 remunerationibus
4813 782 5154 836 vehementer
5189 784 5465 849 insistunt;
5498 788 5541 841 hi

4003 880 4059 919 se
4079 864 4223 919 Giezi
4250 882 4351 919 non
4376 867 4615 920 dubitent
4632 870 4831 923 crimen
4858 872 5128 928 incurrere
5153 874 5255 945 (IV
5275 875 5394 945 Reg.
5417 880 5539 947 rm),

2329 941 2499 994 ariolo
2524 956 2817 997 conversus
2844 944 3157 1011 prohibetur
3207 948 3262 999 in
3308 963 3541 1018 magum.
3590 949 3727 1004 Ecce
3770 951 3900 1019 quid
4000 954 4111 1021 qui,
4140 963 4427 1022 postquam
4472 956 4706 1010 Naaman
4740 970 4956 1014 curatus
5002 972 5103 1024 est,
5126 963 5343 1033 jamque
5383 981 5541 1020 rever-

2326 1029 2573 1084 utilitatis
2617 1030 2853 1085 conferat
2885 1030 3046 1104 546
3088 1037 3347 1101 avaritia;
3403 1050 3520 1106 quae
3562 1040 3689 1091 dum
3737 1039 3896 1093 fidem

2326 1119 2635 1174 hominibus
2666 1122 2820 1189 tollit,
2852 1135 3167 1193 prophetam
3191 1128 3351 1181 vertit
3380 1129 3432 1182 in
3464 1144 3703 1198 magum,
3750 1141 3803 1185 et
3828 1148 3896 1185 ex

2321 1209 2601 1276 apostolici
2630 1211 2879 1267 culminis
2909 1216 3059 1282 apice
3087 1218 3276 1287 mergit
3323 1220 3375 1270 in
3411 1229 3696 1273 tartarum.
3745 1221 3893 1275 Nun-

2315 1296 2442 1362 quid
2472 1307 2529 1351 et
2549 1298 2701 1355 Giezi
2731 1316 2760 1354 a
2793 1302 2895 1356 lide
2927 1319 3032 1358 non
3056 1316 3353 1371 erraverat,
3394 1309 3509 1375 qui,
3536 1310 3662 1363 dum
3694 1326 3888 1381 argen-

2315 1393 2429 1439 tum
2460 1386 2699 1442 Naaman
2725 1390 3031 1447 offerentem
3068 1396 3396 1465 perciperet,
3431 1401 3631 1457 domini
3675 1403 3753 1455 sui
3782 1404 3891 1470 spi-

2315 1476 2478 1531 ritum
2528 1481 2903 1549 suspicabatur
2954 1485 3277 1541 absentem?
3340 1489 3445 1544 Sed
3491 1494 3569 1545 ait
3634 1493 3880 1547 Eliseus:

2318 1586 2337 1617 ι
2389 1567 2577 1623 Nonne
2644 1586 2740 1625 eor
2793 1587 2969 1628 meum
3036 1577 3087 1629 in
3138 1582 3387 1646 praesenti
3454 1595 3610 1646 erat,
3670 1585 3883 1651 quando

2314 1670 2561 1711 reversus
2626 1668 2709 1713 est
2762 1661 2923 1716 homo
2987 1665 3055 1720 de
3107 1684 3269 1721 curru
3319 1686 3417 1724 suo
3481 1673 3533 1725 in
3599 1688 3881 1728 occursum

2310 1745 2451 1799 tibi?
2497 1766 2514 1797 ι
2549 1746 2655 1817 (ιγ
2685 1749 2810 1820 Reg.
2842 1758 2919 1820 γ)
2964 1755 3061 1809 Ubi
3110 1768 3266 1813 caute
3305 1762 3751 1816 considerandum
3800 1776 3881 1818 est

2304 1836 2452 1903 quia,
2502 1837 2547 1891 si
2600 1839 2689 1894 ille
2754 1842 3008 1898 multatus
3053 1856 3135 1902 est
3212 1850 3305 1915 qui
3360 1853 3590 1919 pretium
3642 1854 3759 1907 tulit
3813 1855 3878 1909 de

4002 1050 4135 1104 lens,
4164 1043 4228 1096 de
4249 1043 4389 1097 dono
4418 1044 4475 1097 S.
4506 1046 4735 1115 Spiritus
4762 1064 4922 1103 ausus
4952 1062 5031 1104 est
5075 1054 5345 1120 pecuniam
5376 1065 5540 1123 postu-

3995 1129 4126 1183 lare.
4162 1130 4225 1183 Et
4250 1134 4388 1187 sicut
4426 1134 4513 1188 ille
4545 1151 4649 1189 non
4695 1138 4797 1190 alia
4849 1155 5008 1207 quam
5055 1140 5211 1210 leprze
5254 1143 5397 1213 plaga
5428 1160 5535 1211 pcr-

3993 1233 4180 1275 eussus
4207 1231 4310 1285 est,
4338 1237 4455 1291 qua:
4485 1225 4728 1279 homines
4761 1230 5067 1283 removebat
5093 1248 5120 1283 a
5154 1234 5369 1295 castris;
5394 1232 5537 1305 547

3992 1310 4068 1363 sic
4102 1311 4201 1365 iste
4233 1329 4335 1367 non
4370 1314 4490 1381 levi,
4525 1317 4615 1369 sed
4650 1318 4791 1372 illius
4835 1317 4949 1371 labe
4992 1320 5326 1387 perfunditur
5370 1324 5538 1377 crimi-

3990 1398 4073 1451 nis
4102 1400 4241 1465 quod
4272 1402 4340 1453 ab
4370 1404 4625 1458 Ecclesia:
4656 1416 4866 1475 separat
4893 1410 5258 1461 sacramentis.

4058 1486 4175 1540 Vidi
4206 1490 4382 1556 plane,
4432 1492 4554 1544 dum
4604 1494 4922 1564 episcopaiis
4963 1497 5126 1565 apicis
5167 1496 5341 1552 officio
5367 1497 5538 1568 funge-

3986 1588 4133 1631 retur
4164 1580 4298 1648 (2‘2),
4347 1584 4630 1649 quemdam
4678 1585 4745 1639 de
4794 1586 5049 1641 fratribus
5092 1590 5306 1651 nostris,
5355 1604 5533 1644 nomen

3983 1670 4195 1736 quidem
4232 1675 4529 1741 suppl-imo,
4570 1676 4753 1728 vitium
4788 1689 4932 1741 noto,
4964 1681 5051 1747 qui
5084 1682 5160 1733 sic
5210 1682 5532 1736 subsultabat

3981 1769 4140 1827 atque
4196 1761 4496 1828 gliscebat,
4548 1766 4669 1818 dum
4715 1766 4991 1834 przelixum
5032 1770 5294 1838 synodalis
5336 1770 5533 1824 concilii

3981 1858 4189 1917 tempus
4227 1852 4535 1916 insisteret,
4579 1870 4641 1909 ac
4707 1856 4749 1909 si
4800 1857 5003 1911 tritura:
5052 1859 5163 1911 sive
5214 1860 5534 1916 vindemialis

2303 1926 2501 1980 νῆι-ιιιιε
2527 1931 2818 1997 propheta,
2850 1948 2955 2001 quo
2985 1945 3142 2002 pacm
3171 1940 3291 2006 quis
3318 1942 3511 1994 audeat
3536 1945 3763 1998 vendere
3785 1945 3873 2012 j"-
3908 1927 3949 1983 Β
3980 1949 4269 2005 proventus
4300 1943 4558 1995 articulus
4593 1945 4916 1997 immineret.
4948 1947 5268 2015 Accingebat
5300 1950 5436 2001 enim
5479 1963 5533 2003 se

0 6322 1353 6648 ⁵....

2303 2014 2499 2069 dicium
2531 2020 2729 2086 ρειρωῖ
2764 2038 2781 2071 ι
2816 2022 3104 2093 Aeeepisti,
3132 2028 3302 2096 inquit
3332 2030 3562 2095 Eliseus,
3595 2044 3874 2102 argentum

2300 2113 2353 2155 et
2389 2117 2583 2171 vestes,
2613 2120 2668 2161 ut
2696 2123 2845 2165 emas
2871 2113 3064 2168 oliveta
3098 2126 3151 2170 et
3197 2120 3412 2183 vineas,
3448 2137 3576 2176 oves
3606 2134 3657 2177 et
3689 2126 3871 2187 boves,

2300 2212 2486 2252 servos
2509 2210 2561 2253 et
2589 2203 2810 2257 ancillas
2840 2222 2853 2269 ;
2896 2209 2987 2261 sed
3020 2220 3073 2264 et
3104 2210 3247 2279 lepra
3289 2213 3523 2269 Naamau
3576 2219 3871 2273 adhzerebit

2304 2285 2394 2340 tibi
2432 2300 2485 2342 et
2515 2293 2706 2345 semini
2746 2304 2834 2347 tuo
2867 2298 2915 2349 in
2950 2302 3334 2369 sempiternum
3363 2306 3574 2376 (Ibid).
3612 2329 3629 2361 ι

2366 2379 2480 2433 Duo
2524 2382 2680 2450 plane
2728 2387 3037 2445 simoniaca:
3089 2394 3359 2452 haereseos
3399 2405 3737 2469 reperiuntur
3774 2422 3867 2458 au-

2294 2479 2493 2535 ctores,
2523 2490 2658 2529 unus
2692 2478 2740 2530 in
2775 2478 2952 2535 Veteri
2986 2482 3354 2551 Testamento,
3411 2493 3548 2546 alter
3595 2498 3643 2548 in
3677 2496 3865 2564 Nom;

2292 2575 2412 2625 qum
2455 2564 2615 2615 etiam
2649 2566 2752 2619 duo
2788 2568 3205 2629 simoniacorum
3256 2595 3449 2646 genera
3501 2583 3861 2650 perfecerunt,

2290 2652 2633 2709 ventlentimu
2681 2660 2905 2724 scilicet,
2951 2674 3002 2718 et
3045 2671 3360 2724 ementium.
3410 2672 3559 2727 Giezi
3600 2678 3859 2744 siquidem

2288 2741 2491 2794 donum
2519 2748 2689 2799 sancti
2731 2748 2962 2817 Spiritus
2991 2757 3232 2810 vendidit
3258 2758 3309 2829 (I
3328 2758 3363 2809 V
3407 2761 3535 2831 Reg.
3564 2768 3637 2831 v),
3666 2741 3856 2822 Simon

2284 2828 2475 2921 blagtts
2522 2849 2835 2905 comparare
2873 2846 3096 2900 tentavit
3126 2847 3264 2916 (Aet.
3308 2853 3443 2920 vm).
3480 2828 3717 2909 Nee'ille
3742 2874 3855 2921 so-

2283 2914 2559 2975 :ummodo
2586 2926 2843 2982 dicendus
2870 2938 2951 2984 est
3000 2914 3349 3001 simoniaens,
3379 2914 3468 3007 qui
3502 2945 3595 2996 dat
3646 2918 3745 3001 vel
3768 2961 3853 3000 ac.

2281 3008 2413 3075 cipit
2436 3010 2502 3066 de
2545 3016 2712 3070 sacris
2740 3020 3015 3076 ordinibus
3044 3027 3273 3093 pretittm
3305 3048 3319 3093 ;
3348 3035 3439 3087 sed
3470 3043 3520 3087 et
3551 3038 3641 3102 qui
3670 3040 3852 3092 vendit

2282 3101 2565 3166 synodum,
2595 3105 2682 3171 qui
2730 3106 2981 3163 distrahit
3036 3117 3368 3173 sacerdotale
3409 3101 3691 3190 judicium.
3745 3127 3849 3182 Sed

2279 3185 2512 3240 fortasse
2538 3191 2729 3259 aliquis
2772 3196 2955 3251 dicat:
2992 3199 3056 3253 Et
3088 3203 3172 3257 ille
3208 3219 3336 3276 ergo
3366 3185 3455 3276 qui
3481 3227 3577 3277 pro
3608 3218 3845 3283 synodali
3880 3266 3921 3285 η

2280 3280 2542 3332 sententia
2570 3284 2859 3354 quidquam
2892 3290 3097 3357 tribuit,
3130 3295 3481 3353 simoniacnm
3531 3280 3731 3356 crimen
3771 3306 3849 3357 in-

2276 3369 2490 3422 currit?
2520 3369 2634 3425 Non
2669 3375 2769 3428 hoc
2805 3376 3031 3433 dixerim
3060 3398 3074 3445 ;
3122 3385 3243 3451 quia
3287 3402 3458 3455 neque
3487 3388 3721 3443 Naaman
3753 3393 3849 3445 de-

2274 3454 2456 3525 liquit,
2485 3461 2609 3515 dum
2656 3466 2997 3525 fraudulento
3044 3488 3199 3529 servo
3245 3493 3342 3545 pro
3374 3454 3718 3536 mundatoris
3766 3486 3849 3539 sui

2273 3552 2574 3603 reverentia
2600 3566 2798 3610 munus
2832 3561 3043 3613 obtulit.
3074 3564 3227 3617 Aliud
3256 3569 3451 3637 quippe
3491 3581 3591 3632 est,
3619 3576 3847 3641 quamli-

2275 3636 2368 3690 bet
2396 3652 2569 3693 causa:
2592 3657 2701 3697 suae
2722 3645 3029 3703 desiderare
3046 3636 3840 3727 justitiam,aliudeanonicam,

2274 3743 2395 3795 quae
2423 3747 2518 3798 per
2554 3734 3103 3802 Spiritum.sanctum
3135 3750 3421 3804 constituta
3466 3764 3568 3815 est,
3603 3755 3839 3809 venalem

2270 3816 2470 3873 habere
2490 3837 2789 3880 censuram.
2817 3830 2881 3883 Et
2899 3848 3001 3900 qua
3024 3840 3347 3893 conscientia
3370 3843 3435 3896 de
3456 3846 3842 3916 promulgando

2262 3907 2535 3974 iudicialis
2560 3921 2838 3976 sententire
2867 3926 3074 3981 calculo
3105 3933 3334 3997 pretium
3376 3938 3641 3993 sumimus
3667 3957 3680 4002 ;
3718 3958 3838 3996 cum

2269 4100 2358 4144 aut
2396 4101 2684 4153 contendat
2711 4103 2945 4170 injuste?
2978 4112 3127 4177 Quod
3159 4116 3203 4168 si
3228 4115 3375 4184 juste
3403 4121 3595 4191 litigat,
3642 4100 3837 4182 verita-

2270 4186 2377 4233 tem
2408 4188 2587 4249 procul
2612 4188 2775 4243 dubio
2803 4194 3115 4265 vendinius;
3146 4203 3189 4256 si
3229 4220 3355 4260 vero
3385 4186 3601 4275 injuste,
3648 4228 3832 4272 contra

2264 4271 2569 4337 veritatem,
2601 4293 2719 4345 quae
2744 4280 2993 4339 Christus
3014 4300 3116 4353 est,
3143 4271 3466 4362 impudentis
3494 4304 3730 4357 audaciae
3756 4317 3832 4360 te-

2262 4363 2513 4461 meritate
2532 4381 2847 4437 pugnamus.
2874 4375 3009 4431 Hine
3031 4388 3266 4451 estquod
3285 4386 3337 4438 in
3355 4387 3470 4457 lege
3494 4393 3827 4461 prteeipitnr:

2265 4449 2466 4553 :Jttste
2500 4462 2637 4523 quod
2678 4459 2877 4527 justum
2923 4478 3027 4531 est,
3074 4449 3383 4543 exsequeris
3408 4449 3589 4548 (Deut.
3627 4449 3757 4553 κίι).
3804 4507 3823 4539 ι

2259 4538 2455 4596 Ιιιτιιειιε
2488 4550 2682 4619 quippe
2727 4557 2869 4622 quod
2930 4558 3133 4639 justum
3191 4577 3272 4619 est
3323 4574 3639 4641 exsequitur
3678 4538 3823 4645 quis-
3855 4593 3901 4650 ι)

2258 4634 2379 4699 quis
2396 4636 2460 4688 ad
2482 4638 2846 4697 defensionem
2865 4636 3212 4713 justititenon
3232 4660 3446 4715 virtutis
3460 4667 3821 4735 :emulatione,

2254 4723 2349 4777 sed
2374 4739 2557 4781 amore
2584 4736 2786 4797 prannii
2816 4742 3124 4807 temporalis
3151 4748 3436 4807 excitatur.
3462 4754 3590 4810 Nam
3622 4759 3820 4827 injuste

2253 4816 2392 4878 quod
2426 4814 2628 4884 justum
2675 4834 2757 4878 est
2786 4832 3005 4897 exsequi
3030 4831 3155 4899 jure
3188 4837 3385 4893 dicitur
3414 4845 3503 4911 qui
3526 4814 3813 4915 [justitiam

2253 4920 2412 4970 quam
2456 4914 2731 4975 praetendit
2760 4957 2772 4979 ,
2821 4925 3130 4978 venundare
3173 4942 3278 4981 non
3335 4914 3571 4989 veretur.
3612 4939 3681 4992 At
3729 4943 3814 4996 ille

2251 4996 2392 5062 quod
2417 4995 2618 5064 justum
2669 4997 2913 5075 estjuste
2944 5014 3202 5079 probatur
3226 5023 3469 5089 exsequi,
3512 5028 3601 5094 qui
3637 5030 3685 5082 in
3728 5048 3812 5085 as-

2249 5085 2491 5139 sertione
2522 5088 2742 5155 j'ustilize
2782 5098 2853 5150 nil
2901 5102 3045 5157 aliud
3095 5118 3292 5173 praeter
3340 5113 3507 5167 solam
3552 5118 3814 5186 justitiam

2245 5175 2461 5241 quaerit.

2862 5277 3085 5337 CAPUT
3141 5287 3204 5340 V.

2251 5383 2403 5448 Quod
2434 5390 2707 5484 s'i'mom'nei
2733 5407 2851 5451 sunt
2879 5416 2980 5479 itan
3025 5406 3187 5461 solum
3224 5414 3313 5479 qui
3334 5418 3690 5484 paciscuntur,
3720 5426 3811 5475 sed

2421 5470 2573 5511 etiam
2595 5470 2684 5530 qui
2702 5471 2972 5533 pecuniam
2999 5490 3096 5525 non
3118 5470 3316 5543 pactam
3334 5470 3623 5551 postulant.

2319 5562 2382 5615 Et
2432 5570 2550 5632 quia
2587 5585 2710 5629 sunt
2750 5584 2991 5638 nonnulli
3034 5590 3122 5655 qui
3170 5591 3250 5645 vel
3287 5607 3571 5666 antequam
3622 5620 3805 5661 conse-

2247 5654 2501 5710 cratiunis
2542 5664 2825 5720 exhibeant
2871 5675 3245 5744 ministerium,
3290 5686 3369 5737 vel
3412 5700 3535 5744 ante
3562 5694 3799 5751 decisum

2316 5791 2425 5861 (ἒξ)

3975 2033 4286 2085 muneribus
4315 2033 4651 2103 colligendis,
4683 2036 4747 2087 ad
4780 2050 4913 2103 quos
4958 2038 5141 2105 utique
5186 2040 5531 2107 pnecidcndos

3974 2135 4077 2169 non
4110 2121 4279 2173 aciem
4316 2121 4466 2184 ferri,
4500 2123 4589 2175 sed
4642 2123 4831 2176 falcem
4865 2126 5155 2177 exaeuebat
5193 2126 5405 2194 eloquii,
5444 2127 5527 2195 qui

3969 2209 4129 2260 etiam
4166 2208 4324 2275 hujus
4352 2209 4556 2264 fraudis
4583 2212 4779 2265 habere
4806 2213 5005 2279 pseudo
5029 2213 5301 2267 dicebatur
5326 2225 5531 2283 aposto-

3969 2297 4065 2359 las,
4112 2300 4200 2367 qui
4250 2300 4501 2352 nimirum
4547 2302 4805 2369 pecunias
4847 2302 4970 2356 hinc
5001 2303 5121 2355 inde
5169 2306 5529 2370 corraderent,

3968 2404 4168 2455 easque.
4219 2390 4505 2456 marsupiis
4540 2390 4649 2458 jam
4684 2390 5051 2445 eminentibus
5099 2391 5427 2447 infarcirent.
5467 2393 5523 2447 Si

3966 2480 4087 2546 quis
4118 2489 4301 2531 autem
4331 2480 4459 2533 mihi
4491 2479 4628 2533 forte
4654 2492 4986 2546 succenseat,
5010 2484 5149 2551 quod
5178 2484 5526 2537 consacerdo-

3968 2578 4073 2623 tem
4108 2586 4283 2622 meum
4314 2582 4417 2623 tam
4466 2572 4792 2625 mordaciter
4829 2573 5232 2641 reprehendam,
5273 2571 5523 2628 Joannem

3961 2661 4214 2728 corripiat
4260 2670 4314 2714 et
4354 2660 4659 2715 Muttine-um
4704 2663 4895 2729 (Jonn.
4943 2679 5040 2725 xu,
5090 2680 5205 2726 xui,
5252 2681 5309 2727 tt,
5352 2680 5518 2729 xvnt;

3962 2752 4147 2804 Malm.
4183 2756 4350 2819 xxvi),
4393 2754 4480 2822 qui
4513 2754 4636 2805 dum
4674 2770 4839 2808 sacrm
4869 2767 5260 2825 prosequuntur
5295 2758 5521 2812 historiae

3959 2842 4261 2904 veritatem,
4288 2844 4651 2910 conpostolum
4682 2861 4835 2898 suum
4864 2848 5102 2913 pecuniis
5131 2849 5414 2903 inhiantem
5439 2865 5527 2903 sa-

3955 2930 4209 2997 crilegum
4236 2933 4513 2999 perhibent
4550 2934 4881 2987 tratliturcm.
4908 2935 5193 3004 Sperantes
5224 2948 5395 2991 autem
5425 2938 5521 2992 hu-

3946 3017 4178 3083 jusmodi
4217 3030 4451 3089 qum-stus
4477 3022 4643 3075 hostis
4666 3024 4916 3091 antiquus
4950 3041 5089 3094 sape
5121 3027 5339 3087 deludit,
5363 3038 5420 3081 ut
5443 3028 5517 3081 eis

3953 3112 4255 3165 nullatenus
4300 3114 4515 3181 impleat
4572 3118 4712 3183 quod
4761 3120 5021 3186 promisit.
5070 3120 5213 3174 Sicut
5258 3122 5396 3175 enim
5427 3137 5521 3175 auo

3955 3216 4115 3269 cupes
4168 3204 4478 3270 accipitrem
4537 3205 4604 3257 ad
4646 3220 4822 3259 escam
4865 3208 5041 3261 carnis
5081 3209 5355 3263 blandiens
5395 3226 5515 3279 pro-

3954 3300 4129 3356 vocat,
4162 3292 4253 3344 sed
4278 3308 4396 3344 mox
4427 3302 4483 3345 ut
4508 3309 4666 3345 manu
4702 3297 4951 3361 tenuerit,
4989 3312 5203 3349 carnem
5234 3299 5517 3361 subtrahit,

3952 3379 4067 3432 loro
4097 3382 4258 3448 pedes
4282 3383 4528 3451 astringit
4554 3401 4570 3448 ;
4597 3386 4665 3438 ita
4697 3387 4936 3441 diabolus
4962 3390 5133 3456 primo
5164 3391 5373 3458 quidem
5402 3392 5514 3461 pol-

3951 3467 4140 3522 licetur
4165 3470 4392 3536 lucrum,
4425 3476 4564 3542 quod
4604 3476 4938 3543 postmodum
4988 3478 5341 3544 subtrahens,
5384 3496 5513 3550 pec-

3950 3560 4053 3610 cati
4079 3560 4337 3615 duntaxat
4362 3564 4529 3631 injicit
4568 3565 4837 3634 laqueum.
4865 3567 4977 3623 Hoc
5008 3569 5186 3639 itaque
5220 3572 5375 3626 modo
5413 3575 5507 3641 qui

3950 3652 4259 3705 muneribus
4291 3654 4482 3718 inhiat,
4518 3664 4769 3723 tanquam
4798 3673 4934 3720 mus,
4979 3659 5101 3712 dum
5130 3676 5304 3715 escam
5328 3676 5509 3716 corro—

3946 3742 4072 3794 dere
4126 3743 4336 3805 nititur,
4387 3746 4647 3799 tcndicula
4703 3746 5010 3801 suﬂ‘oeatur.
5060 3748 5207 3815 Quod
5253 3752 5503 3807 nimirum

3942 3829 4153 3896 egregie
4182 3832 4431 3897 przeeavit
4478 3833 4698 3902 insignis
4734 3834 4818 3888 ille
4863 3835 5156 3900 Fabricius,
5198 3854 5351 3907 quem
5381 3840 5506 3895 dum

3943 3914 4177 3984 Pyrrhus
4202 3918 4536 3987 Epirotarum
4564 3938 4676 3984 rex,
4700 3924 5241 3995 adversusimperium
5257 3927 5505 3983 Romana:

3943 4004 4245 4070 reipubliccc
4290 4007 4586 4071 dimicans,
4635 4022 4755 4063 esse
4802 4026 5085 4080 pauperem
5135 4018 5502 4083 comperisset,

3937 4091 4225 4147 sollicitare
4252 4096 4433 4162 cmpit,
4466 4108 4819 4167 quat-tamque
4856 4102 5001 4169 regni
5035 4103 5114 4155 sui
5144 4114 5345 4171 partem
5373 4106 5501 4168 sibi,

3936 4180 3979 4233 si
4006 4182 4071 4233 ad
4096 4197 4153 4235 se
4201 4184 4575 4255 transfugeret,
4612 4190 4996 4257 compromisit.
5042 4190 5190 4256 Quod
5221 4191 5307 4245 ille
5351 4193 5501 4247 dedi-

3934 4281 4128 4337 gnatus
4165 4272 4464 4337 abhorruit,
4509 4284 4578 4337 et,
4614 4278 4805 4344 quovis
4826 4278 5105 4345 gloriosior
5134 4295 5274 4349 rege,
5316 4280 5369 4335 in
5397 4297 5501 4335 sua

3935 4370 4250 4429 paupertate
4295 4366 4604 4431 permansit.
4642 4367 4751 4421 llec
4798 4369 4976 4438 itaque
5022 4369 5371 4431 Christianus,
5403 4374 5498 4440 qui

3933 4465 4128 4503 avarus
4154 4460 4255 4513 est,
4282 4453 4482 4516 audiat,
4513 4456 5063 4526 sicquegcntilitatem
5107 4474 5255 4511 suam
5284 4470 5339 4513 et
5365 4478 5499 4529 gen-

3935 4538 4039 4591 tilis
4069 4540 4299 4597 hominis
4325 4544 4666 4614 Evangelium
4698 4547 4992 4601 erubescat.
5023 4550 5080 4602 Et
5108 4566 5244 4617 srepe
5269 4552 5368 4604 sub
5392 4552 5496 4605 hac

3927 4627 4220 4684 intentione
4246 4647 4439 4686 munus
4464 4636 4740 4701 accipitur,
4772 4647 4846 4698 ut,
4874 4638 4916 4689 si
4949 4639 5225 4690 muniticus
5252 4641 5491 4708 reperia-

3925 4726 4012 4770 tur
4040 4734 4159 4772 esse
4186 4720 4491 4789 culpabilis,
4539 4725 4812 4792 auiugium
4835 4724 5053 4791 justitia:
5082 4742 5183 4778 non
5230 4725 5489 4780 lucretur.

3920 4808 4070 4874 Quod
4102 4809 4254 4863 facile
4286 4813 4499 4879 quidem
4550 4816 4806 4883 promitti,
4840 4818 4931 4870 sed
4961 4818 5176 4871 dil‘tieile
5222 4818 5361 4873 valet
5390 4826 5492 4876 im‘

3917 4898 4071 4965 pleri.
4099 4899 4344 4967 Acceptis
4372 4903 4567 4970 quippe
4596 4906 4927 4968 muneribus,
4953 4908 4995 4958 si
5025 4917 5208 4961 contra
5235 4907 5482 4965 datorem

3916 4990 4042 5056 quid
4068 5006 4225 5058 agere
4258 4992 4519 5057 volumus,
4549 5009 4668 5048 mos
4714 4998 4765 5050 in
4802 5012 4895 5050 ore
4927 5007 5109 5053 nostro
5150 5001 5305 5054 verba
5354 5004 5484 5055 mol-

3920 5079 4149 5141 lescunt,
4179 5079 4463 5135 locutionis
4485 5100 4708 5137 acumen
4751 5086 5076 5146 obtunditur,
5127 5086 5304 5155 lingua
5351 5106 5483 5158 qna-

3918 5167 4040 5218 dam
4069 5170 4285 5235 pudoris
4312 5173 4678 5228 erubescentia
4713 5176 5045 5245 pttbpeditur.
5101 5174 5241 5228 Mens
5283 5179 5482 5247 quippe

3917 5261 4150 5326 percepti
4186 5262 4423 5316 muneris
4450 5267 4685 5327 conscia,
4716 5266 4956 5321 debilitat
4992 5266 5255 5334 judicialis
5281 5283 5478 5324 censu-

3919 5360 3989 5397 ra":
4030 5348 4293 5416 vigorem,
4331 5353 4573 5420 reprimit
4616 5354 4929 5424 eloquentiae
4976 5358 5290 5413 libertatem.
5340 5360 5473 5413 Nam

3916 5443 3968 5485 et
3993 5436 4244 5502 sijudicii
4277 5440 4536 5495 reetitudo
4582 5444 4818 5499 funditus
4863 5462 4963 5500 non
5018 5449 5288 5513 adimitur,
5329 5450 5473 5516 judi-

3914 5524 4066 5576 candi
4128 5534 4303 5580 tamen
4356 5532 4647 5585 auctoritas
4702 5546 5005 5589 enen-vatur.
5050 5537 5293 5593 Nonnulli
5341 5554 5469 5593 vero

3914 5613 4049 5668 hanc
4080 5618 4220 5671 circa
4254 5634 4312 5673 se
4344 5622 4679 5688 reperiuntur
4707 5624 4900 5678 haLcre
4932 5628 5244 5696 custodiam,
5286 5638 5343 5682 nt
5380 5631 5465 5698 ju-

3910 5702 4115 5758 dicialis
4142 5708 4314 5760 adhuc
4338 5725 4512 5763 causa:
4548 5713 4812 5779 pendente
4846 5718 5055 5785 negotio
5082 5716 5155 5772 nil
5193 5718 5353 5776 etiam
5396 5718 5465 5772 ab

2458 5792 2605 5859 Quod
2637 5815 2737 5855 non
2774 5820 2894 5860 rere
2930 5820 3145 5867 sanctus
3172 5814 3360 5871 doctor
3382 5835 3687 5893 episcopatu
3714 5845 3771 5885 se
3802 5832 4077 5901 abdicat-it,
4112 5838 4229 5894 hcet
4260 5841 4507 5908 voluerit,
4538 5843 4663 5899 alibi
4694 5845 4950 5903 dicemus.
