5664 6646
658 465 748 519 εδτ
1548 442 1792 503 OPUSC.
1829 436 2007 497 XXXI
2032 466 2106 481 —
2141 432 2422 493 CONTRA
2460 422 3009 485 PHILARGYRIAM.
3806 412 3915 479 538

658 577 905 633 offerente
928 570 1265 641 suscipiant;
1294 566 1483 637 sopitis
1501 578 1630 618 vero
1655 558 1861 621 litibus,
1885 553 2053 629 gratis
2077 549 2230 607 obla-
2257 553 2305 613 Α
2335 545 2631 601 famulatur
2651 540 2943 641 illecebris,
2976 540 3103 595 dum
3125 551 3232 593 non
3258 537 3325 641 ad
3351 544 3650 641 aspectum,
3672 535 3765 641 sed
3795 544 3919 641 post

663 676 713 725 ta
736 681 837 721 non
857 665 1133 732 Spernant.
1160 659 1286 724 Sed,
1303 654 1700 725 emergentibus
1721 649 1921 711 causis,
1946 659 2086 713 saepe
2101 656 2227 732 con-

663 758 779 828 tigit
797 764 872 818 ut,
889 730 1050 823 quod
1085 765 1145 806 se
1168 754 1491 818 putaverant
1514 743 1682 815 gratis
1707 738 2004 808 accepisse,
2034 734 2086 787 in
2113 730 2231 785 aliis

662 823 909 919 cogantur
936 843 1168 913 negotiis
1195 851 1587 908 compensare;
1616 831 1868 899 ﬂuviique
1909 823 2229 896 periculum,

660 916 795 1011 quod
822 954 879 996 se
923 939 1277 1008 speraverant
1326 928 1607 998 reliquisse
1639 930 1760 994 post
1790 930 2023 1011 tergum,
2056 916 2235 984 inspe-

663 1007 773 1085 rate
807 1041 991 1083 coram
1026 1039 1087 1078 se
1128 1020 1406 1091 reperiunt
1443 1013 1786 1070 enatandum.
1831 1007 1945 1061 Hoc
1984 1014 2067 1060 est
2105 1016 2234 1072 ergo

663 1128 824 1174 tutum
848 1124 903 1172 et
930 1116 1225 1185 integrum,
1255 1118 1335 1174 ut,
1354 1107 1506 1175 juxta
1537 1102 1849 1173 prophetam
1883 1113 1896 1151 :
1928 1115 1945 1147 ι
1983 1093 2237 1185 Excutiat

662 1224 776 1265 mus
808 1221 1004 1262 manus
1028 1183 1240 1259 nostras
1267 1200 1333 1255 ab
1378 1195 1523 1251 omni
1569 1206 1828 1250 munere;
1866 1209 1885 1243 θ
1910 1197 1966 1242 et
2007 1183 2235 1241 nocendi

662 1298 1012 1371 sivejuvandi
1055 1306 1331 1352 servemus
1378 1288 1534 1343 nobis
1576 1286 1859 1354 ingenuam
1907 1278 2233 1338 libertatem,

662 1370 852 1446 utnon
902 1390 1177 1458 litigemus
1224 1382 1327 1438 sub
1373 1380 1633 1435 servitute
1675 1374 1938 1445 pecunia,
1993 1370 2085 1425 sed
2122 1381 2238 1422 ser-

662 1482 861 1535 vianms
907 1479 961 1532 in
1012 1476 1255 1529 libertate
1296 1469 1539 1538 justitiae.
1592 1466 1649 1521 Si
1697 1464 1819 1534 quis
1864 1462 2005 1516 forte
2054 1458 2240 1513 do’me-

662 1571 800 1624 stica:
868 1564 1145 1621 facultatis
1226 1568 1585 1630 conqueratur
1660 1553 1982 1626 angustias,
2053 1549 2237 1603 audiat

662 1658 816 1731 548
855 1665 1067 1711 attente
1119 1653 1261 1723 quod
1301 1650 1560 1720 scriptum
1607 1657 1693 1701 est
1728 1662 1742 1698 :
1799 1660 1818 1693 ι
1854 1641 2082 1710 Propter
2119 1639 2237 1693 ino-

662 1726 801 1818 piam
823 1747 980 1801 multi
1023 1743 1385 1813 deliquerunt,
1409 1747 1464 1794 et
1512 1736 1603 1807 qui
1650 1734 1847 1805 quaerit
1898 1726 2234 1797 locupletari,

662 1838 848 1893 avertit
882 1835 1102 1891 oculum
1131 1846 1285 1888 suum
1316 1828 1504 1902 (Eccli.
1527 1828 1719 1895 xxv").
1752 1844 1770 1878 ι
1796 1822 1852 1878 Si
1874 1836 2002 1893 ergo
2037 1820 2109 1874 illi
2135 1820 2233 1873 de-

2334 648 2541 709 tergum
2567 636 2652 691 sui
2681 634 3002 705 appenditur
3024 631 3376 701 possessoris.
3410 628 3508 684 Cui
3546 644 3651 683 non
3682 627 3919 683 dissimi-

2332 728 2399 782 lis
2426 736 2479 781 et
2508 726 2597 780 illa
2623 724 2864 780 creditur
2894 736 3014 776 esse
3044 720 3312 775 dementia
3332 760 3346 783 ,
3371 719 3499 774 dum
3532 716 3762 771 lectulus
3804 725 3915 770 tam

2332 818 2576 888 operosis
2632 817 2952 870 decussatur
3006 810 3339 882 impendiis,
3411 817 3472 863 ut
3534 816 3917 862 ornamentum

2333 908 2665 965 sacrosancti
2719 905 3045 974 cujuslibet,
3076 902 3160 958 vel
3200 904 3366 957 etiam
3412 901 3581 971 ipsius
3635 900 3918 971 apostolici

2333 1000 2608 1072 praecellat
2662 998 2872 1053 altaris.
2912 997 2982 1052 Et
3031 1011 3192 1066 quam
3245 996 3459 1050 videtur
3513 995 3804 1050 absurdum
3860 1002 3919 1049 ut

2334 1098 2539 1145 stratus
2562 1087 2649 1143 ille
2674 1086 2983 1157 diligentius
3035 1084 3356 1150 excolatur,
3404 1084 3497 1139 ubi
3542 1082 3919 1152 corruptibilis

2336 1193 2464 1233 caro
2512 1180 2723 1246 soporis
2773 1175 2955 1246 quiete
3003 1173 3315 1238 resolvitur,
3344 1188 3506 1243 quam
3547 1188 3643 1228 ara
3701 1172 3918 1240 crucis,

2336 1269 2390 1323 in
2442 1283 2548 1338 qua
2608 1266 2859 1322 videlicet
2902 1264 3079 1320 hostia
3128 1265 3392 1320 Dominici
3437 1265 3683 1335 corporis
3730 1264 3922 1319 immo-

2337 1358 2511 1413 latur.
2566 1357 2679 1413 lloc
2702 1372 2833 1427 ergo
2859 1354 3019 1411 modo
3047 1370 3169 1410 cum
3222 1355 3492 1410 sobrietas
3549 1354 3719 1408 soleat
3774 1368 3922 1409 com-

2337 1450 2596 1506 mendare
2642 1447 2967 1518 pontiﬁces,
3022 1444 3209 1501 ell‘usis
3233 1462 3377 1500 nunc
3406 1445 3599 1515 Opibus
3624 1442 3749 1499 lacti
3794 1450 3923 1499 sunt

2342 1542 2645 1598 helluones.
2684 1538 2903 1611 Regalis
2959 1538 3143 1607 itaque
3167 1552 3405 1608 purpura
3433 1536 3580 1607 (vide
3606 1534 3806 1589 scholia
3851 1534 3922 1589 ad

2337 1636 2527 1690 calcent
2610 1630 2938 1703 opusculi),
3012 1630 3137 1700 quia
3192 1628 3439 1683 unicolor
3495 1636 3581 1682 est
3631 1624 3921 1696 vilipendio

2338 1725 2520 1783 ditur.
2581 1719 2745 1793 55,9
2815 1718 2977 1790 pallia
3040 1732 3173 1773 vero
3236 1716 3468 1771 diversis
3500 1714 3679 1769 fucata
3733 1712 3926 1768 nitori-

2338 1814 2441 1869 bus
2470 1811 2537 1866 ad
2565 1810 2815 1865 sublimis
2844 1807 3027 1863 lectuli
3054 1807 3383 1877 deputantur
3408 1814 3681 1862 ornatum.
3705 1803 3771 1858 Et
3798 1818 3925 1859 cum

661 1923 896 1993 linquunt
923 1923 1020 1994 qui
1076 1921 1157 1975 rei
1212 1896 1495 1973 familiaris
1524 1914 1757 1984 inopiam
1804 1912 2105 1980 perferunt,
2138 1906 2228 1976 qui
2262 1898 2307 1957 Β
2334 1903 2615 1961 domestici
2640 1901 2873 1956 murices
2895 1900 3101 1955 nostris
3124 1898 3433 1969 aspectibus
3456 1896 3729 1953 sordeam.
3750 1904 3928 1952 trans-

661 2026 721 2067 ca
762 2028 974 2084 quoque
1030 2026 1150 2081 qua
1218 2008 1383 2063 victui
1450 2014 1576 2060 sunt
1636 2001 1963 2063 necessaria,
2016 1997 2229 2051 sibimet

660 2100 838 2158 deesse
866 2101 1235 2173 conspiciunt;
1265 2100 1332 2162 si,
1365 2098 1605 2168 inquam,
1638 2103 1692 2149 et
1715 2094 1802 2147 isti
1832 2098 2081 2161 peccant,
2104 2088 2231 2141 dum

662 2195 1000 2262 Icquirendis
1050 2193 1210 2247 rebus
1270 2206 1375 2244 non
1426 2185 1708 2258 superﬂuis
1768 2183 1861 2238 sed
1913 2177 2235 2235 necessariis

662 2292 908 2344 astuant;
931 2280 1079 2353 quod
1111 2279 1215 2334 illis
1238 2276 1499 2348 judicium
1527 2275 1618 2344 qui
1669 2273 1735 2327 ad
1771 2274 1872 2326 hoc
1925 2269 2087 2323 ditari
2117 2282 2233 2320 mo—

662 2367 852 2425 liuntur
877 2380 935 2426 ut
955 2368 1212 2426 etlluant?
1242 2376 1299 2421 ut
1342 2367 1584 2421 diversas
1636 2360 1975 2417 metallorum
2027 2356 2234 2423 species

661 2466 715 2513 et
732 2461 960 2515 obnoxia
990 2459 1153 2514 tineis
1178 2458 1497 2513 vestimenta
1524 2450 1866 2509 recondam?
1895 2447 2100 2516 Quibus
2128 2455 2235 2500 tero

662 2546 882 2602 ribiliter
917 2550 1175 2605 intonans
1224 2546 1458 2603 Iacobus
1505 2545 1868 2600 comminatur
1912 2537 2231 2610 apostolus:

667 2652 687 2689 ο
717 2636 889 2708 Agite,
912 2639 1109 2709 inquit,
1134 2653 1276 2692 nunc
1303 2636 1522 2699 divites,
1552 2643 1608 2689 et
1636 2633 1843 2703 plorate
1873 2630 2149 2685 ululantes
2179 2628 2233 2680 in

664 2730 889 2787 miseriis
933 2748 1058 2803 quae
1106 2730 1394 2787 advenient
1440 2728 1593 2783 vobis
1645 2726 1793 2796 (Jac.
1846 2723 1924 2794 v).
1964 2742 1983 2774 ι
2029 2720 2236 2789 Quibus

665 2820 968 2887 pmntissis,
1006 2829 1063 2874 et
1089 2835 1310 2874 causam
1348 2826 1545 2888 praesto
1597 2815 1909 2884 subjungit:
1967 2832 1984 2863 ι
2026 2810 2236 2865 Divitiae

664 2920 844 2965 vestra:
871 2910 1189 2981 putrefacta:
1228 2920 1374 2973 sunt,
1406 2908 1723 2963 vestimenta
1756 2912 1937 2960 vestra
1994 2918 2021 2956 a
2073 2901 2235 2955 tineis

664 3009 886 3053 comesta
912 3009 1062 3064 sunt,
1094 3014 1284 3053 aurum
1338 3007 1393 3053 et
1422 3003 1704 3067 argentum
1747 3000 1986 3048 vestrum
2042 2990 2237 3060 aerugi-

668 3087 819 3147 navit.
843 3098 891 3142 et
917 3104 1101 3159 :erugo
1123 3102 1307 3142 eorum
1348 3087 1403 3140 in
1435 3084 1802 3140 testimonium
1833 3081 1985 3134 vobis
2008 3078 2113 3131 erit
2137 3117 2153 3142 ,
2181 3086 2236 3131 et

666 3177 995 3233 maudueabit
1021 3194 1214 3232 carnes
1230 3186 1440 3231 vestras
1464 3176 1604 3229 sicut
1626 3174 1760 3241 ignis
1783 3188 1798 3235 ;
1826 3167 2235 3225 thesaurizastis

666 3266 796 3318 enim
827 3268 973 3323 vobis
1006 3268 1143 3322 iram
1174 3266 1226 3321 in
1256 3267 1563 3320 novissimis
1594 3264 1782 3318 diebus
1814 3258 2019 3331 (Ibid.).
2063 3278 2082 3310 ι

1262 3375 1489 3432 CAPUT
1517 3374 1604 3429 Vl.

669 3461 810 3529 Quod
836 3469 1034 3525 divitia:
1063 3485 1166 3523 non
1224 3477 1537 3589 uppedtqntur
1590 3466 1661 3519 ad
1732 3465 2091 3534 indigentiam,
2142 3466 2233 3517 sed

1302 3554 1331 3589 a
1412 3553 1593 3589 uxunu

1302 3553 1367 3589 aa
1390 3553 1593 3590 luxum.

729 3624 889 3683 Porro
919 3639 1100 3683 autem
1122 3628 1212 3697 qui
1237 3628 1498 3698 ejusmodi
1527 3635 1670 3690 sunt,
1706 3641 1812 3680 non
1842 3625 1907 3679 ad
1957 3625 2063 3679 hoc
2103 3640 2234 3679 con-

667 3731 951 3785 queruntur
1003 3723 1237 3791 inopiam
1269 3732 1330 3775 ttt
1372 3720 1722 3786 indigentiam
1751 3727 1957 3772 naturae
1996 3716 2235 3771 necessi-

672 3817 825 3865 tatum
854 3813 1240 3870 sustentaculis
1269 3811 1493 3867 fulciant
1518 3828 1531 3874 ;
1560 3810 1651 3865 sed
1676 3818 1729 3863 ut
1767 3809 1973 3863 turrita:
2006 3807 2232 3875 dapibus

672 3897 835 3958 lances
859 3905 1037 3960 Indica
1067 3906 1335 3975 pigmenta
1370 3902 1668 3965 redoleant,
1697 3910 1757 3955 ut
1813 3902 1865 3954 in
1898 3898 2232 3970 crystallinis

674 3994 892 4050 vasculis
920 3984 1216 4051 adulterata
1278 3994 1436 4049 melle
1470 3993 1592 4046 vina
1644 3990 1961 4045 llavescaut.
2008 3988 2089 4041 Ad
2120 3988 2223 4041 hoc

669 4090 805 4136 certe
826 4084 980 4139 ditari
999 4084 1222 4157 cupiunt
1241 4091 1321 4146 ut,
1352 4094 1675 4151 quocunque
1706 4079 2230 4146 deveniunt,pr:eslo

668 4170 955 4226 Cubiculum
996 4172 1239 4241 operosis
1287 4178 1342 4225 et
1366 4170 1690 4225 mirabiliter
1714 4168 1873 4221 textis
1892 4168 2228 4221 cortinarum

670 4258 893 4327 phaleris
916 4262 1161 4327 induant,
1198 4262 1383 4330 sicque
1427 4260 1665 4330 parietes
1718 4260 1909 4311 domus
1949 4256 2018 4310 ab
2060 4254 2231 4308 oculis

668 4344 976 4407 intuentium
1041 4362 1295 4425 tanquam
1344 4351 1706 4419 sipeliendum
1758 4348 1993 4403 cadaver
2042 4344 2230 4399 obvol-

670 4449 808 4493 Vaut.
838 4442 951 4497 Mox
977 4444 1137 4497 etiam
1163 4442 1355 4512 tapetis
1380 4441 1715 4512 prodigiosas
1739 4439 2005 4509 imagines
2029 4437 2229 4507 prmfe-

674 4529 901 4585 rentibus
927 4533 1113 4587 sedilia
1154 4540 1428 4596 sternunt,
1483 4533 1905 4601 peripetasmata
1962 4528 2234 4597 laqueari-

672 4614 778 4681 bus,
808 4636 873 4675 ne
899 4624 1027 4693 quid
1052 4625 1333 4678 occiduum
1361 4599 1661 4681 delabatur.
1686 4630 1994 4691 opponunt;
2039 4620 2239 4673 deinde
2263 4599 2308 4657 υ

671 4706 927 4763 clientium
959 4713 1114 4766 turba
1138 4712 1415 4774 dividitur.
1447 4712 1548 4765 Alii
1584 4711 1849 4780 siquidem
1890 4710 2109 4764 domino
2134 4722 2239 4785 suo-

672 4808 967 4856 reverenter
1000 4804 1282 4867 assistunt,
1308 4814 1602 4872 nutumque
1641 4805 1757 4871 ejus
1822 4802 1864 4855 si
1920 4801 2046 4870 quid
2093 4798 2232 4852 forte

668 4878 926 4953 jubcatur,
962 4893 1178 4946 curiosa
1208 4894 1392 4957 nimis,
1440 4894 1583 4946 velut
1628 4893 1914 4946 rimatores
1971 4892 2227 4952 siderum,

674 4973 1037 5035 observatione
1060 4983 1387 5037 custodiunt.
1432 4982 1534 5036 Alii
1562 4982 1783 5036 Marthae
1811 4981 2110 5035 ministerio
2135 4982 2229 5034 de-

676 5063 783 5131 diti,
813 5071 1313 5139 velutbirundines,
1348 5074 1569 5143 inquieti
1614 5090 1708 5142 per
1759 5073 1969 5128 diversa
2023 5071 2238 5126 discur-

675 5161 809 5207 runt.
837 5156 979 5213 Inter
1009 5161 1105 5216 bas
1147 5172 1325 5217 autem
1379 5164 1560 5217 deliras
1608 5162 1919 5217 ambitionis
1975 5162 2230 5223 insanias,

675 5241 791 5306 quid
852 5247 949 5302 sibi
998 5252 1227 5306 dorsalia
1281 5262 1546 5322 quaerunt,
1603 5268 1721 5322 quae
1755 5268 1784 5306 a
1829 5252 1942 5306 suis
1992 5250 2230 5318 conspici

676 5328 889 5390 dominis
924 5355 1029 5393 non
1059 5344 1375 5396 merentur?
1430 5344 1605 5398 Grave
1653 5344 1848 5411 quippe
1896 5341 2238 5409 dispendium

675 5420 748 5474 sui
774 5428 1047 5493 patiuntur
1072 5442 1315 5495 ornatus,
1342 5434 1466 5486 dum
1499 5434 1550 5487 in
1581 5434 1834 5501 occipitio
1890 5433 1972 5485 vel
2004 5431 2232 5485 cervici-

678 5506 770 5567 bus
791 5520 924 5573 oculi
948 5537 1054 5575 non
1077 5533 1381 5591 erttmpunt.
1413 5524 1480 5577 Et
1523 5539 1682 5591 quam
1744 5522 1871 5576 utile
1921 5522 2237 5575 divitiarum

678 5610 851 5669 genus,
876 5612 1017 5677 quod
1046 5612 1170 5665 dum
1198 5612 1584 5667 nullum'usum
1619 5621 1821 5680 praeter
1839 5611 2009 5665 solam
2037 5610 2237 5664 habeat.

678 5694 1136 5768 pulchritudinem,
1167 5706 1346 5774 specie
1375 5714 1551 5761 tamen
1596 5720 1691 5760 sua
1745 5713 1980 5774 nequeat
2010 5716 2238 5773 pascere

679 5786 1017 5849 possidentem
1048 5796 1060 5850 !
1084 5797 1392 5851 Alienorum
1420 5812 1608 5867 nempe
1636 5796 1901 5851 duntaxat
1950 5793 2230 5851 oculorum

2334 1995 2669 2051 marinorum
2710 1992 2912 2062 pelles,
2958 1991 3081 2060 quia
3126 2004 3321 2058 magno
3363 1988 3538 2059 pretio
3568 1995 3921 2049 coemuutur,

2333 2084 2624 2138 oblectant.
2653 2080 2845 2136 Ovium
2887 2080 3072 2147 itaque
3093 2118 3108 2140 ,
3156 2077 3315 2133 simul
3357 2085 3413 2131 et
3445 2090 3710 2144 agnorum
3743 2073 3927 2143 despi-

2333 2173 2562 2228 ciuntur-
2578 2170 2806 2235 exuvizc,
2835 2168 3106 2232 ermelini,
3129 2166 3405 2238 gebellini,
3436 2176 3703 2221 martores
3737 2163 3932 2233 exqui-

2335 2274 2548 2329 runtur,
2580 2272 2635 2318 et
2667 2262 2871 2331 vulpes.
2905 2259 3037 2315 Cum
3075 2260 3163 2313 illa
3192 2258 3403 2313 scilicet
3438 2258 3492 2312 in
3539 2257 3715 2314 sacris
3750 2256 3925 2310 bono-

2334 2364 2521 2410 rentur
2572 2352 2844 2422 eloquiis,
2895 2358 2952 2405 et
2998 2350 3082 2405 vel
3138 2348 3437 2411 Ecclesia).
3493 2346 3578 2401 vel
3633 2361 3928 2416 personam

2334 2446 2641 2514 exprimant
2688 2440 2990 2497 Salvatoris
3019 2458 3032 2494 :
3068 2457 3088 2491 ι
3126 2437 3301 2503 Oves,
3341 2439 3514 2507 inquit
3540 2478 3555 2502 ,
3583 2452 3716 2492 mea:
3738 2451 3931 2492 vocem

2336 2548 2510 2589 meam
2560 2531 2787 2586 audiunt
2816 2528 2980 2603 (Joan
3019 2527 3112 2599 x);
3144 2547 3163 2581 ι
3210 2537 3267 2584 et
3297 2542 3314 2583 :
3348 2546 3367 2579 α
3400 2527 3540 2583 Ecce
3566 2528 3751 2598 Agnus
3790 2528 3929 2593 Dei,

2335 2640 2463 2681 ecce
2513 2625 2602 2695 qui
2644 2625 2782 2679 tollit
2834 2631 3052 2695 peccata
3086 2622 3273 2677 mundi
3322 2621 3505 2692 (Joan.
3544 2620 3641 2688 1).)
3685 2620 3762 2676 De
3808 2619 3931 2676 istis

2338 2733 2466 2772 vero
2530 2717 2612 2769 vel
2660 2724 2906 2771 taceatur
2950 2714 3216 2779 omnino,
3276 2721 3331 2768 et
3383 2712 3599 2784 indigna
3647 2713 3757 2768 sint
3807 2725 3931 2783 qua:

2338 2806 2614 2875 Scriptura
2647 2813 3065 2868 commemoret;
3098 2804 3203 2870 vel,
3231 2804 3274 2859 si
3301 2818 3489 2858 eorum
3514 2805 3784 2873 reperitur
3819 2801 3931 2857 ulla

2338 2899 2618 2960 memoria,
2638 2898 2915 2953 sinistram
2944 2896 3245 2961 probantur
3273 2893 3476 2949 habere
3506 2894 3749 2965 ligurum.
3778 2892 3933 2949 Sicut

2337 2996 2419 3041 est
2446 2985 2573 3043 illud
2608 3004 2621 3039 :
2660 3004 2679 3037 ‹
2718 2986 2911 3055 Vulpes
2936 2984 3119 3039 foveas
3145 2983 3382 3046 habent,
3413 2983 3583 3038 Filius
3622 2993 3800 3038 autem
3830 2984 3930 3040 ho-

2340 3078 2505 3132 minis
2527 3092 2631 3131 non
2665 3076 2933 3131 liabetubi
2959 3084 3121 3145 caput
3150 3091 3307 3130 suum
3336 3074 3561 3129 reclinet
3586 3074 3935 3143 (Matthxm;

2339 3167 2468 3222 Luc.
2501 3168 2599 3235 ιι).
2638 3187 2657 3219 ι
2694 3168 2833 3222 Ecce
2880 3182 2985 3220 non
3018 3166 3313 3220 reclinatur
3356 3165 3408 3218 in
3447 3163 3740 3233 vulpeculis
3766 3164 3930 3219 Chri-

2258 3234 2306 3297 C
2337 3268 2481 3321 stus;
2510 3259 2709 3311 dormit
2747 3257 2850 3311 sub
2878 3257 3112 3326 vulpiuis
3147 3255 3377 3326 pellibus
3401 3254 3762 3309 Christianus.
3791 3255 3929 3309 Res-

2333 3349 2447 3418 puit
2479 3348 2730 3402 animalia
2756 3346 3133 3417 Redemptoris
3152 3345 3336 3400 mundi
3353 3344 3622 3399 vocabulo
3647 3345 3929 3408 decorata;

2334 3440 2463 3495 illud
2485 3456 2640 3494 suum
2656 3440 2877 3510 deputat
2898 3449 3303 3502 ornamentum,
3324 3453 3444 3507 qum
3466 3439 3665 3507 ﬁguras
3695 3438 3929 3489 innuunt

2334 3531 2714 3601 reproborum.
2766 3529 2871 3583 Sed
2902 3531 3097 3584 divites
3143 3530 3229 3583 isti
3284 3544 3389 3582 non
3422 3528 3679 3582 mediocri
3724 3525 3931 3595 percel-

2332 3622 2519 3675 luutur
2541 3619 2841 3683 obstaculo,
2863 3620 3011 3688 quia,
3043 3620 3170 3673 dum
3203 3619 3503 3687 phaleratis
3519 3629 3680 3688 atque
3702 3617 3931 3686 depictis

2334 3726 2391 3766 se
2417 3710 2681 3766 indicibus
2709 3717 3033 3779 contegunt,
3068 3724 3149 3762 va:
3175 3748 3189 3771 ,
3238 3723 3318 3760 va:
3350 3707 3496 3761 illis!
3530 3708 3733 3776 apertis
3760 3705 3933 3760 oculis

2334 3804 2571 3858 dormire
2602 3818 2706 3856 non
2758 3810 3003 3871 possunt.
3036 3799 3387 3855 lnvidendum
3423 3807 3508 3853 est
3548 3814 3677 3867 ergo
3719 3796 3928 3868 Regulo

2335 3892 2533 3947 dudum
2567 3892 2773 3947 consuli
2813 3891 3180 3946 Romanorum
3212 3890 3473 3959 (Eumer.
3507 3888 3706 3943 Ilistor.
3743 3888 3834 3942 lib.
3864 3904 3931 3954 ιι,

2332 3983 2387 4035 in
2435 3981 2600 4050 ﬁne),
2640 3981 2726 4036 cui
2773 3980 3269 4049 Cartltaginenses,
3320 3979 3447 4032 dum
3500 3978 3551 4031 in
3608 3978 3919 4045 rcipublicn:

2334 4080 2650 4126 constanter
2698 4086 2885 4126 amore
2911 4071 3233 4141 persisteret
3260 4110 3275 4135 ,
3318 4069 3599 4124 oculorum
3643 4069 3934 4139 palpebras

2334 4160 2718 4231 praeciderunt.
2752 4160 2819 4214 Et
2844 4174 3032 4214 revera
3058 4160 3124 4213 ad
3151 4158 3280 4227 quid
3301 4159 3466 4213 decor
3494 4158 3595 4212 iste
3624 4158 3936 4227 pnlcltrituo

2332 4253 2493 4316 diois,
2524 4252 2571 4305 si
2621 4266 2728 4305 non
2776 4250 3072 4320 aspicitur?
3104 4249 3184 4303 Ad
3231 4250 3359 4318 quid
3387 4258 3535 4310 certe
3583 4264 3767 4303 rerum
3814 4256 3941 4303 tam.

2332 4344 2575 4412 speciosa
2624 4343 2897 4407 varietas,
2960 4342 3005 4397 si
3068 4342 3183 4395 haec
3238 4330 3499 4395 intuentis
3553 4341 3766 4395 animus
3819 4355 3927 4394 non

2336 4435 2629 4505 pascatur?
2678 4434 3008 4488 Praeclarum
3056 4432 3309 4487 videlicet
3345 4431 3450 4484 hoc
3491 4430 3801 4483 divitiarum
3845 4440 3932 4485 est

2338 4541 2524 4596 genus,
2553 4541 2660 4594 quo
2687 4526 2813 4580 dum
2844 4525 3033 4586 utitur,
3072 4531 3305 4593 nequeat
3335 4521 3534 4591 aspici;
3573 4522 3698 4574 dum
3728 4523 3929 4591 aspici-

2337 4630 2463 4687 tur,
2541 4637 2695 4675 usum
2765 4620 3009 4690 praebere
3072 4635 3177 4674 non
3238 4618 3432 4688 possit.
3487 4616 3673 4671 Taedet
3731 4625 3927 4672 caetera

2334 4712 2591 4764 vanitatis
2659 4720 2942 4773 attexere,
3000 4725 3107 4762 non
3176 4708 3398 4762 ridenda
3434 4748 3449 4769 .
3515 4708 3608 4761 sed
3665 4706 3926 4777 gemenda

2336 4801 2588 4864 ridicula;
2626 4801 2897 4854 fastidium
2927 4809 3010 4854 est
3044 4808 3123 4853 tot
3153 4799 3467 4852 ambitionis
3506 4812 3569 4851 ac
3604 4796 3936 4865 prodigiosae

2341 4892 2576 4945 vesaniae
2607 4892 2952 4945 dinumerare
2998 4898 3267 4958 portenta.
3297 4888 3522 4957 Papales
3549 4888 3752 4941 scilicet
3783 4884 3928 4939 infu-

2334 4980 2414 5033 las
2462 4980 2688 5050 gemmis
2743 4978 3067 5032 micantibus
3131 4978 3419 5046 aureisque
3483 4975 3774 5030 bracteolis
3828 4989 3927 5043 per

2335 5070 2544 5125 diversa
2590 5070 2704 5125 loca
2734 5080 3039 5138 corruptas.
3071 5069 3383 5138 lmperiales
3412 5082 3602 5136 equos.
3646 5067 3763 5137 qui,
3798 5066 3925 5120 dum

2333 5159 2581 5230 pernices
2643 5174 2861 5229 gressus
2924 5160 3163 5213 arcuatis
3216 5158 3521 5212 cervicibus
3578 5157 3929 5227 glomerant,

2333 5251 2564 5305 sessoris
2592 5250 2671 5304 sui
2698 5265 2887 5303 manus
2915 5250 3046 5303 loris
3070 5250 3296 5303 innexas
3327 5249 3586 5303 indomita
3646 5249 3928 5303 ferocitate

2336 5339 2582 5409 fatigant.
2628 5339 2833 5393 Omitto
2862 5339 3090 5392 aunulos
3122 5338 3438 5391 enormibus
3477 5326 3749 5391 adhibitos
3781 5350 3924 5388 mar-

2334 5431 2543 5501 garitis.
2594 5430 2865 5484 Pnetereo
2893 5432 3104 5497 virgas,
3138 5446 3243 5483 non
3270 5429 3380 5499 jam
3414 5445 3546 5483 auro
3587 5426 3928 5497 gemmisque

2335 5521 2674 5589 conspicuas,
2706 5521 2797 5573 sed
2828 5520 3087 5589 sepultas.
3123 5518 3405 5588 Nunquam
3431 5528 3579 5572 certe
3606 5517 3803 5571 vidisse
3834 5532 3925 5571 me

2335 5612 2557 5667 memini
2586 5609 2925 5681 pontiﬁcales
2961 5611 3183 5664 baculus
3226 5620 3334 5662 tam
3374 5610 3633 5662 continuo
3660 5607 3920 5663 radiantis

2335 5701 2536 5756 metalli
2561 5702 2737 5755 nitore
2758 5709 3057 5763 contectus,
3084 5701 3224 5754 sicut
3245 5706 3401 5754 erant
3447 5700 3537 5767 qui
3568 5698 3635 5752 ab
3656 5696 3924 5752 Esculauo

2338 5802 2505 5861 atque
2519 5790 2779 5848 Tranensi
2803 5791 3154 5862 gPSlaballlttr
3174 5772 3458 5862 episeopis:
3481 5790 3716 5860 Uterque
3739 5798 3922 5845 tamen

5098 108 5116 683 Ξ

4920 6208 5116 6396 i
