  <div class='ocr_page' id='page_1' title='image "/cluster/home/n/w/nwhite01/storage/ocr_20150623/144-145/uc1.31175001639262/809.png"; bbox 0 0 4540 6360; ppageno 0'>
   <div class='ocr_carea' id='block_1_1' title="bbox 782 406 4039 478">
    <p class='ocr_par' dir='ltr' id='par_1_1' title="bbox 782 406 4039 478">
     <span class='ocr_line' id='line_1_1' title="bbox 782 406 4039 478; baseline -0.001 -7"><span class='ocrx_word' id='word_1_1' title='bbox 782 410 882 478; x_wconf 54' lang='grc' dir='ltr'><em>ω</em></span> <span class='ocrx_word' id='word_1_2' title='bbox 1224 415 1281 471; x_wconf 86' lang='lat' dir='ltr'><strong>S.</strong></span> <span class='ocrx_word' id='word_1_3' title='bbox 1305 414 1509 471; x_wconf 73' lang='lat' dir='ltr'><strong>PETRI</strong></span> <span class='ocrx_word' id='word_1_4' title='bbox 1548 412 1830 469; x_wconf 72' lang='lat' dir='ltr'><strong>DAMIANI</strong></span> <span class='ocrx_word' id='word_1_5' title='bbox 1868 409 2019 468; x_wconf 83' lang='lat' dir='ltr'><strong>OPP.</strong></span> <span class='ocrx_word' id='word_1_6' title='bbox 2060 406 2295 466; x_wconf 75' lang='lat' dir='ltr'><strong>TOMUS</strong></span> <span class='ocrx_word' id='word_1_7' title='bbox 2332 406 2462 465; x_wconf 81' lang='lat' dir='ltr'><strong>SEU</strong></span> <span class='ocrx_word' id='word_1_8' title='bbox 2510 409 2687 470; x_wconf 81' lang='lat' dir='ltr'><strong>PARS</strong></span> <span class='ocrx_word' id='word_1_9' title='bbox 2724 410 2810 468; x_wconf 82' lang='grc' dir='ltr'>ιιι.</span> <span class='ocrx_word' id='word_1_10' title='bbox 2839 442 2907 455; x_wconf 95' lang='grc'><strong><em>-</em></strong></span> <span class='ocrx_word' id='word_1_11' title='bbox 2935 410 3297 470; x_wconf 77' lang='lat' dir='ltr'><strong>OPUSCULA</strong></span> <span class='ocrx_word' id='word_1_12' title='bbox 3329 411 3561 470; x_wconf 75' lang='lat' dir='ltr'><strong>VARIA.</strong></span> <span class='ocrx_word' id='word_1_13' title='bbox 3911 413 4039 477; x_wconf 73' lang='grc' dir='ltr'><strong>εω</strong></span> 
     </span>
    </p>
   </div>
   <div class='ocr_carea' id='block_1_2' title="bbox 777 516 4038 599">
    <p class='ocr_par' dir='ltr' id='par_1_2' title="bbox 777 516 4038 599">
     <span class='ocr_line' id='line_1_2' title="bbox 777 516 4038 599; baseline -0.003 -16"><span class='ocrx_word' id='word_1_14' title='bbox 777 530 914 585; x_wconf 90' lang='lat' dir='ltr'><strong>alter</strong></span> <span class='ocrx_word' id='word_1_15' title='bbox 947 528 1000 583; x_wconf 84' lang='lat' dir='ltr'><strong>in</strong></span> <span class='ocrx_word' id='word_1_16' title='bbox 1028 527 1215 596; x_wconf 78' lang='lat' dir='ltr'><strong>Apulis</strong></span> <span class='ocrx_word' id='word_1_17' title='bbox 1238 526 1450 591; x_wconf 82' lang='lat' dir='ltr'><strong>finibus,</strong></span> <span class='ocrx_word' id='word_1_18' title='bbox 1481 522 1697 578; x_wconf 86' lang='lat' dir='ltr'><strong>Nicolao</strong></span> <span class='ocrx_word' id='word_1_19' title='bbox 1723 519 2073 592; x_wconf 70' lang='lat' dir='ltr'><strong>praesidente;</strong></span> <span class='ocrx_word' id='word_1_20' title='bbox 2106 517 2241 571; x_wconf 86' lang='lat' dir='ltr'><strong>alter</strong></span> <span class='ocrx_word' id='word_1_21' title='bbox 2277 516 2327 569; x_wconf 92' lang='lat' dir='ltr'><strong>in</strong></span> <span class='ocrx_word' id='word_1_22' title='bbox 2357 518 2401 576; x_wconf 78' lang='grc' dir='ltr'><strong>Α</strong></span> <span class='ocrx_word' id='word_1_23' title='bbox 2435 517 2485 571; x_wconf 92' lang='lat' dir='ltr'><strong>in</strong></span> <span class='ocrx_word' id='word_1_24' title='bbox 2513 522 2736 588; x_wconf 92' lang='lat' dir='ltr'><strong>pariete.</strong></span> <span class='ocrx_word' id='word_1_25' title='bbox 2798 521 2863 575; x_wconf 87' lang='lat' dir='ltr'><strong>Et</strong></span> <span class='ocrx_word' id='word_1_26' title='bbox 2885 552 2889 556; x_wconf 96' lang='lat'><strong><em>-</em></strong></span> <span class='ocrx_word' id='word_1_27' title='bbox 2910 536 3063 576; x_wconf 89' lang='lat' dir='ltr'><strong>mens</strong></span> <span class='ocrx_word' id='word_1_28' title='bbox 3112 523 3223 591; x_wconf 85' lang='lat' dir='ltr'><strong>ipsa</strong></span> <span class='ocrx_word' id='word_1_29' title='bbox 3272 537 3459 599; x_wconf 80' lang='lat' dir='ltr'><strong>earum</strong></span> <span class='ocrx_word' id='word_1_30' title='bbox 3520 534 3710 576; x_wconf 85' lang='lat' dir='ltr'><strong>rerum</strong></span> <span class='ocrx_word' id='word_1_31' title='bbox 3752 522 4038 593; x_wconf 68' lang='lat' dir='ltr'><strong>imagine.</strong></span> 
     </span>
    </p>
   </div>
   <div class='ocr_carea' id='block_1_3' title="bbox 778 608 4013 681">
    <p class='ocr_par' dir='ltr' id='par_1_3' title="bbox 778 608 4013 681">
     <span class='ocr_line' id='line_1_3' title="bbox 778 608 4013 681; baseline -0.002 -7"><span class='ocrx_word' id='word_1_32' title='bbox 778 620 1131 676; x_wconf 85' lang='lat' dir='ltr'><strong>Lateranensi</strong></span> <span class='ocrx_word' id='word_1_33' title='bbox 1178 618 1435 679; x_wconf 80' lang='lat' dir='ltr'><strong>Ecclesia,</strong></span> <span class='ocrx_word' id='word_1_34' title='bbox 1486 630 1667 670; x_wconf 88' lang='lat' dir='ltr'><strong>coram</strong></span> <span class='ocrx_word' id='word_1_35' title='bbox 1710 614 2034 675; x_wconf 81' lang='lat' dir='ltr'><strong>Alexandro,</strong></span> <span class='ocrx_word' id='word_1_36' title='bbox 2078 608 2333 664; x_wconf 80' lang='lat' dir='ltr'><strong>Romanis</strong></span> <span class='ocrx_word' id='word_1_37' title='bbox 2436 612 2747 676; x_wconf 68' lang='lat' dir='ltr'><strong>contrahit;</strong></span> <span class='ocrx_word' id='word_1_38' title='bbox 2806 625 2939 680; x_wconf 84' lang='lat' dir='ltr'><strong>quas</strong></span> <span class='ocrx_word' id='word_1_39' title='bbox 2997 612 3181 667; x_wconf 86' lang='lat' dir='ltr'><strong>sedula</strong></span> <span class='ocrx_word' id='word_1_40' title='bbox 3232 614 3585 677; x_wconf 72' lang='lat' dir='ltr'><strong>meditatione</strong></span> <span class='ocrx_word' id='word_1_41' title='bbox 3638 612 3909 681; x_wconf 74' lang='lat' dir='ltr'><strong>revolvit;</strong></span> <span class='ocrx_word' id='word_1_42' title='bbox 3969 629 4013 673; x_wconf 79' lang='grc' dir='ltr'><strong><em>ο</em></strong></span> 
     </span>
    </p>
   </div>
   <div class='ocr_carea' id='block_1_4' title="bbox 781 697 4031 774">
    <p class='ocr_par' dir='ltr' id='par_1_4' title="bbox 781 697 4031 774">
     <span class='ocr_line' id='line_1_4' title="bbox 781 697 4031 774; baseline -0.001 -12"><span class='ocrx_word' id='word_1_43' title='bbox 781 710 984 762; x_wconf 77' lang='lat' dir='ltr'><strong>scilicet</strong></span> <span class='ocrx_word' id='word_1_44' title='bbox 1024 705 1392 774; x_wconf 84' lang='lat' dir='ltr'><strong>pontiﬁcibus,</strong></span> <span class='ocrx_word' id='word_1_45' title='bbox 1436 713 1561 757; x_wconf 91' lang='lat' dir='ltr'><strong>sunt</strong></span> <span class='ocrx_word' id='word_1_46' title='bbox 1590 702 1801 769; x_wconf 89' lang='lat' dir='ltr'><strong>dejecti.</strong></span> <span class='ocrx_word' id='word_1_47' title='bbox 1858 700 1966 755; x_wconf 83' lang='lat' dir='ltr'><strong>Nec</strong></span> <span class='ocrx_word' id='word_1_48' title='bbox 2015 701 2095 754; x_wconf 87' lang='lat' dir='ltr'><strong>eis</strong></span> <span class='ocrx_word' id='word_1_49' title='bbox 2136 697 2336 767; x_wconf 86' lang='lat' dir='ltr'><strong>profuit</strong></span> <span class='ocrx_word' id='word_1_50' title='bbox 2437 711 2688 771; x_wconf 87' lang='lat' dir='ltr'><strong>tanquam</strong></span> <span class='ocrx_word' id='word_1_51' title='bbox 2755 704 2981 757; x_wconf 82' lang='lat' dir='ltr'><strong>diversis</strong></span> <span class='ocrx_word' id='word_1_52' title='bbox 3032 704 3303 758; x_wconf 85' lang='lat' dir='ltr'><strong>actionum</strong></span> <span class='ocrx_word' id='word_1_53' title='bbox 3346 704 3682 773; x_wconf 75' lang='lat' dir='ltr'><strong>imaginibus</strong></span> <span class='ocrx_word' id='word_1_54' title='bbox 3734 704 3984 772; x_wconf 82' lang='lat' dir='ltr'><strong>pingitur</strong></span> <span class='ocrx_word' id='word_1_55' title='bbox 4012 745 4031 767; x_wconf 87' lang='lat'><strong>,</strong></span> 
     </span>
    </p>
   </div>
   <div class='ocr_carea' id='block_1_5' title="bbox 778 787 4033 862">
    <p class='ocr_par' dir='ltr' id='par_1_5' title="bbox 778 787 4033 862">
     <span class='ocr_line' id='line_1_5' title="bbox 778 787 4033 862; baseline 0 -15"><span class='ocrx_word' id='word_1_56' title='bbox 778 798 920 862; x_wconf 88' lang='lat' dir='ltr'><strong>quod</strong></span> <span class='ocrx_word' id='word_1_57' title='bbox 949 792 1226 862; x_wconf 81' lang='lat' dir='ltr'><strong>pontiﬁces</strong></span> <span class='ocrx_word' id='word_1_58' title='bbox 1276 791 1503 859; x_wconf 82' lang='lat' dir='ltr'><strong>ligneis,</strong></span> <span class='ocrx_word' id='word_1_59' title='bbox 1550 792 1783 850; x_wconf 84' lang='lat' dir='ltr'><strong>auratis.</strong></span> <span class='ocrx_word' id='word_1_60' title='bbox 1828 790 1906 842; x_wconf 90' lang='lat' dir='ltr'><strong>usi</strong></span> <span class='ocrx_word' id='word_1_61' title='bbox 1941 796 2065 842; x_wconf 87' lang='lat' dir='ltr'><strong>sunt</strong></span> <span class='ocrx_word' id='word_1_62' title='bbox 2098 787 2331 850; x_wconf 82' lang='lat' dir='ltr'><strong>baculis;</strong></span> <span class='ocrx_word' id='word_1_63' title='bbox 2435 801 2596 862; x_wconf 86' lang='lat' dir='ltr'><strong>prout</strong></span> <span class='ocrx_word' id='word_1_64' title='bbox 2650 808 2785 846; x_wconf 85' lang='lat' dir='ltr'><strong>vana</strong></span> <span class='ocrx_word' id='word_1_65' title='bbox 2851 793 2934 847; x_wconf 86' lang='lat' dir='ltr'><strong>vel</strong></span> <span class='ocrx_word' id='word_1_66' title='bbox 2972 793 3122 847; x_wconf 82' lang='lat' dir='ltr'><strong>utilia</strong></span> <span class='ocrx_word' id='word_1_67' title='bbox 3163 792 3476 847; x_wconf 80' lang='lat' dir='ltr'><strong>meditatur.</strong></span> <span class='ocrx_word' id='word_1_68' title='bbox 3525 793 3605 846; x_wconf 80' lang='lat' dir='ltr'><strong>Ac</strong></span> <span class='ocrx_word' id='word_1_69' title='bbox 3651 792 3697 844; x_wconf 88' lang='lat' dir='ltr'><strong>si</strong></span> <span class='ocrx_word' id='word_1_70' title='bbox 3748 792 4033 861; x_wconf 84' lang='lat' dir='ltr'><strong>quispiam</strong></span> 
     </span>
    </p>
   </div>
   <div class='ocr_carea' id='block_1_6' title="bbox 778 874 4035 950">
    <p class='ocr_par' dir='ltr' id='par_1_6' title="bbox 778 874 4035 950">
     <span class='ocr_line' id='line_1_6' title="bbox 778 874 4035 950; baseline -0.003 -14"><span class='ocrx_word' id='word_1_71' title='bbox 778 886 899 936; x_wconf 89' lang='lat' dir='ltr'><strong>dum</strong></span> <span class='ocrx_word' id='word_1_72' title='bbox 933 881 1218 934; x_wconf 84' lang='lat' dir='ltr'><strong>sacerdotii</strong></span> <span class='ocrx_word' id='word_1_73' title='bbox 1246 880 1496 932; x_wconf 88' lang='lat' dir='ltr'><strong>meritum</strong></span> <span class='ocrx_word' id='word_1_74' title='bbox 1525 893 1629 930; x_wconf 90' lang='lat' dir='ltr'><strong>non</strong></span> <span class='ocrx_word' id='word_1_75' title='bbox 1658 880 1797 931; x_wconf 87' lang='lat' dir='ltr'><strong>nitor</strong></span> <span class='ocrx_word' id='word_1_76' title='bbox 1832 877 2026 930; x_wconf 82' lang='lat' dir='ltr'><strong>efﬁciat</strong></span> <span class='ocrx_word' id='word_1_77' title='bbox 2060 874 2289 928; x_wconf 84' lang='lat' dir='ltr'><strong>vestium</strong></span> <span class='ocrx_word' id='word_1_78' title='bbox 2316 913 2331 937; x_wconf 82' lang='lat'><strong>,</strong></span> <span class='ocrx_word' id='word_1_79' title='bbox 2436 882 2688 936; x_wconf 71' lang='lat' dir='ltr'><strong>micantia</strong></span> <span class='ocrx_word' id='word_1_80' title='bbox 2719 896 2858 935; x_wconf 82' lang='lat' dir='ltr'><strong>nunc</strong></span> <span class='ocrx_word' id='word_1_81' title='bbox 2881 890 3023 934; x_wconf 72' lang='lat' dir='ltr'><strong>astra</strong></span> <span class='ocrx_word' id='word_1_82' title='bbox 3054 882 3334 950; x_wconf 68' lang='lat' dir='ltr'><strong>suspiciat,</strong></span> <span class='ocrx_word' id='word_1_83' title='bbox 3368 897 3511 935; x_wconf 84' lang='lat' dir='ltr'><strong>nunc</strong></span> <span class='ocrx_word' id='word_1_84' title='bbox 3549 880 3793 934; x_wconf 67' lang='lat' dir='ltr'><strong>declinet</strong></span> <span class='ocrx_word' id='word_1_85' title='bbox 3831 881 4035 935; x_wconf 74' lang='lat' dir='ltr'><strong>oculos</strong></span> 
     </span>
    </p>
   </div>
   <div class='ocr_carea' id='block_1_7' title="bbox 778 964 4033 1037">
    <p class='ocr_par' dir='ltr' id='par_1_7' title="bbox 778 964 4033 1037">
     <span class='ocr_line' id='line_1_7' title="bbox 778 964 4033 1037; baseline -0 -15"><span class='ocrx_word' id='word_1_86' title='bbox 778 970 870 1022; x_wconf 88' lang='lat' dir='ltr'><strong>sed</strong></span> <span class='ocrx_word' id='word_1_87' title='bbox 917 968 1271 1037; x_wconf 85' lang='lat' dir='ltr'><strong>spiritualium</strong></span> <span class='ocrx_word' id='word_1_88' title='bbox 1308 982 1494 1019; x_wconf 88' lang='lat' dir='ltr'><strong>norma</strong></span> <span class='ocrx_word' id='word_1_89' title='bbox 1531 967 1820 1027; x_wconf 84' lang='lat' dir='ltr'><strong>virtutum;</strong></span> <span class='ocrx_word' id='word_1_90' title='bbox 1852 975 1903 1017; x_wconf 77' lang='lat' dir='ltr'><strong>et</strong></span> <span class='ocrx_word' id='word_1_91' title='bbox 1930 979 2034 1017; x_wconf 80' lang='lat' dir='ltr'><strong>non</strong></span> <span class='ocrx_word' id='word_1_92' title='bbox 2080 964 2334 1018; x_wconf 64' lang='lat' dir='ltr'><strong>micantia</strong></span> <span class='ocrx_word' id='word_1_93' title='bbox 2435 971 2488 1023; x_wconf 91' lang='lat' dir='ltr'><strong>in</strong></span> <span class='ocrx_word' id='word_1_94' title='bbox 2528 970 2797 1030; x_wconf 85' lang='lat' dir='ltr'><strong>latrinam.</strong></span> <span class='ocrx_word' id='word_1_95' title='bbox 2831 968 2988 1023; x_wconf 86' lang='lat' dir='ltr'><strong>modo</strong></span> <span class='ocrx_word' id='word_1_96' title='bbox 3018 969 3245 1024; x_wconf 89' lang='lat' dir='ltr'><strong>miretur</strong></span> <span class='ocrx_word' id='word_1_97' title='bbox 3278 968 3543 1022; x_wconf 86' lang='lat' dir='ltr'><strong>radiantis</strong></span> <span class='ocrx_word' id='word_1_98' title='bbox 3566 969 3686 1022; x_wconf 83' lang='lat' dir='ltr'><strong>auri</strong></span> <span class='ocrx_word' id='word_1_99' title='bbox 3711 970 3979 1037; x_wconf 78' lang='lat' dir='ltr'><strong>fulgorem</strong></span> <span class='ocrx_word' id='word_1_100' title='bbox 4012 1008 4033 1037; x_wconf 81' lang='lat'><strong>,</strong></span> 
     </span>
    </p>
   </div>
   <div class='ocr_carea' id='block_1_8' title="bbox 779 1052 4036 1128">
    <p class='ocr_par' dir='ltr' id='par_1_8' title="bbox 779 1052 4036 1128">
     <span class='ocr_line' id='line_1_8' title="bbox 779 1052 4036 1128; baseline -0 -20"><span class='ocrx_word' id='word_1_101' title='bbox 779 1058 1068 1125; x_wconf 85' lang='lat' dir='ltr'><strong>margarita</strong></span> <span class='ocrx_word' id='word_1_102' title='bbox 1125 1055 1207 1109; x_wconf 91' lang='lat' dir='ltr'><strong>vel</strong></span> <span class='ocrx_word' id='word_1_103' title='bbox 1247 1070 1471 1123; x_wconf 62' lang='lat' dir='ltr'><strong>gemmae</strong></span> <span class='ocrx_word' id='word_1_104' title='bbox 1495 1095 1510 1120; x_wconf 95' lang='lat'><strong>,</strong></span> <span class='ocrx_word' id='word_1_105' title='bbox 1552 1056 1646 1108; x_wconf 87' lang='lat' dir='ltr'><strong>sed</strong></span> <span class='ocrx_word' id='word_1_106' title='bbox 1696 1068 1869 1107; x_wconf 85' lang='lat' dir='ltr'><strong>mores</strong></span> <span class='ocrx_word' id='word_1_107' title='bbox 1922 1052 2069 1106; x_wconf 89' lang='lat' dir='ltr'><strong>aurei</strong></span> <span class='ocrx_word' id='word_1_108' title='bbox 2111 1053 2336 1105; x_wconf 75' lang='lat' dir='ltr'><strong>deceant</strong></span> <span class='ocrx_word' id='word_1_109' title='bbox 2435 1060 2591 1113; x_wconf 77' lang='lat' dir='ltr'><strong>modo</strong></span> <span class='ocrx_word' id='word_1_110' title='bbox 2620 1061 2863 1114; x_wconf 66' lang='lat' dir='ltr'><strong>scabram</strong></span> <span class='ocrx_word' id='word_1_111' title='bbox 2888 1060 3017 1117; x_wconf 61' lang='lat' dir='ltr'><strong>rene</strong></span> <span class='ocrx_word' id='word_1_112' title='bbox 3038 1060 3427 1128; x_wconf 69' lang='lat' dir='ltr'><strong>contempletur</strong></span> <span class='ocrx_word' id='word_1_113' title='bbox 3447 1061 3749 1128; x_wconf 70' lang='lat' dir='ltr'><strong>:erugiuem</strong></span> <span class='ocrx_word' id='word_1_114' title='bbox 3773 1076 3790 1123; x_wconf 85' lang='lat'><strong>;</strong></span> <span class='ocrx_word' id='word_1_115' title='bbox 3816 1060 3916 1122; x_wconf 82' lang='lat' dir='ltr'><strong>sic,</strong></span> <span class='ocrx_word' id='word_1_116' title='bbox 3941 1058 4036 1115; x_wconf 80' lang='lat' dir='ltr'><strong>sic</strong></span> 
     </span>
    </p>
   </div>
   <div class='ocr_carea' id='block_1_9' title="bbox 777 1141 4033 1211">
    <p class='ocr_par' dir='ltr' id='par_1_9' title="bbox 777 1141 4033 1211">
     <span class='ocr_line' id='line_1_9' title="bbox 777 1141 4033 1211; baseline -0.001 -12"><span class='ocrx_word' id='word_1_117' title='bbox 777 1150 1130 1201; x_wconf 72' lang='lat' dir='ltr'><strong>sacerdotem.</strong></span> <span class='ocrx_word' id='word_1_118' title='bbox 1182 1145 1330 1199; x_wconf 88' lang='lat' dir='ltr'><strong>Sicut</strong></span> <span class='ocrx_word' id='word_1_119' title='bbox 1376 1146 1516 1199; x_wconf 90' lang='lat' dir='ltr'><strong>enim</strong></span> <span class='ocrx_word' id='word_1_120' title='bbox 1565 1160 1685 1198; x_wconf 82' lang='lat' dir='ltr'><strong>vera</strong></span> <span class='ocrx_word' id='word_1_121' title='bbox 1725 1144 2015 1196; x_wconf 72' lang='lat' dir='ltr'><strong>sacerdotis</strong></span> <span class='ocrx_word' id='word_1_122' title='bbox 2063 1141 2336 1195; x_wconf 78' lang='lat' dir='ltr'><strong>humilitas</strong></span> <span class='ocrx_word' id='word_1_123' title='bbox 2436 1150 2669 1208; x_wconf 56' lang='lat' dir='ltr'><strong>humana</strong></span> <span class='ocrx_word' id='word_1_124' title='bbox 2714 1162 2877 1205; x_wconf 60' lang='lat' dir='ltr'><strong>me&quot;;</strong></span> <span class='ocrx_word' id='word_1_125' title='bbox 2913 1152 3039 1205; x_wconf 76' lang='lat' dir='ltr'><strong>dum</strong></span> <span class='ocrx_word' id='word_1_126' title='bbox 3083 1162 3294 1205; x_wconf 59' lang='lat' dir='ltr'><strong>(errem</strong></span> <span class='ocrx_word' id='word_1_127' title='bbox 3350 1151 3645 1205; x_wconf 62' lang='lat' dir='ltr'><strong>medium&quot;</strong></span> <span class='ocrx_word' id='word_1_128' title='bbox 3698 1161 3755 1204; x_wconf 76' lang='grc' dir='ltr'>ει</span> <span class='ocrx_word' id='word_1_129' title='bbox 3792 1152 3981 1204; x_wconf 75' lang='lat' dir='ltr'><strong>inﬁma</strong></span> <span class='ocrx_word' id='word_1_130' title='bbox 4012 1188 4033 1211; x_wconf 78' lang='lat'><strong>,</strong></span> 
     </span>
    </p>
   </div>
   <div class='ocr_carea' id='block_1_10' title="bbox 778 1228 4034 1310">
    <p class='ocr_par' dir='ltr' id='par_1_10' title="bbox 778 1228 4034 1310">
     <span class='ocr_line' id='line_1_10' title="bbox 778 1228 4034 1310; baseline -0.001 -24"><span class='ocrx_word' id='word_1_131' title='bbox 778 1234 945 1287; x_wconf 88' lang='lat' dir='ltr'><strong>Deum</strong></span> <span class='ocrx_word' id='word_1_132' title='bbox 973 1235 1071 1288; x_wconf 90' lang='lat' dir='ltr'><strong>sibi</strong></span> <span class='ocrx_word' id='word_1_133' title='bbox 1098 1234 1371 1293; x_wconf 84' lang='lat' dir='ltr'><strong>conciliat,</strong></span> <span class='ocrx_word' id='word_1_134' title='bbox 1397 1240 1656 1285; x_wconf 72' lang='lat' dir='ltr'><strong>etcaHera</strong></span> <span class='ocrx_word' id='word_1_135' title='bbox 1679 1230 1794 1298; x_wconf 89' lang='lat' dir='ltr'><strong>ejus</strong></span> <span class='ocrx_word' id='word_1_136' title='bbox 1812 1230 1949 1283; x_wconf 83' lang='lat' dir='ltr'><strong>bona</strong></span> <span class='ocrx_word' id='word_1_137' title='bbox 1972 1228 2333 1290; x_wconf 85' lang='lat' dir='ltr'><strong>commendat;</strong></span> <span class='ocrx_word' id='word_1_138' title='bbox 2434 1240 2617 1309; x_wconf 62' lang='lat' dir='ltr'><strong>procul</strong></span> <span class='ocrx_word' id='word_1_139' title='bbox 2683 1241 2842 1301; x_wconf 65' lang='lat' dir='ltr'><strong>dubio</strong></span> <span class='ocrx_word' id='word_1_140' title='bbox 2892 1249 3034 1296; x_wconf 63' lang='grc' dir='ltr'><strong>ιεηα</strong></span> <span class='ocrx_word' id='word_1_141' title='bbox 3082 1242 3449 1310; x_wconf 54' lang='lat' dir='ltr'><strong>conspicui&quot;;</strong></span> <span class='ocrx_word' id='word_1_142' title='bbox 3513 1256 3639 1295; x_wconf 70' lang='lat' dir='ltr'><strong>cum</strong></span> <span class='ocrx_word' id='word_1_143' title='bbox 3712 1255 3849 1295; x_wconf 72' lang='grc' dir='ltr'><strong>νει-ο</strong></span> <span class='ocrx_word' id='word_1_144' title='bbox 3901 1255 4034 1308; x_wconf 59' lang='lat' dir='ltr'><strong>qua</strong></span> 
     </span>
    </p>
   </div>
   <div class='ocr_carea' id='block_1_11' title="bbox 780 1317 4053 1399">
    <p class='ocr_par' dir='ltr' id='par_1_11' title="bbox 780 1317 4053 1399">
     <span class='ocr_line' id='line_1_11' title="bbox 780 1317 4053 1399; baseline -0.002 -8"><span class='ocrx_word' id='word_1_145' title='bbox 780 1325 856 1377; x_wconf 66' lang='grc' dir='ltr'><strong>εἷο</strong></span> <span class='ocrx_word' id='word_1_146' title='bbox 894 1324 1217 1391; x_wconf 52' lang='lat' dir='ltr'><strong>arroganti“?</strong></span> <span class='ocrx_word' id='word_1_147' title='bbox 1262 1333 1436 1377; x_wconf 70' lang='grc' dir='ltr'>ιιιιηοτ</span> <span class='ocrx_word' id='word_1_148' title='bbox 1484 1328 1539 1373; x_wconf 75' lang='grc' dir='ltr'>ει</span> <span class='ocrx_word' id='word_1_149' title='bbox 1578 1320 1827 1373; x_wconf 63' lang='lat' dir='ltr'><strong>“mimis</strong></span> <span class='ocrx_word' id='word_1_150' title='bbox 1872 1318 2095 1375; x_wconf 66' lang='grc' dir='ltr'><strong>διυῖιίῑίο</strong></span> <span class='ocrx_word' id='word_1_151' title='bbox 2145 1317 2336 1369; x_wconf 63' lang='lat' dir='ltr'><strong>(“VWB</strong></span> <span class='ocrx_word' id='word_1_152' title='bbox 2434 1328 2647 1397; x_wconf 87' lang='lat' dir='ltr'><strong>pietatis</strong></span> <span class='ocrx_word' id='word_1_153' title='bbox 2687 1339 2811 1382; x_wconf 87' lang='lat' dir='ltr'><strong>sunt</strong></span> <span class='ocrx_word' id='word_1_154' title='bbox 2856 1336 3094 1397; x_wconf 82' lang='lat' dir='ltr'><strong>tractat,</strong></span> <span class='ocrx_word' id='word_1_155' title='bbox 3141 1344 3263 1385; x_wconf 91' lang='lat' dir='ltr'><strong>cum</strong></span> <span class='ocrx_word' id='word_1_156' title='bbox 3323 1330 3502 1383; x_wconf 85' lang='lat' dir='ltr'><strong>divina</strong></span> <span class='ocrx_word' id='word_1_157' title='bbox 3578 1330 3789 1399; x_wconf 86' lang='lat' dir='ltr'><strong>cogitat</strong></span> <span class='ocrx_word' id='word_1_158' title='bbox 3859 1339 4053 1397; x_wconf 71' lang='lat' dir='ltr'><strong>atque</strong></span> 
     </span>
    </p>
   </div>
   <div class='ocr_carea' id='block_1_12' title="bbox 782 1406 4051 1490">
    <p class='ocr_par' dir='ltr' id='par_1_12' title="bbox 782 1406 4051 1490">
     <span class='ocr_line' id='line_1_12' title="bbox 782 1406 4051 1490; baseline -0.002 -25"><span class='ocrx_word' id='word_1_159' title='bbox 782 1413 1063 1465; x_wconf 86' lang='lat' dir='ltr'><strong>adversum</strong></span> <span class='ocrx_word' id='word_1_160' title='bbox 1094 1426 1150 1466; x_wconf 88' lang='lat' dir='ltr'><strong>se</strong></span> <span class='ocrx_word' id='word_1_161' title='bbox 1186 1406 1920 1477; x_wconf 89' lang='lat' dir='ltr'><strong>indignationisiracundiam</strong></span> <span class='ocrx_word' id='word_1_162' title='bbox 1945 1412 2237 1474; x_wconf 87' lang='lat' dir='ltr'><strong>provocat,</strong></span> <span class='ocrx_word' id='word_1_163' title='bbox 2283 1412 2349 1457; x_wconf 74' lang='lat' dir='ltr'><strong>et</strong></span> <span class='ocrx_word' id='word_1_164' title='bbox 2435 1417 2713 1480; x_wconf 63' lang='grc' dir='ltr'><strong>ςωιεειίει,</strong></span> <span class='ocrx_word' id='word_1_165' title='bbox 2761 1420 2955 1472; x_wconf 51' lang='lat' dir='ltr'><strong>meum</strong></span> <span class='ocrx_word' id='word_1_166' title='bbox 3013 1419 3210 1474; x_wconf 69' lang='grc' dir='ltr'><strong>ρωιιηη</strong></span> <span class='ocrx_word' id='word_1_167' title='bbox 3237 1460 3253 1485; x_wconf 54' lang='grc'><strong><em>,</em></strong></span> <span class='ocrx_word' id='word_1_168' title='bbox 3300 1418 3557 1490; x_wconf 55' lang='lat' dir='ltr'><strong>templum</strong></span> <span class='ocrx_word' id='word_1_169' title='bbox 3609 1418 3706 1473; x_wconf 71' lang='lat' dir='ltr'><strong>Dei</strong></span> <span class='ocrx_word' id='word_1_170' title='bbox 3762 1419 3981 1473; x_wconf 56' lang='grc' dir='ltr'><strong>ι-ίλειυι·</strong></span> <span class='ocrx_word' id='word_1_171' title='bbox 4010 1453 4051 1481; x_wconf 42' lang='grc' dir='ltr'>ν</span> 
     </span>
    </p>
   </div>
   <div class='ocr_carea' id='block_1_13' title="bbox 781 1499 2946 1573">
    <p class='ocr_par' dir='ltr' id='par_1_13' title="bbox 781 1499 2946 1573">
     <span class='ocr_line' id='line_1_13' title="bbox 781 1499 2946 1573; baseline -0.003 -17"><span class='ocrx_word' id='word_1_172' title='bbox 781 1514 967 1557; x_wconf 89' lang='lat' dir='ltr'><strong>contra</strong></span> <span class='ocrx_word' id='word_1_173' title='bbox 1020 1506 1212 1556; x_wconf 88' lang='lat' dir='ltr'><strong>bonum</strong></span> <span class='ocrx_word' id='word_1_174' title='bbox 1281 1503 1422 1570; x_wconf 86' lang='lat' dir='ltr'><strong>quod</strong></span> <span class='ocrx_word' id='word_1_175' title='bbox 1471 1500 1757 1568; x_wconf 79' lang='lat' dir='ltr'><strong>aliquando</strong></span> <span class='ocrx_word' id='word_1_176' title='bbox 1812 1499 2035 1553; x_wconf 80' lang='lat' dir='ltr'><strong>forsitan</strong></span> <span class='ocrx_word' id='word_1_177' title='bbox 2086 1506 2342 1566; x_wconf 79' lang='lat' dir='ltr'><strong>operatus</strong></span> <span class='ocrx_word' id='word_1_178' title='bbox 2437 1506 2946 1573; x_wconf 69' lang='lat' dir='ltr'><strong>atque-sacrarium,</strong></span> 
     </span>
    </p>
   </div>
   <div class='ocr_carea' id='block_1_14' title="bbox 781 1584 3409 1659">
    <p class='ocr_par' dir='ltr' id='par_1_14' title="bbox 781 1584 3409 1659">
     <span class='ocr_line' id='line_1_14' title="bbox 781 1584 3409 1659; baseline -0.003 -15"><span class='ocrx_word' id='word_1_179' title='bbox 781 1603 863 1645; x_wconf 87' lang='lat' dir='ltr'><strong>est</strong></span> <span class='ocrx_word' id='word_1_180' title='bbox 928 1600 1144 1659; x_wconf 78' lang='lat' dir='ltr'><strong>pugnat.</strong></span> <span class='ocrx_word' id='word_1_181' title='bbox 1214 1590 1365 1645; x_wconf 85' lang='lat' dir='ltr'><strong>Unde</strong></span> <span class='ocrx_word' id='word_1_182' title='bbox 1420 1596 1513 1658; x_wconf 78' lang='lat' dir='ltr'><strong>per</strong></span> <span class='ocrx_word' id='word_1_183' title='bbox 1567 1589 1758 1643; x_wconf 85' lang='lat' dir='ltr'><strong>lsaiam</strong></span> <span class='ocrx_word' id='word_1_184' title='bbox 1822 1587 2075 1639; x_wconf 85' lang='lat' dir='ltr'><strong>Domintts</strong></span> <span class='ocrx_word' id='word_1_185' title='bbox 2140 1584 2267 1639; x_wconf 86' lang='lat' dir='ltr'><strong>dicit</strong></span> <span class='ocrx_word' id='word_1_186' title='bbox 2318 1600 2333 1637; x_wconf 89' lang='lat'><strong>:</strong></span> <span class='ocrx_word' id='word_1_187' title='bbox 3035 1592 3261 1649; x_wconf 67' lang='lat' dir='ltr'><strong>CAPUT</strong></span> <span class='ocrx_word' id='word_1_188' title='bbox 3299 1593 3409 1648; x_wconf 67' lang='grc' dir='ltr'><strong>νη,</strong></span> 
     </span>
    </p>
   </div>
   <div class='ocr_carea' id='block_1_15' title="bbox 788 1672 2581 1753">
    <p class='ocr_par' dir='ltr' id='par_1_15' title="bbox 788 1672 2581 1750">
     <span class='ocr_line' id='line_1_15' title="bbox 788 1672 2581 1750; baseline -0.005 -19"><span class='ocrx_word' id='word_1_189' title='bbox 788 1701 804 1731; x_wconf 79' lang='grc' dir='ltr'><strong>ι</strong></span> <span class='ocrx_word' id='word_1_190' title='bbox 842 1680 1087 1750; x_wconf 82' lang='lat' dir='ltr'><strong>Nunquid</strong></span> <span class='ocrx_word' id='word_1_191' title='bbox 1119 1695 1280 1749; x_wconf 84' lang='lat' dir='ltr'><strong>super</strong></span> <span class='ocrx_word' id='word_1_192' title='bbox 1308 1680 1388 1732; x_wconf 86' lang='lat' dir='ltr'><strong>his</strong></span> <span class='ocrx_word' id='word_1_193' title='bbox 1424 1694 1526 1732; x_wconf 92' lang='lat' dir='ltr'><strong>non</strong></span> <span class='ocrx_word' id='word_1_194' title='bbox 1558 1677 1919 1746; x_wconf 78' lang='lat' dir='ltr'><strong>indignabor?</strong></span> <span class='ocrx_word' id='word_1_195' title='bbox 1953 1696 1969 1724; x_wconf 73' lang='grc' dir='ltr'><strong>ι</strong></span> <span class='ocrx_word' id='word_1_196' title='bbox 2011 1673 2144 1742; x_wconf 80' lang='lat' dir='ltr'><strong>(Im.</strong></span> <span class='ocrx_word' id='word_1_197' title='bbox 2179 1672 2336 1742; x_wconf 79' lang='lat' dir='ltr'><strong>Lvtt.)</strong></span> <span class='ocrx_word' id='word_1_198' title='bbox 2545 1681 2581 1747; x_wconf 76' lang='grc' dir='ltr'><strong>ρ</strong></span> 
     </span>
    </p>
   </div>
   <div class='ocr_carea' id='block_1_16' title="bbox 2115 1672 3908 1753">
    <p class='ocr_par' dir='ltr' id='par_1_16' title="bbox 2115 1672 3908 1753">
     <span class='ocr_line' id='line_1_16' title="bbox 2115 1672 3908 1753; baseline 0.003 -21"><span class='ocrx_word' id='word_1_199' title='bbox 2115 1693 2144 1726; x_wconf 76' lang='grc' dir='ltr'>ι-</span> <span class='ocrx_word' id='word_1_200' title='bbox 2179 1672 2336 1742; x_wconf 81' lang='lat' dir='ltr'><strong>LVll-)</strong></span> <span class='ocrx_word' id='word_1_201' title='bbox 2545 1681 2696 1747; x_wconf 75' lang='lat' dir='ltr'><strong>Quod</strong></span> <span class='ocrx_word' id='word_1_202' title='bbox 2731 1681 2962 1735; x_wconf 82' lang='lat' dir='ltr'><strong>Romana</strong></span> <span class='ocrx_word' id='word_1_203' title='bbox 2991 1683 3224 1737; x_wconf 80' lang='lat' dir='ltr'><strong>Ecclesia</strong></span> <span class='ocrx_word' id='word_1_204' title='bbox 3252 1684 3399 1738; x_wconf 82' lang='lat' dir='ltr'><strong>sedes</strong></span> <span class='ocrx_word' id='word_1_205' title='bbox 3421 1685 3486 1736; x_wconf 82' lang='lat' dir='ltr'><strong>sit</strong></span> <span class='ocrx_word' id='word_1_206' title='bbox 3514 1683 3908 1753; x_wconf 76' lang='lat' dir='ltr'><strong>apostolorum.</strong></span> 
     </span>
    </p>
   </div>
   <div class='ocr_carea' id='block_1_17' title="bbox 790 1765 4051 1841">
    <p class='ocr_par' dir='ltr' id='par_1_17' title="bbox 790 1765 4051 1841">
     <span class='ocr_line' id='line_1_17' title="bbox 790 1765 4051 1841; baseline -0.002 -17"><span class='ocrx_word' id='word_1_207' title='bbox 790 1771 962 1838; x_wconf 83' lang='lat' dir='ltr'><strong>Super</strong></span> <span class='ocrx_word' id='word_1_208' title='bbox 993 1780 1225 1823; x_wconf 87' lang='lat' dir='ltr'><strong>montem</strong></span> <span class='ocrx_word' id='word_1_209' title='bbox 1256 1770 1449 1837; x_wconf 84' lang='lat' dir='ltr'><strong>quippe</strong></span> <span class='ocrx_word' id='word_1_210' title='bbox 1479 1768 1758 1822; x_wconf 80' lang='lat' dir='ltr'><strong>sublimem</strong></span> <span class='ocrx_word' id='word_1_211' title='bbox 1781 1765 2030 1819; x_wconf 84' lang='lat' dir='ltr'><strong>sacerdos</strong></span> <span class='ocrx_word' id='word_1_212' title='bbox 2058 1765 2297 1817; x_wconf 87' lang='lat' dir='ltr'><strong>ascendit</strong></span> <span class='ocrx_word' id='word_1_213' title='bbox 2319 1803 2337 1827; x_wconf 87' lang='lat'><strong>,</strong></span> <span class='ocrx_word' id='word_1_214' title='bbox 2509 1768 2662 1824; x_wconf 75' lang='lat' dir='ltr'><strong>Nunc</strong></span> <span class='ocrx_word' id='word_1_215' title='bbox 2696 1783 2953 1839; x_wconf 64' lang='lat' dir='ltr'><strong>pumex-ea</strong></span> <span class='ocrx_word' id='word_1_216' title='bbox 2998 1770 3240 1825; x_wconf 69' lang='lat' dir='ltr'><strong>ﬂuuiana</strong></span> <span class='ocrx_word' id='word_1_217' title='bbox 3290 1772 3557 1835; x_wconf 80' lang='lat' dir='ltr'><strong>Ecclesia,</strong></span> <span class='ocrx_word' id='word_1_218' title='bbox 3594 1788 3715 1841; x_wconf 64' lang='lat' dir='ltr'><strong>qum</strong></span> <span class='ocrx_word' id='word_1_219' title='bbox 3749 1774 3913 1827; x_wconf 70' lang='lat' dir='ltr'><strong>sedes</strong></span> <span class='ocrx_word' id='word_1_220' title='bbox 3944 1780 4051 1828; x_wconf 70' lang='lat' dir='ltr'><strong>est</strong></span> 
     </span>
    </p>
   </div>
   <div class='ocr_carea' id='block_1_18' title="bbox 782 1842 4038 1929">
    <p class='ocr_par' dir='ltr' id='par_1_18' title="bbox 782 1842 4038 1929">
     <span class='ocr_line' id='line_1_18' title="bbox 782 1842 4038 1929; baseline -0.002 -12"><span class='ocrx_word' id='word_1_221' title='bbox 782 1879 902 1917; x_wconf 83' lang='lat' dir='ltr'><strong>cum</strong></span> <span class='ocrx_word' id='word_1_222' title='bbox 929 1878 1049 1915; x_wconf 80' lang='lat' dir='ltr'><strong>sese</strong></span> <span class='ocrx_word' id='word_1_223' title='bbox 1076 1865 1127 1915; x_wconf 91' lang='lat' dir='ltr'><strong>in</strong></span> <span class='ocrx_word' id='word_1_224' title='bbox 1156 1863 1417 1929; x_wconf 67' lang='lat' dir='ltr'><strong>superbire</strong></span> <span class='ocrx_word' id='word_1_225' title='bbox 1438 1860 1630 1912; x_wconf 80' lang='lat' dir='ltr'><strong>fastum</strong></span> <span class='ocrx_word' id='word_1_226' title='bbox 1656 1874 1749 1925; x_wconf 89' lang='lat' dir='ltr'><strong>per</strong></span> <span class='ocrx_word' id='word_1_227' title='bbox 1768 1859 2027 1927; x_wconf 81' lang='lat' dir='ltr'><strong>quasdam</strong></span> <span class='ocrx_word' id='word_1_228' title='bbox 2053 1858 2336 1911; x_wconf 86' lang='lat' dir='ltr'><strong>adulterini</strong></span> <span class='ocrx_word' id='word_1_229' title='bbox 2369 1842 2416 1900; x_wconf 73' lang='grc' dir='ltr'><strong><em>Β</em></strong></span> <span class='ocrx_word' id='word_1_230' title='bbox 2441 1859 2823 1928; x_wconf 84' lang='lat' dir='ltr'><strong>apostolorum,</strong></span> <span class='ocrx_word' id='word_1_231' title='bbox 2863 1861 3136 1928; x_wconf 89' lang='lat' dir='ltr'><strong>antiquam</strong></span> <span class='ocrx_word' id='word_1_232' title='bbox 3168 1861 3325 1913; x_wconf 81' lang='lat' dir='ltr'><strong>debet</strong></span> <span class='ocrx_word' id='word_1_233' title='bbox 3354 1860 3550 1912; x_wconf 85' lang='lat' dir='ltr'><strong>imitari</strong></span> <span class='ocrx_word' id='word_1_234' title='bbox 3583 1861 3794 1913; x_wconf 87' lang='lat' dir='ltr'><strong>curiam</strong></span> <span class='ocrx_word' id='word_1_235' title='bbox 3827 1859 4038 1913; x_wconf 78' lang='lat' dir='ltr'><strong>Roma-</strong></span> 
     </span>
    </p>
   </div>
   <div class='ocr_carea' id='block_1_19' title="bbox 782 1945 4039 2015">
    <p class='ocr_par' dir='ltr' id='par_1_19' title="bbox 782 1945 4039 2015">
     <span class='ocr_line' id='line_1_19' title="bbox 782 1945 4039 2015; baseline 0 -13"><span class='ocrx_word' id='word_1_236' title='bbox 782 1952 990 2004; x_wconf 86' lang='lat' dir='ltr'><strong>decoris</strong></span> <span class='ocrx_word' id='word_1_237' title='bbox 1030 1950 1341 2002; x_wconf 81' lang='lat' dir='ltr'><strong>insolentias</strong></span> <span class='ocrx_word' id='word_1_238' title='bbox 1381 1948 1556 2013; x_wconf 81' lang='lat' dir='ltr'><strong>erigit.</strong></span> <span class='ocrx_word' id='word_1_239' title='bbox 1592 1947 1655 1999; x_wconf 85' lang='lat' dir='ltr'><strong>Et</strong></span> <span class='ocrx_word' id='word_1_240' title='bbox 1683 1962 1801 1999; x_wconf 90' lang='lat' dir='ltr'><strong>cum</strong></span> <span class='ocrx_word' id='word_1_241' title='bbox 1844 1947 2021 1999; x_wconf 88' lang='lat' dir='ltr'><strong>anima</strong></span> <span class='ocrx_word' id='word_1_242' title='bbox 2058 1945 2218 2015; x_wconf 83' lang='lat'><strong>550</strong></span> <span class='ocrx_word' id='word_1_243' title='bbox 2245 1962 2334 1998; x_wconf 86' lang='lat' dir='ltr'><strong>sa-</strong></span> <span class='ocrx_word' id='word_1_244' title='bbox 2439 1962 2651 1999; x_wconf 88' lang='lat' dir='ltr'><strong>norum.</strong></span> <span class='ocrx_word' id='word_1_245' title='bbox 2684 1945 2837 2000; x_wconf 90' lang='lat' dir='ltr'><strong>Sicut</strong></span> <span class='ocrx_word' id='word_1_246' title='bbox 2888 1947 3029 2001; x_wconf 89' lang='lat' dir='ltr'><strong>enim</strong></span> <span class='ocrx_word' id='word_1_247' title='bbox 3078 1957 3204 2001; x_wconf 90' lang='lat' dir='ltr'><strong>tunc</strong></span> <span class='ocrx_word' id='word_1_248' title='bbox 3251 1957 3499 2002; x_wconf 81' lang='lat' dir='ltr'><strong>terrenus</strong></span> <span class='ocrx_word' id='word_1_249' title='bbox 3547 1948 3636 2001; x_wconf 85' lang='lat' dir='ltr'><strong>ille</strong></span> <span class='ocrx_word' id='word_1_250' title='bbox 3687 1958 3918 2003; x_wconf 88' lang='lat' dir='ltr'><strong>senatus</strong></span> <span class='ocrx_word' id='word_1_251' title='bbox 3963 1948 4039 2002; x_wconf 80' lang='lat' dir='ltr'><strong>ad</strong></span> 
     </span>
    </p>
   </div>
   <div class='ocr_carea' id='block_1_20' title="bbox 780 2033 4039 2105">
    <p class='ocr_par' dir='ltr' id='par_1_20' title="bbox 780 2033 4039 2105">
     <span class='ocr_line' id='line_1_20' title="bbox 780 2033 4039 2105; baseline 0 -16"><span class='ocrx_word' id='word_1_252' title='bbox 780 2037 1012 2089; x_wconf 83' lang='lat' dir='ltr'><strong>cerdotis</strong></span> <span class='ocrx_word' id='word_1_253' title='bbox 1078 2046 1329 2101; x_wconf 85' lang='lat' dir='ltr'><strong>tanquam</strong></span> <span class='ocrx_word' id='word_1_254' title='bbox 1396 2049 1590 2103; x_wconf 85' lang='lat' dir='ltr'><strong>sponsa</strong></span> <span class='ocrx_word' id='word_1_255' title='bbox 1658 2034 1875 2088; x_wconf 80' lang='lat' dir='ltr'><strong>Christo</strong></span> <span class='ocrx_word' id='word_1_256' title='bbox 1942 2034 2199 2102; x_wconf 82' lang='lat' dir='ltr'><strong>spiritalis</strong></span> <span class='ocrx_word' id='word_1_257' title='bbox 2270 2033 2342 2086; x_wconf 90' lang='lat' dir='ltr'><strong>sit</strong></span> <span class='ocrx_word' id='word_1_258' title='bbox 2439 2034 3045 2088; x_wconf 86' lang='lat' dir='ltr'><strong>hoccommunicabant</strong></span> <span class='ocrx_word' id='word_1_259' title='bbox 3088 2049 3252 2099; x_wconf 83' lang='lat' dir='ltr'><strong>omne</strong></span> <span class='ocrx_word' id='word_1_260' title='bbox 3280 2033 3436 2105; x_wconf 78' lang='lat'><strong>551</strong></span> <span class='ocrx_word' id='word_1_261' title='bbox 3466 2035 3775 2095; x_wconf 85' lang='lat' dir='ltr'><strong>consilium,</strong></span> <span class='ocrx_word' id='word_1_262' title='bbox 3816 2036 3873 2088; x_wconf 89' lang='lat' dir='ltr'><strong>in</strong></span> <span class='ocrx_word' id='word_1_263' title='bbox 3928 2036 4039 2089; x_wconf 86' lang='lat' dir='ltr'><strong>hoc</strong></span> 
     </span>
    </p>
   </div>
   <div class='ocr_carea' id='block_1_21' title="bbox 781 2124 4046 2195">
    <p class='ocr_par' dir='ltr' id='par_1_21' title="bbox 781 2124 4046 2195">
     <span class='ocr_line' id='line_1_21' title="bbox 781 2124 4046 2195; baseline 0 -17"><span class='ocrx_word' id='word_1_264' title='bbox 781 2125 1010 2195; x_wconf 77' lang='lat' dir='ltr'><strong>coniugii</strong></span> <span class='ocrx_word' id='word_1_265' title='bbox 1062 2124 1263 2178; x_wconf 62' lang='lat' dir='ltr'><strong>{uadere</strong></span> <span class='ocrx_word' id='word_1_266' title='bbox 1296 2125 1573 2194; x_wconf 72' lang='lat' dir='ltr'><strong>capulata;</strong></span> <span class='ocrx_word' id='word_1_267' title='bbox 1607 2130 1649 2179; x_wconf 88' lang='lat' dir='ltr'><strong>si</strong></span> <span class='ocrx_word' id='word_1_268' title='bbox 1680 2127 1757 2178; x_wconf 90' lang='lat' dir='ltr'><strong>sic</strong></span> <span class='ocrx_word' id='word_1_269' title='bbox 1787 2126 2108 2179; x_wconf 81' lang='lat' dir='ltr'><strong>exteriorem</strong></span> <span class='ocrx_word' id='word_1_270' title='bbox 2140 2124 2341 2178; x_wconf 76' lang='lat' dir='ltr'><strong>ambiat</strong></span> <span class='ocrx_word' id='word_1_271' title='bbox 2438 2126 2743 2195; x_wconf 81' lang='lat' dir='ltr'><strong>dirigebant</strong></span> <span class='ocrx_word' id='word_1_272' title='bbox 2782 2133 2837 2179; x_wconf 88' lang='lat' dir='ltr'><strong>et</strong></span> <span class='ocrx_word' id='word_1_273' title='bbox 2868 2125 3137 2178; x_wconf 86' lang='lat' dir='ltr'><strong>subtiliter</strong></span> <span class='ocrx_word' id='word_1_274' title='bbox 3158 2128 3487 2179; x_wconf 80' lang='lat' dir='ltr'><strong>exercebant</strong></span> <span class='ocrx_word' id='word_1_275' title='bbox 3534 2128 3845 2179; x_wconf 89' lang='lat' dir='ltr'><strong>communis</strong></span> <span class='ocrx_word' id='word_1_276' title='bbox 3872 2125 4046 2195; x_wconf 85' lang='lat' dir='ltr'><strong>indu-</strong></span> 
     </span>
    </p>
   </div>
   <div class='ocr_carea' id='block_1_22' title="bbox 783 2215 4042 2284">
    <p class='ocr_par' dir='ltr' id='par_1_22' title="bbox 783 2215 4042 2284">
     <span class='ocr_line' id='line_1_22' title="bbox 783 2215 4042 2284; baseline -0.001 -15"><span class='ocrx_word' id='word_1_277' title='bbox 783 2216 1003 2277; x_wconf 87' lang='lat' dir='ltr'><strong>cultum,</strong></span> <span class='ocrx_word' id='word_1_278' title='bbox 1032 2224 1089 2267; x_wconf 89' lang='lat' dir='ltr'><strong>ut</strong></span> <span class='ocrx_word' id='word_1_279' title='bbox 1123 2216 1427 2269; x_wconf 79' lang='lat' dir='ltr'><strong>interiorem</strong></span> <span class='ocrx_word' id='word_1_280' title='bbox 1466 2224 1751 2283; x_wconf 83' lang='lat' dir='ltr'><strong>postponat</strong></span> <span class='ocrx_word' id='word_1_281' title='bbox 1786 2225 2052 2274; x_wconf 86' lang='lat' dir='ltr'><strong>ornatum,</strong></span> <span class='ocrx_word' id='word_1_282' title='bbox 2081 2216 2345 2282; x_wconf 59' lang='lat' dir='ltr'><strong>quodam-</strong></span> <span class='ocrx_word' id='word_1_283' title='bbox 2440 2218 2582 2269; x_wconf 76' lang='lat' dir='ltr'><strong>strize</strong></span> <span class='ocrx_word' id='word_1_284' title='bbox 2616 2215 2849 2268; x_wconf 86' lang='lat' dir='ltr'><strong>studium</strong></span> <span class='ocrx_word' id='word_1_285' title='bbox 2877 2254 2891 2278; x_wconf 93' lang='lat'><strong>,</strong></span> <span class='ocrx_word' id='word_1_286' title='bbox 2948 2226 3007 2267; x_wconf 92' lang='lat' dir='ltr'><strong>ut</strong></span> <span class='ocrx_word' id='word_1_287' title='bbox 3059 2226 3373 2268; x_wconf 90' lang='lat' dir='ltr'><strong>cunctarum</strong></span> <span class='ocrx_word' id='word_1_288' title='bbox 3431 2215 3673 2284; x_wconf 85' lang='lat' dir='ltr'><strong>gentium</strong></span> <span class='ocrx_word' id='word_1_289' title='bbox 3735 2216 4042 2284; x_wconf 68' lang='lat' dir='ltr'><strong>multitudo</strong></span> 
     </span>
    </p>
   </div>
   <div class='ocr_carea' id='block_1_23' title="bbox 782 2303 4043 2374">
    <p class='ocr_par' dir='ltr' id='par_1_23' title="bbox 782 2303 4043 2374">
     <span class='ocr_line' id='line_1_23' title="bbox 782 2303 4043 2374; baseline 0.001 -16"><span class='ocrx_word' id='word_1_290' title='bbox 782 2305 938 2358; x_wconf 82' lang='lat' dir='ltr'><strong>modo</strong></span> <span class='ocrx_word' id='word_1_291' title='bbox 964 2306 1057 2357; x_wconf 82' lang='lat' dir='ltr'><strong>viri</strong></span> <span class='ocrx_word' id='word_1_292' title='bbox 1096 2306 1175 2356; x_wconf 88' lang='lat' dir='ltr'><strong>sui</strong></span> <span class='ocrx_word' id='word_1_293' title='bbox 1208 2314 1323 2357; x_wconf 88' lang='lat' dir='ltr'><strong>toro</strong></span> <span class='ocrx_word' id='word_1_294' title='bbox 1355 2304 1647 2358; x_wconf 84' lang='lat' dir='ltr'><strong>introducit</strong></span> <span class='ocrx_word' id='word_1_295' title='bbox 1679 2305 1999 2359; x_wconf 83' lang='lat' dir='ltr'><strong>adulterum.</strong></span> <span class='ocrx_word' id='word_1_296' title='bbox 2050 2303 2203 2359; x_wconf 87' lang='lat' dir='ltr'><strong>Unde</strong></span> <span class='ocrx_word' id='word_1_297' title='bbox 2234 2319 2338 2357; x_wconf 80' lang='lat' dir='ltr'><strong>vox</strong></span> <span class='ocrx_word' id='word_1_298' title='bbox 2443 2306 2681 2359; x_wconf 69' lang='lat' dir='ltr'><strong>[ternario</strong></span> <span class='ocrx_word' id='word_1_299' title='bbox 2732 2305 3050 2358; x_wconf 85' lang='lat' dir='ltr'><strong>subderetur</strong></span> <span class='ocrx_word' id='word_1_300' title='bbox 3099 2305 3359 2374; x_wconf 87' lang='lat' dir='ltr'><strong>imperio;</strong></span> <span class='ocrx_word' id='word_1_301' title='bbox 3400 2306 3473 2359; x_wconf 90' lang='lat' dir='ltr'><strong>ita</strong></span> <span class='ocrx_word' id='word_1_302' title='bbox 3515 2322 3662 2359; x_wconf 87' lang='lat' dir='ltr'><strong>nunc</strong></span> <span class='ocrx_word' id='word_1_303' title='bbox 3712 2307 4043 2374; x_wconf 71' lang='lat' dir='ltr'><strong>apostolica:</strong></span> 
     </span>
    </p>
   </div>
   <div class='ocr_carea' id='block_1_24' title="bbox 781 2392 4045 2464">
    <p class='ocr_par' dir='ltr' id='par_1_24' title="bbox 781 2392 4045 2464">
     <span class='ocr_line' id='line_1_24' title="bbox 781 2392 4045 2464; baseline 0.002 -19"><span class='ocrx_word' id='word_1_304' title='bbox 781 2394 958 2445; x_wconf 84' lang='lat' dir='ltr'><strong>divina</strong></span> <span class='ocrx_word' id='word_1_305' title='bbox 993 2404 1187 2462; x_wconf 70' lang='lat' dir='ltr'><strong>prtesto</strong></span> <span class='ocrx_word' id='word_1_306' title='bbox 1214 2393 1481 2463; x_wconf 70' lang='lat' dir='ltr'><strong>sulejungit</strong></span> <span class='ocrx_word' id='word_1_307' title='bbox 1514 2413 1528 2445; x_wconf 90' lang='lat'>:</span> <span class='ocrx_word' id='word_1_308' title='bbox 1567 2412 1584 2444; x_wconf 81' lang='grc' dir='ltr'><strong>ι</strong></span> <span class='ocrx_word' id='word_1_309' title='bbox 1620 2393 1751 2459; x_wconf 84' lang='lat' dir='ltr'><strong>Quia</strong></span> <span class='ocrx_word' id='word_1_310' title='bbox 1793 2396 1943 2463; x_wconf 77' lang='lat' dir='ltr'><strong>juxta</strong></span> <span class='ocrx_word' id='word_1_311' title='bbox 1990 2410 2110 2457; x_wconf 87' lang='lat' dir='ltr'><strong>me,</strong></span> <span class='ocrx_word' id='word_1_312' title='bbox 2139 2396 2215 2448; x_wconf 91' lang='lat' dir='ltr'><strong>ait</strong></span> <span class='ocrx_word' id='word_1_313' title='bbox 2244 2435 2259 2458; x_wconf 90' lang='lat'><strong>,</strong></span> <span class='ocrx_word' id='word_1_314' title='bbox 2290 2402 2341 2447; x_wconf 91' lang='lat' dir='ltr'><strong>te</strong></span> <span class='ocrx_word' id='word_1_315' title='bbox 2442 2397 2585 2450; x_wconf 80' lang='lat' dir='ltr'><strong>sedis</strong></span> <span class='ocrx_word' id='word_1_316' title='bbox 2610 2392 2811 2458; x_wconf 73' lang='lat' dir='ltr'><strong>aeditui,</strong></span> <span class='ocrx_word' id='word_1_317' title='bbox 2846 2396 2936 2464; x_wconf 90' lang='lat' dir='ltr'><strong>qui</strong></span> <span class='ocrx_word' id='word_1_318' title='bbox 2968 2395 3236 2463; x_wconf 82' lang='lat' dir='ltr'><strong>spiritales</strong></span> <span class='ocrx_word' id='word_1_319' title='bbox 3257 2405 3383 2448; x_wconf 88' lang='lat' dir='ltr'><strong>sunt</strong></span> <span class='ocrx_word' id='word_1_320' title='bbox 3416 2396 3740 2449; x_wconf 83' lang='lat' dir='ltr'><strong>universalis</strong></span> <span class='ocrx_word' id='word_1_321' title='bbox 3768 2396 4045 2453; x_wconf 61' lang='lat' dir='ltr'><strong>Ecclesia</strong></span> 
     </span>
    </p>
   </div>
   <div class='ocr_carea' id='block_1_25' title="bbox 782 2476 4043 2556">
    <p class='ocr_par' dir='ltr' id='par_1_25' title="bbox 782 2476 4043 2556">
     <span class='ocr_line' id='line_1_25' title="bbox 782 2476 4043 2556; baseline 0.003 -23"><span class='ocrx_word' id='word_1_322' title='bbox 782 2482 1186 2548; x_wconf 83' lang='lat' dir='ltr'><strong>discoopcruisti</strong></span> <span class='ocrx_word' id='word_1_323' title='bbox 1211 2522 1225 2543; x_wconf 92' lang='lat'><strong>,</strong></span> <span class='ocrx_word' id='word_1_324' title='bbox 1259 2490 1316 2532; x_wconf 89' lang='lat' dir='ltr'><strong>et</strong></span> <span class='ocrx_word' id='word_1_325' title='bbox 1350 2476 1627 2549; x_wconf 66' lang='lat' dir='ltr'><strong>suscepisti</strong></span> <span class='ocrx_word' id='word_1_326' title='bbox 1673 2482 1968 2534; x_wconf 87' lang='lat' dir='ltr'><strong>adulterum</strong></span> <span class='ocrx_word' id='word_1_327' title='bbox 2006 2480 2214 2549; x_wconf 69' lang='lat' dir='ltr'><strong>(Ibid.).</strong></span> <span class='ocrx_word' id='word_1_328' title='bbox 2247 2500 2263 2530; x_wconf 77' lang='grc' dir='ltr'><strong>ι</strong></span> <span class='ocrx_word' id='word_1_329' title='bbox 2299 2479 2345 2535; x_wconf 90' lang='grc' dir='ltr'><strong>Ο</strong></span> <span class='ocrx_word' id='word_1_330' title='bbox 2445 2496 2740 2548; x_wconf 86' lang='lat' dir='ltr'><strong>senatores,</strong></span> <span class='ocrx_word' id='word_1_331' title='bbox 2770 2486 2893 2539; x_wconf 88' lang='lat' dir='ltr'><strong>huic</strong></span> <span class='ocrx_word' id='word_1_332' title='bbox 2920 2486 3018 2539; x_wconf 79' lang='lat' dir='ltr'><strong>soli</strong></span> <span class='ocrx_word' id='word_1_333' title='bbox 3055 2486 3232 2540; x_wconf 89' lang='lat' dir='ltr'><strong>studio</strong></span> <span class='ocrx_word' id='word_1_334' title='bbox 3258 2487 3455 2540; x_wconf 86' lang='lat' dir='ltr'><strong>debent</strong></span> <span class='ocrx_word' id='word_1_335' title='bbox 3481 2486 3715 2541; x_wconf 87' lang='lat' dir='ltr'><strong>solerter</strong></span> <span class='ocrx_word' id='word_1_336' title='bbox 3750 2488 4043 2556; x_wconf 83' lang='lat' dir='ltr'><strong>insistere,</strong></span> 
     </span>
    </p>
   </div>
   <div class='ocr_carea' id='block_1_26' title="bbox 782 2572 4047 2644">
    <p class='ocr_par' dir='ltr' id='par_1_26' title="bbox 782 2572 4047 2644">
     <span class='ocr_line' id='line_1_26' title="bbox 782 2572 4047 2644; baseline 0.002 -21"><span class='ocrx_word' id='word_1_337' title='bbox 782 2585 939 2639; x_wconf 86' lang='lat' dir='ltr'><strong>quam</strong></span> <span class='ocrx_word' id='word_1_338' title='bbox 959 2572 1136 2624; x_wconf 85' lang='lat' dir='ltr'><strong>acerbi</strong></span> <span class='ocrx_word' id='word_1_339' title='bbox 1162 2572 1361 2623; x_wconf 85' lang='lat' dir='ltr'><strong>doloris</strong></span> <span class='ocrx_word' id='word_1_340' title='bbox 1386 2582 1487 2633; x_wconf 87' lang='lat' dir='ltr'><strong>est,</strong></span> <span class='ocrx_word' id='word_1_341' title='bbox 1512 2573 1578 2634; x_wconf 88' lang='lat' dir='ltr'><strong>si,</strong></span> <span class='ocrx_word' id='word_1_342' title='bbox 1602 2573 1959 2625; x_wconf 75' lang='lat' dir='ltr'><strong>commaritus</strong></span> <span class='ocrx_word' id='word_1_343' title='bbox 1983 2580 2061 2624; x_wconf 89' lang='lat' dir='ltr'><strong>est</strong></span> <span class='ocrx_word' id='word_1_344' title='bbox 2090 2585 2343 2638; x_wconf 67' lang='lat' dir='ltr'><strong>prasens,</strong></span> <span class='ocrx_word' id='word_1_345' title='bbox 2445 2588 2503 2628; x_wconf 93' lang='lat' dir='ltr'><strong>ut</strong></span> <span class='ocrx_word' id='word_1_346' title='bbox 2541 2576 2831 2629; x_wconf 86' lang='lat' dir='ltr'><strong>humanum</strong></span> <span class='ocrx_word' id='word_1_347' title='bbox 2861 2589 3029 2644; x_wconf 85' lang='lat' dir='ltr'><strong>genus</strong></span> <span class='ocrx_word' id='word_1_348' title='bbox 3060 2573 3176 2628; x_wconf 83' lang='lat' dir='ltr'><strong>veri</strong></span> <span class='ocrx_word' id='word_1_349' title='bbox 3214 2575 3557 2642; x_wconf 84' lang='lat' dir='ltr'><strong>imperatoris</strong></span> <span class='ocrx_word' id='word_1_350' title='bbox 3583 2574 3784 2628; x_wconf 82' lang='lat' dir='ltr'><strong>Christi</strong></span> <span class='ocrx_word' id='word_1_351' title='bbox 3810 2576 4047 2632; x_wconf 74' lang='lat' dir='ltr'><strong>valeant</strong></span> 
     </span>
    </p>
   </div>
   <div class='ocr_carea' id='block_1_27' title="bbox 784 2652 4046 2734">
    <p class='ocr_par' dir='ltr' id='par_1_27' title="bbox 784 2652 4046 2734">
     <span class='ocr_line' id='line_1_27' title="bbox 784 2652 4046 2734; baseline 0.001 -19"><span class='ocrx_word' id='word_1_352' title='bbox 784 2662 1303 2717; x_wconf 71' lang='lat' dir='ltr'><strong>tunciutrodneatur</strong></span> <span class='ocrx_word' id='word_1_353' title='bbox 1323 2663 1551 2725; x_wconf 85' lang='lat' dir='ltr'><strong>adulter;</strong></span> <span class='ocrx_word' id='word_1_354' title='bbox 1576 2674 1628 2715; x_wconf 85' lang='lat' dir='ltr'><strong>et</strong></span> <span class='ocrx_word' id='word_1_355' title='bbox 1653 2663 1703 2715; x_wconf 90' lang='lat' dir='ltr'><strong>in</strong></span> <span class='ocrx_word' id='word_1_356' title='bbox 1730 2663 1964 2715; x_wconf 86' lang='lat' dir='ltr'><strong>thalamo</strong></span> <span class='ocrx_word' id='word_1_357' title='bbox 1991 2677 2097 2730; x_wconf 84' lang='lat' dir='ltr'><strong>quo</strong></span> <span class='ocrx_word' id='word_1_358' title='bbox 2127 2662 2347 2715; x_wconf 89' lang='lat' dir='ltr'><strong>recubat</strong></span> <span class='ocrx_word' id='word_1_359' title='bbox 2446 2665 2651 2734; x_wconf 78' lang='lat' dir='ltr'><strong>legibus</strong></span> <span class='ocrx_word' id='word_1_360' title='bbox 2692 2652 3001 2733; x_wconf 84' lang='lat' dir='ltr'><strong>subjugare.</strong></span> <span class='ocrx_word' id='word_1_361' title='bbox 3042 2664 3107 2717; x_wconf 85' lang='lat' dir='ltr'><strong>Et</strong></span> <span class='ocrx_word' id='word_1_362' title='bbox 3134 2664 3270 2717; x_wconf 83' lang='lat' dir='ltr'><strong>sicut</strong></span> <span class='ocrx_word' id='word_1_363' title='bbox 3324 2674 3450 2717; x_wconf 89' lang='lat' dir='ltr'><strong>tunc</strong></span> <span class='ocrx_word' id='word_1_364' title='bbox 3496 2662 3867 2717; x_wconf 79' lang='lat' dir='ltr'><strong>Romanorum</strong></span> <span class='ocrx_word' id='word_1_365' title='bbox 3902 2679 4046 2719; x_wconf 78' lang='lat' dir='ltr'><strong>con-</strong></span> 
     </span>
    </p>
   </div>
   <div class='ocr_carea' id='block_1_28' title="bbox 784 2750 4041 2820">
    <p class='ocr_par' dir='ltr' id='par_1_28' title="bbox 784 2750 4041 2820">
     <span class='ocr_line' id='line_1_28' title="bbox 784 2750 4041 2820; baseline -0.001 -14"><span class='ocrx_word' id='word_1_366' title='bbox 784 2768 1031 2820; x_wconf 80' lang='lat' dir='ltr'><strong>SpOnsus,</strong></span> <span class='ocrx_word' id='word_1_367' title='bbox 1067 2752 1248 2807; x_wconf 80' lang='lat' dir='ltr'><strong>rivalis</strong></span> <span class='ocrx_word' id='word_1_368' title='bbox 1273 2753 1589 2804; x_wconf 81' lang='lat' dir='ltr'><strong>admittatur</strong></span> <span class='ocrx_word' id='word_1_369' title='bbox 1629 2752 1889 2804; x_wconf 77' lang='lat' dir='ltr'><strong>incestus!</strong></span> <span class='ocrx_word' id='word_1_370' title='bbox 1924 2750 2076 2805; x_wconf 82' lang='lat' dir='ltr'><strong>Unde</strong></span> <span class='ocrx_word' id='word_1_371' title='bbox 2104 2750 2351 2816; x_wconf 84' lang='lat' dir='ltr'><strong>protinus</strong></span> <span class='ocrx_word' id='word_1_372' title='bbox 2447 2754 2589 2807; x_wconf 76' lang='lat' dir='ltr'><strong>sules</strong></span> <span class='ocrx_word' id='word_1_373' title='bbox 2637 2768 2699 2806; x_wconf 74' lang='lat' dir='ltr'><strong>ex</strong></span> <span class='ocrx_word' id='word_1_374' title='bbox 2758 2752 2988 2807; x_wconf 74' lang='lat' dir='ltr'><strong>diversis</strong></span> <span class='ocrx_word' id='word_1_375' title='bbox 3045 2751 3229 2806; x_wconf 85' lang='lat' dir='ltr'><strong>mundi</strong></span> <span class='ocrx_word' id='word_1_376' title='bbox 3298 2752 3543 2820; x_wconf 85' lang='lat' dir='ltr'><strong>partibus</strong></span> <span class='ocrx_word' id='word_1_377' title='bbox 3610 2752 3973 2820; x_wconf 77' lang='lat' dir='ltr'><strong>reportabant</strong></span> <span class='ocrx_word' id='word_1_378' title='bbox 4018 2790 4041 2820; x_wconf 81' lang='lat'><strong>,</strong></span> 
     </span>
    </p>
   </div>
   <div class='ocr_carea' id='block_1_29' title="bbox 781 2840 4047 2913">
    <p class='ocr_par' dir='ltr' id='par_1_29' title="bbox 781 2840 4047 2913">
     <span class='ocr_line' id='line_1_29' title="bbox 781 2840 4047 2913; baseline 0.001 -20"><span class='ocrx_word' id='word_1_379' title='bbox 781 2842 1037 2893; x_wconf 83' lang='lat' dir='ltr'><strong>aiditur:</strong></span> <span class='ocrx_word' id='word_1_380' title='bbox 1077 2859 1094 2890; x_wconf 90' lang='grc'><em>‹</em></span> <span class='ocrx_word' id='word_1_381' title='bbox 1137 2840 1375 2894; x_wconf 74' lang='lat' dir='ltr'><strong>Dilatasti</strong></span> <span class='ocrx_word' id='word_1_382' title='bbox 1406 2840 1579 2913; x_wconf 87' lang='lat' dir='ltr'><strong>cubile</strong></span> <span class='ocrx_word' id='word_1_383' title='bbox 1621 2848 1767 2892; x_wconf 87' lang='lat' dir='ltr'><strong>tnmn</strong></span> <span class='ocrx_word' id='word_1_384' title='bbox 1796 2879 1812 2902; x_wconf 92' lang='lat'><strong>,</strong></span> <span class='ocrx_word' id='word_1_385' title='bbox 1841 2848 1894 2892; x_wconf 92' lang='lat' dir='ltr'><strong>et</strong></span> <span class='ocrx_word' id='word_1_386' title='bbox 1935 2840 2178 2909; x_wconf 77' lang='lat' dir='ltr'><strong>pepigisti</strong></span> <span class='ocrx_word' id='word_1_387' title='bbox 2223 2854 2343 2891; x_wconf 90' lang='lat' dir='ltr'><strong>cum</strong></span> <span class='ocrx_word' id='word_1_388' title='bbox 2447 2850 2665 2911; x_wconf 83' lang='lat' dir='ltr'><strong>peracta</strong></span> <span class='ocrx_word' id='word_1_389' title='bbox 2719 2842 2954 2896; x_wconf 89' lang='lat' dir='ltr'><strong>hostium</strong></span> <span class='ocrx_word' id='word_1_390' title='bbox 3019 2841 3164 2895; x_wconf 68' lang='lat' dir='ltr'><strong>caede</strong></span> <span class='ocrx_word' id='word_1_391' title='bbox 3192 2880 3207 2903; x_wconf 88' lang='lat'><strong>,</strong></span> <span class='ocrx_word' id='word_1_392' title='bbox 3258 2842 3546 2904; x_wconf 82' lang='lat' dir='ltr'><strong>victorias;</strong></span> <span class='ocrx_word' id='word_1_393' title='bbox 3605 2841 3687 2896; x_wconf 89' lang='lat' dir='ltr'><strong>sic</strong></span> <span class='ocrx_word' id='word_1_394' title='bbox 3739 2841 3827 2894; x_wconf 88' lang='lat' dir='ltr'><strong>isti</strong></span> <span class='ocrx_word' id='word_1_395' title='bbox 3888 2857 4047 2897; x_wconf 81' lang='lat' dir='ltr'><strong>nunc</strong></span> 
     </span>
    </p>
   </div>
   <div class='ocr_carea' id='block_1_30' title="bbox 782 2928 4044 2996">
    <p class='ocr_par' dir='ltr' id='par_1_30' title="bbox 782 2928 4044 2996">
     <span class='ocr_line' id='line_1_30' title="bbox 782 2928 4044 2996; baseline -0 -11"><span class='ocrx_word' id='word_1_396' title='bbox 782 2931 859 2985; x_wconf 84' lang='lat' dir='ltr'><strong>eis</strong></span> <span class='ocrx_word' id='word_1_397' title='bbox 888 2970 903 2992; x_wconf 91' lang='lat'><strong>,</strong></span> <span class='ocrx_word' id='word_1_398' title='bbox 933 2930 1162 2983; x_wconf 75' lang='lat' dir='ltr'><strong>dilexisti</strong></span> <span class='ocrx_word' id='word_1_399' title='bbox 1201 2928 1428 2982; x_wconf 79' lang='lat' dir='ltr'><strong>stratum</strong></span> <span class='ocrx_word' id='word_1_400' title='bbox 1467 2944 1650 2982; x_wconf 89' lang='lat' dir='ltr'><strong>eorum</strong></span> <span class='ocrx_word' id='word_1_401' title='bbox 1703 2930 1754 2982; x_wconf 92' lang='lat' dir='ltr'><strong>in</strong></span> <span class='ocrx_word' id='word_1_402' title='bbox 1800 2945 1958 2983; x_wconf 86' lang='lat' dir='ltr'><strong>manu</strong></span> <span class='ocrx_word' id='word_1_403' title='bbox 1993 2938 2255 2996; x_wconf 40' lang='lat' dir='ltr'><strong>aperta...</strong></span> <span class='ocrx_word' id='word_1_404' title='bbox 2283 2928 2348 2981; x_wconf 79' lang='lat' dir='ltr'><strong>Et</strong></span> <span class='ocrx_word' id='word_1_405' title='bbox 2450 2932 2660 2984; x_wconf 87' lang='lat' dir='ltr'><strong>animas</strong></span> <span class='ocrx_word' id='word_1_406' title='bbox 2691 2930 2967 2983; x_wconf 84' lang='lat' dir='ltr'><strong>hominum</strong></span> <span class='ocrx_word' id='word_1_407' title='bbox 3010 2929 3078 2982; x_wconf 87' lang='lat' dir='ltr'><strong>de</strong></span> <span class='ocrx_word' id='word_1_408' title='bbox 3118 2944 3278 2982; x_wconf 89' lang='lat' dir='ltr'><strong>manu</strong></span> <span class='ocrx_word' id='word_1_409' title='bbox 3319 2929 3515 2983; x_wconf 87' lang='lat' dir='ltr'><strong>diaboli</strong></span> <span class='ocrx_word' id='word_1_410' title='bbox 3564 2929 3765 2983; x_wconf 85' lang='lat' dir='ltr'><strong>debent</strong></span> <span class='ocrx_word' id='word_1_411' title='bbox 3794 2930 4044 2985; x_wconf 80' lang='lat' dir='ltr'><strong>liberare</strong></span> 
     </span>
    </p>
   </div>
   <div class='ocr_carea' id='block_1_31' title="bbox 783 3018 4057 3088">
    <p class='ocr_par' dir='ltr' id='par_1_31' title="bbox 783 3018 4057 3088">
     <span class='ocr_line' id='line_1_31' title="bbox 783 3018 4057 3088; baseline 0.001 -17"><span class='ocrx_word' id='word_1_412' title='bbox 783 3034 850 3071; x_wconf 89' lang='lat' dir='ltr'><strong>ne</strong></span> <span class='ocrx_word' id='word_1_413' title='bbox 880 3020 943 3071; x_wconf 89' lang='lat' dir='ltr'><strong>de</strong></span> <span class='ocrx_word' id='word_1_414' title='bbox 970 3031 1163 3072; x_wconf 86' lang='lat' dir='ltr'><strong>ornatu</strong></span> <span class='ocrx_word' id='word_1_415' title='bbox 1213 3018 1290 3069; x_wconf 81' lang='lat' dir='ltr'><strong>vel</strong></span> <span class='ocrx_word' id='word_1_416' title='bbox 1316 3018 1518 3070; x_wconf 85' lang='lat' dir='ltr'><strong>deliciis</strong></span> <span class='ocrx_word' id='word_1_417' title='bbox 1549 3028 1744 3080; x_wconf 76' lang='lat' dir='ltr'><strong>taceat,</strong></span> <span class='ocrx_word' id='word_1_418' title='bbox 1774 3018 1915 3070; x_wconf 87' lang='lat' dir='ltr'><strong>illico</strong></span> <span class='ocrx_word' id='word_1_419' title='bbox 1939 3019 2155 3083; x_wconf 76' lang='lat' dir='ltr'><strong>subjiuit</strong></span> <span class='ocrx_word' id='word_1_420' title='bbox 2189 3036 2200 3069; x_wconf 89' lang='lat'><strong>:</strong></span> <span class='ocrx_word' id='word_1_421' title='bbox 2238 3037 2255 3067; x_wconf 78' lang='grc' dir='ltr'><strong>ι</strong></span> <span class='ocrx_word' id='word_1_422' title='bbox 2287 3019 2351 3071; x_wconf 82' lang='grc' dir='ltr'><strong>Εῑ</strong></span> <span class='ocrx_word' id='word_1_423' title='bbox 2452 3021 2709 3088; x_wconf 82' lang='lat' dir='ltr'><strong>captivas.</strong></span> <span class='ocrx_word' id='word_1_424' title='bbox 2750 3018 2829 3072; x_wconf 84' lang='lat' dir='ltr'><strong>Ad</strong></span> <span class='ocrx_word' id='word_1_425' title='bbox 2861 3018 2959 3072; x_wconf 90' lang='lat' dir='ltr'><strong>hos</strong></span> <span class='ocrx_word' id='word_1_426' title='bbox 2987 3018 3183 3087; x_wconf 88' lang='lat' dir='ltr'><strong>quippe</strong></span> <span class='ocrx_word' id='word_1_427' title='bbox 3212 3018 3562 3072; x_wconf 80' lang='lat' dir='ltr'><strong>victoriarum</strong></span> <span class='ocrx_word' id='word_1_428' title='bbox 3594 3018 3802 3082; x_wconf 85' lang='lat' dir='ltr'><strong>titulos,</strong></span> <span class='ocrx_word' id='word_1_429' title='bbox 3832 3020 3901 3073; x_wconf 90' lang='lat' dir='ltr'><strong>ad</strong></span> <span class='ocrx_word' id='word_1_430' title='bbox 3937 3020 4057 3075; x_wconf 74' lang='lat' dir='ltr'><strong>hos</strong></span> 
     </span>
    </p>
   </div>
   <div class='ocr_carea' id='block_1_32' title="bbox 784 3106 4050 3176">
    <p class='ocr_par' dir='ltr' id='par_1_32' title="bbox 784 3106 4050 3176">
     <span class='ocr_line' id='line_1_32' title="bbox 784 3106 4050 3176; baseline 0 -15"><span class='ocrx_word' id='word_1_431' title='bbox 784 3109 987 3165; x_wconf 86' lang='lat' dir='ltr'><strong>ornasti</strong></span> <span class='ocrx_word' id='word_1_432' title='bbox 1018 3119 1069 3161; x_wconf 87' lang='lat' dir='ltr'><strong>te</strong></span> <span class='ocrx_word' id='word_1_433' title='bbox 1099 3107 1245 3176; x_wconf 79' lang='lat' dir='ltr'><strong>regio</strong></span> <span class='ocrx_word' id='word_1_434' title='bbox 1277 3116 1580 3175; x_wconf 81' lang='lat' dir='ltr'><strong>unguento,</strong></span> <span class='ocrx_word' id='word_1_435' title='bbox 1609 3115 1662 3159; x_wconf 91' lang='lat' dir='ltr'><strong>et</strong></span> <span class='ocrx_word' id='word_1_436' title='bbox 1692 3107 2346 3175; x_wconf 66' lang='lat' dir='ltr'><strong>multiplicastipigmenta</strong></span> <span class='ocrx_word' id='word_1_437' title='bbox 2382 3165 2419 3176; x_wconf 49' lang='grc' dir='ltr'><strong>Α</strong></span> <span class='ocrx_word' id='word_1_438' title='bbox 2454 3107 2650 3161; x_wconf 84' lang='lat' dir='ltr'><strong>debent</strong></span> <span class='ocrx_word' id='word_1_439' title='bbox 2705 3122 2917 3175; x_wconf 85' lang='lat' dir='ltr'><strong>semper</strong></span> <span class='ocrx_word' id='word_1_440' title='bbox 2990 3106 3199 3161; x_wconf 84' lang='lat' dir='ltr'><strong>inhiare</strong></span> <span class='ocrx_word' id='word_1_441' title='bbox 3259 3106 3594 3176; x_wconf 85' lang='lat' dir='ltr'><strong>triumphos;</strong></span> <span class='ocrx_word' id='word_1_442' title='bbox 3656 3106 3912 3161; x_wconf 76' lang='lat' dir='ltr'><strong>videlicet</strong></span> <span class='ocrx_word' id='word_1_443' title='bbox 3982 3115 4050 3162; x_wconf 82' lang='lat' dir='ltr'><strong>ut</strong></span> 
     </span>
    </p>
   </div>
   <div class='ocr_carea' id='block_1_33' title="bbox 787 3165 4060 3267">
    <p class='ocr_par' dir='ltr' id='par_1_33' title="bbox 787 3165 4060 3267">
     <span class='ocr_line' id='line_1_33' title="bbox 787 3165 4060 3267; baseline 0 -15"><span class='ocrx_word' id='word_1_444' title='bbox 787 3206 875 3252; x_wconf 88' lang='lat' dir='ltr'><strong>tua</strong></span> <span class='ocrx_word' id='word_1_445' title='bbox 924 3197 1127 3266; x_wconf 59' lang='lat' dir='ltr'><strong>(Ibid).</strong></span> <span class='ocrx_word' id='word_1_446' title='bbox 1166 3217 1184 3249; x_wconf 72' lang='grc' dir='ltr'><strong>ι</strong></span> <span class='ocrx_word' id='word_1_447' title='bbox 1220 3198 1507 3265; x_wconf 83' lang='lat' dir='ltr'><strong>Postquam</strong></span> <span class='ocrx_word' id='word_1_448' title='bbox 1554 3213 1678 3251; x_wconf 81' lang='lat' dir='ltr'><strong>vero</strong></span> <span class='ocrx_word' id='word_1_449' title='bbox 1722 3197 2346 3266; x_wconf 80' lang='lat' dir='ltr'><strong>confuditarrogantiam</strong></span> <span class='ocrx_word' id='word_1_450' title='bbox 2376 3165 2423 3225; x_wconf 67' lang='grc' dir='ltr'>θ</span> <span class='ocrx_word' id='word_1_451' title='bbox 2451 3197 2672 3263; x_wconf 85' lang='lat' dir='ltr'><strong>antiquo</strong></span> <span class='ocrx_word' id='word_1_452' title='bbox 2723 3198 2959 3265; x_wconf 70' lang='lat' dir='ltr'><strong>praedoni</strong></span> <span class='ocrx_word' id='word_1_453' title='bbox 3013 3198 3314 3250; x_wconf 88' lang='lat' dir='ltr'><strong>animarum</strong></span> <span class='ocrx_word' id='word_1_454' title='bbox 3355 3198 3693 3267; x_wconf 87' lang='lat' dir='ltr'><strong>pereuntium</strong></span> <span class='ocrx_word' id='word_1_455' title='bbox 3745 3200 4060 3255; x_wconf 68' lang='lat' dir='ltr'><strong>manubias</strong></span> 
     </span>
    </p>
   </div>
   <div class='ocr_carea' id='block_1_34' title="bbox 785 3284 4051 3355">
    <p class='ocr_par' dir='ltr' id='par_1_34' title="bbox 785 3284 4051 3355">
     <span class='ocr_line' id='line_1_34' title="bbox 785 3284 4051 3355; baseline -0 -15"><span class='ocrx_word' id='word_1_456' title='bbox 785 3287 1134 3354; x_wconf 78' lang='lat' dir='ltr'><strong>superborum</strong></span> <span class='ocrx_word' id='word_1_457' title='bbox 1176 3295 1229 3339; x_wconf 88' lang='lat' dir='ltr'><strong>et</strong></span> <span class='ocrx_word' id='word_1_458' title='bbox 1280 3286 1554 3339; x_wconf 76' lang='lat' dir='ltr'><strong>luxuriose</strong></span> <span class='ocrx_word' id='word_1_459' title='bbox 1585 3286 1873 3339; x_wconf 82' lang='lat' dir='ltr'><strong>virentium</strong></span> <span class='ocrx_word' id='word_1_460' title='bbox 1898 3325 1913 3349; x_wconf 91' lang='lat'><strong>,</strong></span> <span class='ocrx_word' id='word_1_461' title='bbox 1949 3300 2068 3337; x_wconf 81' lang='lat' dir='ltr'><strong>mox</strong></span> <span class='ocrx_word' id='word_1_462' title='bbox 2100 3286 2344 3354; x_wconf 63' lang='lat' dir='ltr'><strong>spixitum</strong></span> <span class='ocrx_word' id='word_1_463' title='bbox 2447 3299 2659 3354; x_wconf 86' lang='lat' dir='ltr'><strong>rapere,</strong></span> <span class='ocrx_word' id='word_1_464' title='bbox 2689 3296 2742 3340; x_wconf 90' lang='lat' dir='ltr'><strong>et</strong></span> <span class='ocrx_word' id='word_1_465' title='bbox 2773 3286 2881 3355; x_wconf 81' lang='lat' dir='ltr'><strong>regi</strong></span> <span class='ocrx_word' id='word_1_466' title='bbox 2916 3300 3013 3338; x_wconf 89' lang='lat' dir='ltr'><strong>suo</strong></span> <span class='ocrx_word' id='word_1_467' title='bbox 3038 3284 3253 3339; x_wconf 86' lang='lat' dir='ltr'><strong>Christo</strong></span> <span class='ocrx_word' id='word_1_468' title='bbox 3287 3286 3437 3354; x_wconf 87' lang='lat' dir='ltr'><strong>signa</strong></span> <span class='ocrx_word' id='word_1_469' title='bbox 3467 3286 3740 3354; x_wconf 84' lang='lat' dir='ltr'><strong>gaudeant</strong></span> <span class='ocrx_word' id='word_1_470' title='bbox 3783 3286 4051 3342; x_wconf 68' lang='lat' dir='ltr'><strong>victricia</strong></span> 
     </span>
    </p>
   </div>
   <div class='ocr_carea' id='block_1_35' title="bbox 784 3372 4052 3445">
    <p class='ocr_par' dir='ltr' id='par_1_35' title="bbox 784 3372 4052 3445">
     <span class='ocr_line' id='line_1_35' title="bbox 784 3372 4052 3445; baseline 0.002 -19"><span class='ocrx_word' id='word_1_471' title='bbox 784 3372 1090 3426; x_wconf 75' lang='lat' dir='ltr'><strong>consolatur</strong></span> <span class='ocrx_word' id='word_1_472' title='bbox 1137 3372 1415 3426; x_wconf 89' lang='lat' dir='ltr'><strong>humilium</strong></span> <span class='ocrx_word' id='word_1_473' title='bbox 1491 3383 1545 3426; x_wconf 90' lang='lat' dir='ltr'><strong>et</strong></span> <span class='ocrx_word' id='word_1_474' title='bbox 1598 3374 1885 3427; x_wconf 86' lang='lat' dir='ltr'><strong>salubriter</strong></span> <span class='ocrx_word' id='word_1_475' title='bbox 1961 3372 2275 3438; x_wconf 61' lang='lat' dir='ltr'><strong>alﬂictonum</strong></span> <span class='ocrx_word' id='word_1_476' title='bbox 2328 3391 2343 3427; x_wconf 92' lang='lat'><strong>:</strong></span> <span class='ocrx_word' id='word_1_477' title='bbox 2450 3386 2746 3445; x_wconf 70' lang='lat' dir='ltr'><strong>report-ire.</strong></span> <span class='ocrx_word' id='word_1_478' title='bbox 2796 3376 2946 3430; x_wconf 88' lang='lat' dir='ltr'><strong>Ilunc</strong></span> <span class='ocrx_word' id='word_1_479' title='bbox 2977 3390 3137 3441; x_wconf 89' lang='lat' dir='ltr'><strong>porro</strong></span> <span class='ocrx_word' id='word_1_480' title='bbox 3179 3374 3489 3429; x_wconf 83' lang='lat' dir='ltr'><strong>conﬂictum</strong></span> <span class='ocrx_word' id='word_1_481' title='bbox 3542 3375 3707 3428; x_wconf 86' lang='lat' dir='ltr'><strong>David</strong></span> <span class='ocrx_word' id='word_1_482' title='bbox 3755 3376 4052 3445; x_wconf 78' lang='lat' dir='ltr'><strong>signavit,</strong></span> 
     </span>
    </p>
   </div>
   <div class='ocr_carea' id='block_1_36' title="bbox 789 3459 4054 3529">
    <p class='ocr_par' dir='ltr' id='par_1_36' title="bbox 789 3459 4054 3529">
     <span class='ocr_line' id='line_1_36' title="bbox 789 3459 4054 3529; baseline 0.002 -18"><span class='ocrx_word' id='word_1_483' title='bbox 789 3479 807 3511; x_wconf 80' lang='grc' dir='ltr'><strong>ι</strong></span> <span class='ocrx_word' id='word_1_484' title='bbox 844 3460 1064 3513; x_wconf 83' lang='lat' dir='ltr'><strong>Auferte</strong></span> <span class='ocrx_word' id='word_1_485' title='bbox 1087 3500 1102 3525; x_wconf 92' lang='lat'><strong>,</strong></span> <span class='ocrx_word' id='word_1_486' title='bbox 1136 3460 1330 3527; x_wconf 87' lang='lat' dir='ltr'><strong>inquit,</strong></span> <span class='ocrx_word' id='word_1_487' title='bbox 1358 3459 1673 3514; x_wconf 79' lang='lat' dir='ltr'><strong>oll&#39;endicula</strong></span> <span class='ocrx_word' id='word_1_488' title='bbox 1706 3462 1881 3529; x_wconf 86' lang='lat' dir='ltr'><strong>populi</strong></span> <span class='ocrx_word' id='word_1_489' title='bbox 1911 3462 2014 3514; x_wconf 86' lang='lat' dir='ltr'><strong>mei</strong></span> <span class='ocrx_word' id='word_1_490' title='bbox 2041 3464 2207 3529; x_wconf 88' lang='lat' dir='ltr'><strong>,.quia</strong></span> <span class='ocrx_word' id='word_1_491' title='bbox 2236 3463 2350 3518; x_wconf 66' lang='lat' dir='ltr'><strong>haec</strong></span> <span class='ocrx_word' id='word_1_492' title='bbox 2450 3480 2573 3519; x_wconf 87' lang='lat' dir='ltr'><strong>cum</strong></span> <span class='ocrx_word' id='word_1_493' title='bbox 2630 3461 2877 3517; x_wconf 71' lang='lat' dir='ltr'><strong>fiabbath</strong></span> <span class='ocrx_word' id='word_1_494' title='bbox 2923 3466 3195 3516; x_wconf 85' lang='lat' dir='ltr'><strong>civitatem</strong></span> <span class='ocrx_word' id='word_1_495' title='bbox 3250 3465 3424 3518; x_wconf 81' lang='lat' dir='ltr'><strong>victor</strong></span> <span class='ocrx_word' id='word_1_496' title='bbox 3473 3460 3751 3517; x_wconf 29' lang='lat' dir='ltr'><strong>ohlinnil.‘</strong></span> <span class='ocrx_word' id='word_1_497' title='bbox 3783 3464 4054 3523; x_wconf 75' lang='lat' dir='ltr'><strong>Rabhath</strong></span> 
     </span>
    </p>
   </div>
   <div class='ocr_carea' id='block_1_37' title="bbox 785 3550 4054 3626">
    <p class='ocr_par' dir='ltr' id='par_1_37' title="bbox 785 3550 4054 3626">
     <span class='ocr_line' id='line_1_37' title="bbox 785 3550 4054 3626; baseline 0.002 -23"><span class='ocrx_word' id='word_1_498' title='bbox 785 3550 1192 3604; x_wconf 88' lang='lat' dir='ltr'><strong>dicitDominus</strong></span> <span class='ocrx_word' id='word_1_499' title='bbox 1216 3550 1458 3605; x_wconf 77' lang='lat' dir='ltr'><strong>excelsus</strong></span> <span class='ocrx_word' id='word_1_500' title='bbox 1487 3560 1540 3604; x_wconf 90' lang='lat' dir='ltr'><strong>et</strong></span> <span class='ocrx_word' id='word_1_501' title='bbox 1592 3551 1870 3614; x_wconf 81' lang='lat' dir='ltr'><strong>sublimis,</strong></span> <span class='ocrx_word' id='word_1_502' title='bbox 1914 3554 2161 3606; x_wconf 83' lang='lat' dir='ltr'><strong>habitans</strong></span> <span class='ocrx_word' id='word_1_503' title='bbox 2188 3563 2361 3609; x_wconf 70' lang='lat' dir='ltr'><strong>:uter-</strong></span> <span class='ocrx_word' id='word_1_504' title='bbox 2448 3556 2648 3625; x_wconf 86' lang='lat' dir='ltr'><strong>quippe</strong></span> <span class='ocrx_word' id='word_1_505' title='bbox 2708 3555 2985 3607; x_wconf 82' lang='lat' dir='ltr'><strong>multitudo</strong></span> <span class='ocrx_word' id='word_1_506' title='bbox 3026 3555 3108 3608; x_wconf 89' lang='lat' dir='ltr'><strong>vel</strong></span> <span class='ocrx_word' id='word_1_507' title='bbox 3140 3556 3358 3624; x_wconf 76' lang='lat' dir='ltr'><strong>grandis</strong></span> <span class='ocrx_word' id='word_1_508' title='bbox 3396 3555 3785 3625; x_wconf 88' lang='lat' dir='ltr'><strong>interpretatur</strong></span> <span class='ocrx_word' id='word_1_509' title='bbox 3811 3595 3828 3622; x_wconf 91' lang='lat'><strong>,</strong></span> <span class='ocrx_word' id='word_1_510' title='bbox 3890 3560 4054 3626; x_wconf 80' lang='lat' dir='ltr'><strong>quod</strong></span> 
     </span>
    </p>
   </div>
   <div class='ocr_carea' id='block_1_38' title="bbox 787 3641 4061 3711">
    <p class='ocr_par' dir='ltr' id='par_1_38' title="bbox 787 3641 4061 3711">
     <span class='ocr_line' id='line_1_38' title="bbox 787 3641 4061 3711; baseline 0.002 -17"><span class='ocrx_word' id='word_1_511' title='bbox 787 3642 1013 3696; x_wconf 86' lang='lat' dir='ltr'><strong>nitatem</strong></span> <span class='ocrx_word' id='word_1_512' title='bbox 1043 3642 1095 3694; x_wconf 94' lang='lat' dir='ltr'><strong>in</strong></span> <span class='ocrx_word' id='word_1_513' title='bbox 1126 3641 1338 3695; x_wconf 71' lang='lat' dir='ltr'><strong>excelso</strong></span> <span class='ocrx_word' id='word_1_514' title='bbox 1364 3680 1379 3705; x_wconf 88' lang='lat'><strong>,</strong></span> <span class='ocrx_word' id='word_1_515' title='bbox 1423 3650 1479 3694; x_wconf 89' lang='lat' dir='ltr'><strong>et</strong></span> <span class='ocrx_word' id='word_1_516' title='bbox 1521 3642 1571 3693; x_wconf 91' lang='lat' dir='ltr'><strong>in</strong></span> <span class='ocrx_word' id='word_1_517' title='bbox 1610 3650 1795 3695; x_wconf 89' lang='lat' dir='ltr'><strong>sancto</strong></span> <span class='ocrx_word' id='word_1_518' title='bbox 1825 3642 2108 3702; x_wconf 86' lang='lat' dir='ltr'><strong>habitans,</strong></span> <span class='ocrx_word' id='word_1_519' title='bbox 2142 3651 2347 3696; x_wconf 87' lang='lat' dir='ltr'><strong>etcum</strong></span> <span class='ocrx_word' id='word_1_520' title='bbox 2452 3659 2556 3698; x_wconf 89' lang='lat' dir='ltr'><strong>non</strong></span> <span class='ocrx_word' id='word_1_521' title='bbox 2631 3643 3074 3697; x_wconf 74' lang='lat' dir='ltr'><strong>iuconveuienter</strong></span> <span class='ocrx_word' id='word_1_522' title='bbox 3148 3644 3554 3698; x_wconf 78' lang='lat' dir='ltr'><strong>universitatem</strong></span> <span class='ocrx_word' id='word_1_523' title='bbox 3620 3642 3779 3711; x_wconf 85' lang='lat' dir='ltr'><strong>hujus</strong></span> <span class='ocrx_word' id='word_1_524' title='bbox 3849 3646 4061 3707; x_wconf 74' lang='lat' dir='ltr'><strong>mundi</strong></span> 
     </span>
    </p>
   </div>
   <div class='ocr_carea' id='block_1_39' title="bbox 787 3729 4053 3806">
    <p class='ocr_par' dir='ltr' id='par_1_39' title="bbox 787 3729 4053 3806">
     <span class='ocr_line' id='line_1_39' title="bbox 787 3729 4053 3806; baseline 0.001 -22"><span class='ocrx_word' id='word_1_525' title='bbox 787 3731 1018 3784; x_wconf 77' lang='lat' dir='ltr'><strong>contrito</strong></span> <span class='ocrx_word' id='word_1_526' title='bbox 1048 3742 1107 3783; x_wconf 89' lang='lat' dir='ltr'><strong>et</strong></span> <span class='ocrx_word' id='word_1_527' title='bbox 1135 3730 1416 3784; x_wconf 87' lang='lat' dir='ltr'><strong>humiliato</strong></span> <span class='ocrx_word' id='word_1_528' title='bbox 1464 3730 1690 3798; x_wconf 76' lang='lat' dir='ltr'><strong>spiritu,</strong></span> <span class='ocrx_word' id='word_1_529' title='bbox 1728 3738 1785 3782; x_wconf 92' lang='lat' dir='ltr'><strong>ut</strong></span> <span class='ocrx_word' id='word_1_530' title='bbox 1834 3729 2061 3783; x_wconf 75' lang='lat' dir='ltr'><strong>rivillcct</strong></span> <span class='ocrx_word' id='word_1_531' title='bbox 2104 3730 2347 3799; x_wconf 73' lang='lat' dir='ltr'><strong>spiritum</strong></span> <span class='ocrx_word' id='word_1_532' title='bbox 2450 3738 2753 3806; x_wconf 74' lang='lat' dir='ltr'><strong>signiﬁcare</strong></span> <span class='ocrx_word' id='word_1_533' title='bbox 2782 3735 3146 3806; x_wconf 72' lang='lat' dir='ltr'><strong>cognoscitur.</strong></span> <span class='ocrx_word' id='word_1_534' title='bbox 3177 3736 3345 3791; x_wconf 81' lang='lat' dir='ltr'><strong>David</strong></span> <span class='ocrx_word' id='word_1_535' title='bbox 3377 3738 3561 3806; x_wconf 88' lang='lat' dir='ltr'><strong>itaque</strong></span> <span class='ocrx_word' id='word_1_536' title='bbox 3595 3737 3848 3793; x_wconf 80' lang='lat' dir='ltr'><strong>Rabhath</strong></span> <span class='ocrx_word' id='word_1_537' title='bbox 3888 3740 4053 3796; x_wconf 62' lang='lat' dir='ltr'><strong>obii-</strong></span> 
     </span>
    </p>
   </div>
   <div class='ocr_carea' id='block_1_40' title="bbox 787 3819 4056 3897">
    <p class='ocr_par' dir='ltr' id='par_1_40' title="bbox 787 3819 4056 3897">
     <span class='ocr_line' id='line_1_40' title="bbox 787 3819 4056 3897; baseline 0.004 -25"><span class='ocrx_word' id='word_1_538' title='bbox 787 3819 1063 3872; x_wconf 88' lang='lat' dir='ltr'><strong>humilium</strong></span> <span class='ocrx_word' id='word_1_539' title='bbox 1087 3860 1101 3880; x_wconf 94' lang='lat'><strong>,</strong></span> <span class='ocrx_word' id='word_1_540' title='bbox 1134 3829 1189 3872; x_wconf 90' lang='lat' dir='ltr'><strong>et</strong></span> <span class='ocrx_word' id='word_1_541' title='bbox 1230 3820 1464 3873; x_wconf 80' lang='lat' dir='ltr'><strong>virillcet</strong></span> <span class='ocrx_word' id='word_1_542' title='bbox 1490 3835 1585 3873; x_wconf 89' lang='lat' dir='ltr'><strong>cor.</strong></span> <span class='ocrx_word' id='word_1_543' title='bbox 1622 3820 1975 3874; x_wconf 87' lang='lat' dir='ltr'><strong>contritorum</strong></span> <span class='ocrx_word' id='word_1_544' title='bbox 2006 3820 2138 3887; x_wconf 66' lang='grc' dir='ltr'><strong>(λεν.</strong></span> <span class='ocrx_word' id='word_1_545' title='bbox 2173 3821 2288 3889; x_wconf 86' lang='lat' dir='ltr'><strong>vn).</strong></span> <span class='ocrx_word' id='word_1_546' title='bbox 2327 3840 2346 3874; x_wconf 69' lang='grc' dir='ltr'><strong>ι</strong></span> <span class='ocrx_word' id='word_1_547' title='bbox 2452 3829 2567 3882; x_wconf 83' lang='lat' dir='ltr'><strong>nuit</strong></span> <span class='ocrx_word' id='word_1_548' title='bbox 2593 3826 2929 3892; x_wconf 73' lang='lat' dir='ltr'><strong>civitatemu</strong></span> <span class='ocrx_word' id='word_1_549' title='bbox 2949 3824 3398 3896; x_wconf 75' lang='lat' dir='ltr'><strong>VReg.xrt),cum</strong></span> <span class='ocrx_word' id='word_1_550' title='bbox 3422 3829 3537 3882; x_wconf 86' lang='lat' dir='ltr'><strong>suis</strong></span> <span class='ocrx_word' id='word_1_551' title='bbox 3560 3829 3771 3897; x_wconf 76' lang='lat' dir='ltr'><strong>legibus</strong></span> <span class='ocrx_word' id='word_1_552' title='bbox 3787 3828 4056 3888; x_wconf 71' lang='lat' dir='ltr'><strong>Christus</strong></span> 
     </span>
    </p>
   </div>
   <div class='ocr_carea' id='block_1_41' title="bbox 787 3907 4052 3989">
    <p class='ocr_par' dir='ltr' id='par_1_41' title="bbox 787 3907 4052 3989">
     <span class='ocr_line' id='line_1_41' title="bbox 787 3907 4052 3989; baseline 0.001 -25"><span class='ocrx_word' id='word_1_553' title='bbox 787 3908 892 3964; x_wconf 87' lang='lat' dir='ltr'><strong>Cor</strong></span> <span class='ocrx_word' id='word_1_554' title='bbox 918 3910 1147 3977; x_wconf 85' lang='lat' dir='ltr'><strong>denique</strong></span> <span class='ocrx_word' id='word_1_555' title='bbox 1187 3910 1482 3963; x_wconf 85' lang='lat' dir='ltr'><strong>sacerdotis</strong></span> <span class='ocrx_word' id='word_1_556' title='bbox 1514 3908 1607 3963; x_wconf 88' lang='lat' dir='ltr'><strong>Dei</strong></span> <span class='ocrx_word' id='word_1_557' title='bbox 1637 3909 1934 3978; x_wconf 76' lang='lat' dir='ltr'><strong>templum,</strong></span> <span class='ocrx_word' id='word_1_558' title='bbox 1961 3907 2159 3963; x_wconf 83' lang='lat' dir='ltr'><strong>Christi</strong></span> <span class='ocrx_word' id='word_1_559' title='bbox 2196 3910 2354 3966; x_wconf 82' lang='lat' dir='ltr'><strong>debet</strong></span> <span class='ocrx_word' id='word_1_560' title='bbox 2452 3919 2707 3989; x_wconf 66' lang='lat' dir='ltr'><strong>grandem</strong></span> <span class='ocrx_word' id='word_1_561' title='bbox 2761 3925 2816 3970; x_wconf 83' lang='lat' dir='ltr'><strong>et</strong></span> <span class='ocrx_word' id='word_1_562' title='bbox 2860 3917 3134 3985; x_wconf 80' lang='lat' dir='ltr'><strong>copiosam</strong></span> <span class='ocrx_word' id='word_1_563' title='bbox 3177 3915 3337 3984; x_wconf 78' lang='lat' dir='ltr'><strong>hujus</strong></span> <span class='ocrx_word' id='word_1_564' title='bbox 3366 3918 3551 3971; x_wconf 83' lang='lat' dir='ltr'><strong>mundi</strong></span> <span class='ocrx_word' id='word_1_565' title='bbox 3582 3920 3822 3973; x_wconf 78' lang='lat' dir='ltr'><strong>subdidit</strong></span> <span class='ocrx_word' id='word_1_566' title='bbox 3848 3921 4052 3977; x_wconf 78' lang='lat' dir='ltr'><strong>multi-</strong></span> 
     </span>
    </p>
   </div>
   <div class='ocr_carea' id='block_1_42' title="bbox 791 4000 2584 4081">
    <p class='ocr_par' dir='ltr' id='par_1_42' title="bbox 791 4000 2583 4081">
     <span class='ocr_line' id='line_1_42' title="bbox 791 4000 2583 4081; baseline 0.002 -28"><span class='ocrx_word' id='word_1_567' title='bbox 791 4016 914 4055; x_wconf 80' lang='lat' dir='ltr'><strong>esse</strong></span> <span class='ocrx_word' id='word_1_568' title='bbox 957 4003 1251 4055; x_wconf 86' lang='lat' dir='ltr'><strong>sacrarium</strong></span> <span class='ocrx_word' id='word_1_569' title='bbox 1278 4041 1292 4063; x_wconf 93' lang='lat'><strong>,</strong></span> <span class='ocrx_word' id='word_1_570' title='bbox 1324 4016 1429 4053; x_wconf 90' lang='lat' dir='ltr'><strong>non</strong></span> <span class='ocrx_word' id='word_1_571' title='bbox 1458 4011 1604 4054; x_wconf 79' lang='lat' dir='ltr'><strong>certe</strong></span> <span class='ocrx_word' id='word_1_572' title='bbox 1628 4040 1642 4066; x_wconf 90' lang='lat'><strong>,</strong></span> <span class='ocrx_word' id='word_1_573' title='bbox 1677 4001 1817 4054; x_wconf 88' lang='lat' dir='ltr'><strong>sicut</strong></span> <span class='ocrx_word' id='word_1_574' title='bbox 1858 4000 2364 4081; x_wconf 47' lang='lat' dir='ltr'><strong>legitur,.spelunca_~</strong></span> <span class='ocrx_word' id='word_1_575' title='bbox 2455 4011 2583 4064; x_wconf 71' lang='lat' dir='ltr'><strong>uidi.</strong></span> 
     </span>
    </p>
   </div>
   <div class='ocr_carea' id='block_1_43' title="bbox 2253 4000 4046 4081">
    <p class='ocr_par' dir='ltr' id='par_1_43' title="bbox 2254 4009 4046 4081">
     <span class='ocr_line' id='line_1_43' title="bbox 2254 4009 4046 4081; baseline 0.004 -18"><span class='ocrx_word' id='word_1_576' title='bbox 2254 4017 2364 4081; x_wconf 56' lang='grc' dir='ltr'><strong>ηεξ»</strong></span> <span class='ocrx_word' id='word_1_577' title='bbox 2455 4011 2712 4064; x_wconf 84' lang='lat' dir='ltr'><strong>tudinem.</strong></span> <span class='ocrx_word' id='word_1_578' title='bbox 2741 4009 3004 4063; x_wconf 85' lang='lat' dir='ltr'><strong>Coronam</strong></span> <span class='ocrx_word' id='word_1_579' title='bbox 3040 4023 3168 4062; x_wconf 78' lang='lat' dir='ltr'><strong>vero</strong></span> <span class='ocrx_word' id='word_1_580' title='bbox 3196 4010 3265 4063; x_wconf 89' lang='lat' dir='ltr'><strong>de</strong></span> <span class='ocrx_word' id='word_1_581' title='bbox 3303 4009 3480 4079; x_wconf 82' lang='lat' dir='ltr'><strong>capite</strong></span> <span class='ocrx_word' id='word_1_582' title='bbox 3518 4012 3661 4078; x_wconf 89' lang='lat' dir='ltr'><strong>regis</strong></span> <span class='ocrx_word' id='word_1_583' title='bbox 3684 4011 3828 4066; x_wconf 91' lang='lat' dir='ltr'><strong>illius</strong></span> <span class='ocrx_word' id='word_1_584' title='bbox 3863 4013 4046 4071; x_wconf 81' lang='lat' dir='ltr'><strong>David</strong></span> 
     </span>
    </p>
   </div>
   <div class='ocr_carea' id='block_1_44' title="bbox 794 4089 4045 4169">
    <p class='ocr_par' dir='ltr' id='par_1_44' title="bbox 794 4089 4045 4169">
     <span class='ocr_line' id='line_1_44' title="bbox 794 4089 4045 4169; baseline 0.003 -25"><span class='ocrx_word' id='word_1_585' title='bbox 794 4094 1058 4147; x_wconf 79' lang='lat' dir='ltr'><strong>latronum</strong></span> <span class='ocrx_word' id='word_1_586' title='bbox 1099 4091 1313 4159; x_wconf 75' lang='lat' dir='ltr'><strong>(Matth.</strong></span> <span class='ocrx_word' id='word_1_587' title='bbox 1347 4093 1492 4155; x_wconf 74' lang='lat' dir='ltr'><strong>ut),</strong></span> <span class='ocrx_word' id='word_1_588' title='bbox 1521 4089 1603 4144; x_wconf 77' lang='lat' dir='ltr'><strong>vel</strong></span> <span class='ocrx_word' id='word_1_589' title='bbox 1640 4090 1903 4144; x_wconf 89' lang='lat' dir='ltr'><strong>sordentis</strong></span> <span class='ocrx_word' id='word_1_590' title='bbox 1934 4091 2169 4159; x_wconf 74' lang='lat' dir='ltr'><strong>pecunia:</strong></span> <span class='ocrx_word' id='word_1_591' title='bbox 2212 4107 2357 4146; x_wconf 78' lang='lat' dir='ltr'><strong>rece-</strong></span> <span class='ocrx_word' id='word_1_592' title='bbox 2454 4097 2693 4159; x_wconf 85' lang='lat' dir='ltr'><strong>abstulit,</strong></span> <span class='ocrx_word' id='word_1_593' title='bbox 2727 4095 2958 4164; x_wconf 86' lang='lat' dir='ltr'><strong>sibique,</strong></span> <span class='ocrx_word' id='word_1_594' title='bbox 2981 4095 3121 4150; x_wconf 85' lang='lat' dir='ltr'><strong>sicut</strong></span> <span class='ocrx_word' id='word_1_595' title='bbox 3150 4097 3426 4164; x_wconf 86' lang='lat' dir='ltr'><strong>Scriptura</strong></span> <span class='ocrx_word' id='word_1_596' title='bbox 3462 4107 3712 4161; x_wconf 83' lang='lat' dir='ltr'><strong>testatur,</strong></span> <span class='ocrx_word' id='word_1_597' title='bbox 3750 4100 4045 4169; x_wconf 86' lang='lat' dir='ltr'><strong>imposuit,</strong></span> 
     </span>
    </p>
   </div>
   <div class='ocr_carea' id='block_1_45' title="bbox 790 4178 4052 4257">
    <p class='ocr_par' dir='ltr' id='par_1_45' title="bbox 790 4178 4052 4257">
     <span class='ocr_line' id='line_1_45' title="bbox 790 4178 4052 4257; baseline 0.001 -19"><span class='ocrx_word' id='word_1_598' title='bbox 790 4186 1085 4255; x_wconf 77' lang='lat' dir='ltr'><strong>ptaculum.</strong></span> <span class='ocrx_word' id='word_1_599' title='bbox 1148 4184 1257 4237; x_wconf 84' lang='lat' dir='ltr'><strong>Hoc</strong></span> <span class='ocrx_word' id='word_1_600' title='bbox 1302 4184 1444 4237; x_wconf 88' lang='lat' dir='ltr'><strong>enim</strong></span> <span class='ocrx_word' id='word_1_601' title='bbox 1502 4196 1833 4252; x_wconf 61' lang='lat' dir='ltr'><strong>unaquaeque</strong></span> <span class='ocrx_word' id='word_1_602' title='bbox 1877 4198 2028 4235; x_wconf 90' lang='lat' dir='ltr'><strong>mens</strong></span> <span class='ocrx_word' id='word_1_603' title='bbox 2069 4183 2121 4235; x_wconf 82' lang='lat' dir='ltr'><strong>in</strong></span> <span class='ocrx_word' id='word_1_604' title='bbox 2176 4183 2356 4239; x_wconf 87' lang='lat' dir='ltr'><strong>divino</strong></span> <span class='ocrx_word' id='word_1_605' title='bbox 2453 4178 2597 4257; x_wconf 87' lang='lat' dir='ltr'><strong>quod</strong></span> <span class='ocrx_word' id='word_1_606' title='bbox 2656 4198 2780 4242; x_wconf 89' lang='lat' dir='ltr'><strong>tunc</strong></span> <span class='ocrx_word' id='word_1_607' title='bbox 2832 4201 2990 4241; x_wconf 84' lang='lat' dir='ltr'><strong>verus</strong></span> <span class='ocrx_word' id='word_1_608' title='bbox 3036 4185 3203 4239; x_wconf 79' lang='lat' dir='ltr'><strong>David</strong></span> <span class='ocrx_word' id='word_1_609' title='bbox 3256 4183 3507 4241; x_wconf 85' lang='lat' dir='ltr'><strong>Christus</strong></span> <span class='ocrx_word' id='word_1_610' title='bbox 3564 4188 3853 4256; x_wconf 82' lang='lat' dir='ltr'><strong>implevit,</strong></span> <span class='ocrx_word' id='word_1_611' title='bbox 3916 4206 4052 4245; x_wconf 85' lang='lat' dir='ltr'><strong>cum</strong></span> 
     </span>
    </p>
   </div>
   <div class='ocr_carea' id='block_1_46' title="bbox 791 4275 4055 4348">
    <p class='ocr_par' dir='ltr' id='par_1_46' title="bbox 791 4275 4055 4348">
     <span class='ocr_line' id='line_1_46' title="bbox 791 4275 4055 4348; baseline 0 -15"><span class='ocrx_word' id='word_1_612' title='bbox 791 4283 1079 4348; x_wconf 81' lang='lat' dir='ltr'><strong>tlcputatttr</strong></span> <span class='ocrx_word' id='word_1_613' title='bbox 1118 4276 1363 4331; x_wconf 79' lang='lat' dir='ltr'><strong>examine</strong></span> <span class='ocrx_word' id='word_1_614' title='bbox 1392 4316 1405 4337; x_wconf 92' lang='lat'><strong>,</strong></span> <span class='ocrx_word' id='word_1_615' title='bbox 1436 4275 1577 4344; x_wconf 84' lang='lat' dir='ltr'><strong>quod</strong></span> <span class='ocrx_word' id='word_1_616' title='bbox 1609 4282 1789 4329; x_wconf 81' lang='lat' dir='ltr'><strong>versat</strong></span> <span class='ocrx_word' id='word_1_617' title='bbox 1834 4291 1932 4343; x_wconf 90' lang='lat' dir='ltr'><strong>per</strong></span> <span class='ocrx_word' id='word_1_618' title='bbox 1976 4276 2357 4344; x_wconf 56' lang='lat' dir='ltr'><strong>concupisccn-</strong></span> <span class='ocrx_word' id='word_1_619' title='bbox 2456 4277 2638 4331; x_wconf 86' lang='lat' dir='ltr'><strong>mundi</strong></span> <span class='ocrx_word' id='word_1_620' title='bbox 2706 4277 2978 4345; x_wconf 83' lang='lat' dir='ltr'><strong>sapientes</strong></span> <span class='ocrx_word' id='word_1_621' title='bbox 3004 4316 3019 4341; x_wconf 84' lang='lat'><strong>,</strong></span> <span class='ocrx_word' id='word_1_622' title='bbox 3087 4276 3283 4344; x_wconf 87' lang='lat' dir='ltr'><strong>quibus</strong></span> <span class='ocrx_word' id='word_1_623' title='bbox 3333 4277 3732 4344; x_wconf 87' lang='lat' dir='ltr'><strong>quodammodo</strong></span> <span class='ocrx_word' id='word_1_624' title='bbox 3794 4278 4055 4336; x_wconf 81' lang='lat' dir='ltr'><strong>diabolus</strong></span> 
     </span>
    </p>
   </div>
   <div class='ocr_carea' id='block_1_47' title="bbox 793 4362 4059 4437">
    <p class='ocr_par' dir='ltr' id='par_1_47' title="bbox 793 4362 4059 4437">
     <span class='ocr_line' id='line_1_47' title="bbox 793 4362 4059 4437; baseline -0.001 -16"><span class='ocrx_word' id='word_1_625' title='bbox 793 4368 921 4421; x_wconf 82' lang='lat' dir='ltr'><strong>tiam</strong></span> <span class='ocrx_word' id='word_1_626' title='bbox 950 4368 1001 4418; x_wconf 88' lang='lat' dir='ltr'><strong>in</strong></span> <span class='ocrx_word' id='word_1_627' title='bbox 1047 4363 1385 4432; x_wconf 73' lang='lat' dir='ltr'><strong>cogitatione.</strong></span> <span class='ocrx_word' id='word_1_628' title='bbox 1417 4362 1846 4416; x_wconf 85' lang='lat' dir='ltr'><strong>Fornicationem</strong></span> <span class='ocrx_word' id='word_1_629' title='bbox 1881 4364 2241 4428; x_wconf 75' lang='lat' dir='ltr'><strong>imaginatur,</strong></span> <span class='ocrx_word' id='word_1_630' title='bbox 2272 4363 2354 4417; x_wconf 83' lang='lat' dir='ltr'><strong>vel</strong></span> <span class='ocrx_word' id='word_1_631' title='bbox 2455 4367 2789 4429; x_wconf 82' lang='lat' dir='ltr'><strong>ornabatur,</strong></span> <span class='ocrx_word' id='word_1_632' title='bbox 2839 4366 3073 4433; x_wconf 84' lang='lat' dir='ltr'><strong>eripuit,</strong></span> <span class='ocrx_word' id='word_1_633' title='bbox 3128 4377 3182 4419; x_wconf 90' lang='lat' dir='ltr'><strong>et</strong></span> <span class='ocrx_word' id='word_1_634' title='bbox 3239 4366 3293 4419; x_wconf 91' lang='lat' dir='ltr'><strong>in</strong></span> <span class='ocrx_word' id='word_1_635' title='bbox 3349 4367 3430 4420; x_wconf 88' lang='lat' dir='ltr'><strong>sui</strong></span> <span class='ocrx_word' id='word_1_636' title='bbox 3478 4367 3693 4420; x_wconf 82' lang='lat' dir='ltr'><strong>decoris</strong></span> <span class='ocrx_word' id='word_1_637' title='bbox 3744 4378 3798 4420; x_wconf 91' lang='lat' dir='ltr'><strong>et</strong></span> <span class='ocrx_word' id='word_1_638' title='bbox 3856 4368 4059 4437; x_wconf 66' lang='grc' dir='ltr'>εισι-ξω</span> 
     </span>
    </p>
   </div>
   <div class='ocr_carea' id='block_1_48' title="bbox 794 4450 4052 4549">
    <p class='ocr_par' dir='ltr' id='par_1_48' title="bbox 794 4450 4052 4549">
     <span class='ocr_line' id='line_1_48' title="bbox 794 4450 4052 4549; baseline 0.001 -40"><span class='ocrx_word' id='word_1_639' title='bbox 794 4472 822 4509; x_wconf 88' lang='lat' dir='ltr'><strong>a</strong></span> <span class='ocrx_word' id='word_1_640' title='bbox 848 4456 1112 4507; x_wconf 75' lang='lat' dir='ltr'><strong>lnltcrium</strong></span> <span class='ocrx_word' id='word_1_641' title='bbox 1138 4492 1154 4515; x_wconf 90' lang='lat'><strong>,</strong></span> <span class='ocrx_word' id='word_1_642' title='bbox 1185 4452 1404 4520; x_wconf 84' lang='lat' dir='ltr'><strong>lupanar</strong></span> <span class='ocrx_word' id='word_1_643' title='bbox 1438 4450 1668 4503; x_wconf 81' lang='lat' dir='ltr'><strong>efficitur</strong></span> <span class='ocrx_word' id='word_1_644' title='bbox 1714 4452 2054 4505; x_wconf 87' lang='lat' dir='ltr'><strong>meretricum</strong></span> <span class='ocrx_word' id='word_1_645' title='bbox 2090 4468 2103 4502; x_wconf 91' lang='lat'><strong><em>:</em></strong></span> <span class='ocrx_word' id='word_1_646' title='bbox 2134 4450 2349 4505; x_wconf 79' lang='lat' dir='ltr'><strong>eﬂusio-</strong></span> <span class='ocrx_word' id='word_1_647' title='bbox 2385 4491 2429 4549; x_wconf 71' lang='grc' dir='ltr'>ο</span> <span class='ocrx_word' id='word_1_648' title='bbox 2456 4457 2702 4509; x_wconf 77' lang='lat' dir='ltr'><strong>diazlcma</strong></span> <span class='ocrx_word' id='word_1_649' title='bbox 2758 4457 3044 4509; x_wconf 87' lang='lat' dir='ltr'><strong>convertit.</strong></span> <span class='ocrx_word' id='word_1_650' title='bbox 3096 4454 3373 4510; x_wconf 78' lang='lat' dir='ltr'><strong>Multitudo</strong></span> <span class='ocrx_word' id='word_1_651' title='bbox 3402 4457 3601 4525; x_wconf 87' lang='lat' dir='ltr'><strong>quippe</strong></span> <span class='ocrx_word' id='word_1_652' title='bbox 3646 4457 3883 4510; x_wconf 81' lang='lat' dir='ltr'><strong>fidelium</strong></span> <span class='ocrx_word' id='word_1_653' title='bbox 3938 4474 4052 4512; x_wconf 78' lang='lat' dir='ltr'><strong>non</strong></span> 
     </span>
    </p>
   </div>
   <div class='ocr_carea' id='block_1_49' title="bbox 792 4538 4053 4614">
    <p class='ocr_par' dir='ltr' id='par_1_49' title="bbox 792 4538 4053 4614">
     <span class='ocr_line' id='line_1_49' title="bbox 792 4538 4053 4614; baseline -0 -18"><span class='ocrx_word' id='word_1_654' title='bbox 792 4559 910 4599; x_wconf 85' lang='lat' dir='ltr'><strong>nem</strong></span> <span class='ocrx_word' id='word_1_655' title='bbox 957 4543 1229 4610; x_wconf 78' lang='lat' dir='ltr'><strong>sanguinis</strong></span> <span class='ocrx_word' id='word_1_656' title='bbox 1277 4538 1599 4603; x_wconf 70' lang='lat' dir='ltr'><strong>meditatur,</strong></span> <span class='ocrx_word' id='word_1_657' title='bbox 1648 4548 1701 4591; x_wconf 87' lang='lat' dir='ltr'><strong>et</strong></span> <span class='ocrx_word' id='word_1_658' title='bbox 1751 4540 1967 4603; x_wconf 85' lang='lat' dir='ltr'><strong>odium,</strong></span> <span class='ocrx_word' id='word_1_659' title='bbox 2017 4552 2235 4606; x_wconf 88' lang='lat' dir='ltr'><strong>campus</strong></span> <span class='ocrx_word' id='word_1_660' title='bbox 2268 4547 2351 4594; x_wconf 83' lang='lat' dir='ltr'><strong>est</strong></span> <span class='ocrx_word' id='word_1_661' title='bbox 2385 4538 2423 4549; x_wconf 76' lang='grc'><strong>”</strong></span> <span class='ocrx_word' id='word_1_662' title='bbox 2457 4548 2614 4605; x_wconf 82' lang='lat' dir='ltr'><strong>modo</strong></span> <span class='ocrx_word' id='word_1_663' title='bbox 2668 4547 2915 4611; x_wconf 81' lang='lat' dir='ltr'><strong>Christi,</strong></span> <span class='ocrx_word' id='word_1_664' title='bbox 2970 4548 3065 4601; x_wconf 72' lang='lat' dir='ltr'><strong>sed</strong></span> <span class='ocrx_word' id='word_1_665' title='bbox 3112 4555 3165 4599; x_wconf 83' lang='lat' dir='ltr'><strong>et</strong></span> <span class='ocrx_word' id='word_1_666' title='bbox 3218 4544 3458 4601; x_wconf 73' lang='lat' dir='ltr'><strong>dnctnris</strong></span> <span class='ocrx_word' id='word_1_667' title='bbox 3504 4546 3780 4614; x_wconf 74' lang='lat' dir='ltr'><strong>cujusque</strong></span> <span class='ocrx_word' id='word_1_668' title='bbox 3841 4564 4053 4608; x_wconf 63' lang='lat' dir='ltr'><strong>corona</strong></span> 
     </span>
    </p>
   </div>
   <div class='ocr_carea' id='block_1_50' title="bbox 793 4625 4056 4708">
    <p class='ocr_par' dir='ltr' id='par_1_50' title="bbox 793 4625 4056 4708">
     <span class='ocr_line' id='line_1_50' title="bbox 793 4625 4056 4708; baseline -0.001 -22"><span class='ocrx_word' id='word_1_669' title='bbox 793 4632 1131 4686; x_wconf 81' lang='lat' dir='ltr'><strong>frementium</strong></span> <span class='ocrx_word' id='word_1_670' title='bbox 1173 4628 1491 4682; x_wconf 81' lang='lat' dir='ltr'><strong>bellatorum</strong></span> <span class='ocrx_word' id='word_1_671' title='bbox 1526 4644 1537 4679; x_wconf 86' lang='lat'><strong>:</strong></span> <span class='ocrx_word' id='word_1_672' title='bbox 1570 4625 1809 4679; x_wconf 86' lang='lat' dir='ltr'><strong>ciborum</strong></span> <span class='ocrx_word' id='word_1_673' title='bbox 1844 4636 1897 4678; x_wconf 89' lang='lat' dir='ltr'><strong>et</strong></span> <span class='ocrx_word' id='word_1_674' title='bbox 1926 4628 2169 4679; x_wconf 72' lang='lat' dir='ltr'><strong>suavium</strong></span> <span class='ocrx_word' id='word_1_675' title='bbox 2212 4642 2346 4695; x_wconf 84' lang='lat' dir='ltr'><strong>epu-</strong></span> <span class='ocrx_word' id='word_1_676' title='bbox 2457 4638 2770 4708; x_wconf 72' lang='lat' dir='ltr'><strong>perhibemr</strong></span> <span class='ocrx_word' id='word_1_677' title='bbox 2797 4676 2809 4697; x_wconf 75' lang='lat'><strong>,</strong></span> <span class='ocrx_word' id='word_1_678' title='bbox 2852 4635 3004 4704; x_wconf 72' lang='lat' dir='ltr'><strong>cujus</strong></span> <span class='ocrx_word' id='word_1_679' title='bbox 3050 4637 3433 4705; x_wconf 63' lang='lat' dir='ltr'><strong>praedicatione</strong></span> <span class='ocrx_word' id='word_1_680' title='bbox 3478 4637 3839 4691; x_wconf 75' lang='lat' dir='ltr'><strong>convertitur.</strong></span> <span class='ocrx_word' id='word_1_681' title='bbox 3890 4635 4056 4694; x_wconf 58' lang='lat' dir='ltr'><strong>Sicut</strong></span> 
     </span>
    </p>
   </div>
   <div class='ocr_carea' id='block_1_51' title="bbox 794 4717 4052 4797">
    <p class='ocr_par' dir='ltr' id='par_1_51' title="bbox 794 4717 4052 4797">
     <span class='ocr_line' id='line_1_51' title="bbox 794 4717 4052 4797; baseline 0.003 -21"><span class='ocrx_word' id='word_1_682' title='bbox 794 4726 964 4777; x_wconf 84' lang='lat' dir='ltr'><strong>larum</strong></span> <span class='ocrx_word' id='word_1_683' title='bbox 990 4731 1168 4776; x_wconf 82' lang='lat' dir='ltr'><strong>versat</strong></span> <span class='ocrx_word' id='word_1_684' title='bbox 1196 4722 1317 4790; x_wconf 84' lang='lat' dir='ltr'><strong>quis</strong></span> <span class='ocrx_word' id='word_1_685' title='bbox 1350 4720 1402 4773; x_wconf 88' lang='lat' dir='ltr'><strong>in</strong></span> <span class='ocrx_word' id='word_1_686' title='bbox 1442 4718 1762 4787; x_wconf 77' lang='lat' dir='ltr'><strong>cogitatione</strong></span> <span class='ocrx_word' id='word_1_687' title='bbox 1787 4717 2034 4781; x_wconf 84' lang='lat' dir='ltr'><strong>delicias;</strong></span> <span class='ocrx_word' id='word_1_688' title='bbox 2063 4718 2187 4785; x_wconf 85' lang='lat' dir='ltr'><strong>quid</strong></span> <span class='ocrx_word' id='word_1_689' title='bbox 2209 4718 2351 4770; x_wconf 83' lang='lat' dir='ltr'><strong>aliud</strong></span> <span class='ocrx_word' id='word_1_690' title='bbox 2459 4729 2656 4783; x_wconf 69' lang='lat' dir='ltr'><strong>panius</strong></span> <span class='ocrx_word' id='word_1_691' title='bbox 2710 4728 3144 4797; x_wconf 78' lang='lat' dir='ltr'><strong>Philippensibus</strong></span> <span class='ocrx_word' id='word_1_692' title='bbox 3201 4729 3279 4782; x_wconf 84' lang='lat' dir='ltr'><strong>ait</strong></span> <span class='ocrx_word' id='word_1_693' title='bbox 3308 4748 3320 4783; x_wconf 87' lang='lat'><strong>:</strong></span> <span class='ocrx_word' id='word_1_694' title='bbox 3360 4748 3377 4779; x_wconf 75' lang='grc' dir='ltr'><strong>ι</strong></span> <span class='ocrx_word' id='word_1_695' title='bbox 3419 4728 3605 4797; x_wconf 82' lang='lat' dir='ltr'><strong>Itaque</strong></span> <span class='ocrx_word' id='word_1_696' title='bbox 3629 4769 3644 4792; x_wconf 93' lang='lat'><strong>,</strong></span> <span class='ocrx_word' id='word_1_697' title='bbox 3696 4729 3895 4784; x_wconf 79' lang='lat' dir='ltr'><strong>fratres</strong></span> <span class='ocrx_word' id='word_1_698' title='bbox 3938 4735 4052 4788; x_wconf 79' lang='grc' dir='ltr'>ιιιεί</span> 
     </span>
    </p>
   </div>
   <div class='ocr_carea' id='block_1_52' title="bbox 798 4808 4050 4884">
    <p class='ocr_par' dir='ltr' id='par_1_52' title="bbox 798 4808 4050 4884">
     <span class='ocr_line' id='line_1_52' title="bbox 798 4808 4050 4884; baseline -0.001 -17"><span class='ocrx_word' id='word_1_699' title='bbox 798 4815 849 4867; x_wconf 88' lang='lat' dir='ltr'><strong>in</strong></span> <span class='ocrx_word' id='word_1_700' title='bbox 880 4822 1159 4881; x_wconf 82' lang='lat' dir='ltr'><strong>conspectu</strong></span> <span class='ocrx_word' id='word_1_701' title='bbox 1190 4811 1554 4871; x_wconf 67' lang='lat' dir='ltr'><strong>DciVth‘tttt‘,</strong></span> <span class='ocrx_word' id='word_1_702' title='bbox 1607 4808 1706 4861; x_wconf 84' lang='lat' dir='ltr'><strong>nisi</strong></span> <span class='ocrx_word' id='word_1_703' title='bbox 1749 4809 1979 4881; x_wconf 83' lang='lat' dir='ltr'><strong>cucahus</strong></span> <span class='ocrx_word' id='word_1_704' title='bbox 2036 4809 2145 4861; x_wconf 76' lang='lat' dir='ltr'><strong>sive</strong></span> <span class='ocrx_word' id='word_1_705' title='bbox 2207 4809 2352 4863; x_wconf 84' lang='lat' dir='ltr'><strong>lehes</strong></span> <span class='ocrx_word' id='word_1_706' title='bbox 2459 4816 2799 4878; x_wconf 79' lang='lat' dir='ltr'><strong>charissimi,</strong></span> <span class='ocrx_word' id='word_1_707' title='bbox 2860 4816 3111 4883; x_wconf 70' lang='lat' dir='ltr'><strong>gaudium</strong></span> <span class='ocrx_word' id='word_1_708' title='bbox 3171 4832 3349 4870; x_wconf 86' lang='lat' dir='ltr'><strong>meum</strong></span> <span class='ocrx_word' id='word_1_709' title='bbox 3399 4825 3455 4869; x_wconf 83' lang='lat' dir='ltr'><strong>el</strong></span> <span class='ocrx_word' id='word_1_710' title='bbox 3504 4832 3704 4870; x_wconf 74' lang='lat' dir='ltr'><strong>corona</strong></span> <span class='ocrx_word' id='word_1_711' title='bbox 3752 4833 3913 4884; x_wconf 63' lang='lat' dir='ltr'><strong>mea,</strong></span> <span class='ocrx_word' id='word_1_712' title='bbox 3966 4821 4050 4877; x_wconf 73' lang='lat' dir='ltr'><strong>sic</strong></span> 
     </span>
    </p>
   </div>
   <div class='ocr_carea' id='block_1_53' title="bbox 798 4897 4048 4976">
    <p class='ocr_par' dir='ltr' id='par_1_53' title="bbox 798 4897 4048 4976">
     <span class='ocr_line' id='line_1_53' title="bbox 798 4897 4048 4976; baseline 0.002 -17"><span class='ocrx_word' id='word_1_713' title='bbox 798 4909 852 4961; x_wconf 91' lang='lat' dir='ltr'><strong>in</strong></span> <span class='ocrx_word' id='word_1_714' title='bbox 902 4922 1007 4973; x_wconf 81' lang='lat' dir='ltr'><strong>qun</strong></span> <span class='ocrx_word' id='word_1_715' title='bbox 1052 4904 1201 4957; x_wconf 80' lang='lat' dir='ltr'><strong>cibus</strong></span> <span class='ocrx_word' id='word_1_716' title='bbox 1275 4901 1632 4970; x_wconf 76' lang='lat' dir='ltr'><strong>excoquitur?</strong></span> <span class='ocrx_word' id='word_1_717' title='bbox 1689 4897 2097 4953; x_wconf 78' lang='lat' dir='ltr'><strong>Controversias</strong></span> <span class='ocrx_word' id='word_1_718' title='bbox 2164 4908 2355 4951; x_wconf 87' lang='lat' dir='ltr'><strong>tractat</strong></span> <span class='ocrx_word' id='word_1_719' title='bbox 2461 4915 2599 4959; x_wconf 82' lang='lat' dir='ltr'><strong>state</strong></span> <span class='ocrx_word' id='word_1_720' title='bbox 2626 4906 2677 4958; x_wconf 89' lang='lat' dir='ltr'><strong>in</strong></span> <span class='ocrx_word' id='word_1_721' title='bbox 2694 4905 3297 4974; x_wconf 80' lang='lat' dir='ltr'><strong>Domino(Philipp.tv).</strong></span> <span class='ocrx_word' id='word_1_722' title='bbox 3322 4926 3341 4957; x_wconf 76' lang='grc' dir='ltr'><strong>ι</strong></span> <span class='ocrx_word' id='word_1_723' title='bbox 3380 4906 3485 4959; x_wconf 90' lang='lat' dir='ltr'><strong>Sed</strong></span> <span class='ocrx_word' id='word_1_724' title='bbox 3515 4917 3567 4960; x_wconf 89' lang='lat' dir='ltr'><strong>et</strong></span> <span class='ocrx_word' id='word_1_725' title='bbox 3599 4908 4048 4976; x_wconf 45' lang='lat' dir='ltr'><strong>prmdamjuxta</strong></span> 
     </span>
    </p>
   </div>
   <div class='ocr_carea' id='block_1_54' title="bbox 800 4987 4052 5070">
    <p class='ocr_par' dir='ltr' id='par_1_54' title="bbox 800 4987 4052 5070">
     <span class='ocr_line' id='line_1_54' title="bbox 800 4987 4052 5070; baseline 0.001 -19"><span class='ocrx_word' id='word_1_726' title='bbox 800 5011 957 5065; x_wconf 71' lang='lat' dir='ltr'><strong>atque</strong></span> <span class='ocrx_word' id='word_1_727' title='bbox 1000 4994 1227 5063; x_wconf 71' lang='lat' dir='ltr'><strong>litigium</strong></span> <span class='ocrx_word' id='word_1_728' title='bbox 1257 5011 1271 5057; x_wconf 85' lang='lat'><strong>;</strong></span> <span class='ocrx_word' id='word_1_729' title='bbox 1302 4995 1425 5061; x_wconf 87' lang='lat' dir='ltr'><strong>quid</strong></span> <span class='ocrx_word' id='word_1_730' title='bbox 1484 4989 1626 5044; x_wconf 88' lang='lat' dir='ltr'><strong>aliud</strong></span> <span class='ocrx_word' id='word_1_731' title='bbox 1680 5004 1839 5058; x_wconf 87' lang='lat' dir='ltr'><strong>quam</strong></span> <span class='ocrx_word' id='word_1_732' title='bbox 1880 4988 2109 5043; x_wconf 84' lang='lat' dir='ltr'><strong>tribunal</strong></span> <span class='ocrx_word' id='word_1_733' title='bbox 2158 4987 2355 5053; x_wconf 86' lang='lat' dir='ltr'><strong>judicis</strong></span> <span class='ocrx_word' id='word_1_734' title='bbox 2462 4994 2817 5063; x_wconf 88' lang='lat' dir='ltr'><strong>Scripturam,</strong></span> <span class='ocrx_word' id='word_1_735' title='bbox 2845 4996 3144 5063; x_wconf 81' lang='lat' dir='ltr'><strong>asportarit</strong></span> <span class='ocrx_word' id='word_1_736' title='bbox 3174 4996 3397 5049; x_wconf 88' lang='lat' dir='ltr'><strong>multam</strong></span> <span class='ocrx_word' id='word_1_737' title='bbox 3427 4997 3599 5049; x_wconf 83' lang='lat' dir='ltr'><strong>ralde.</strong></span> <span class='ocrx_word' id='word_1_738' title='bbox 3626 4996 3816 5051; x_wconf 66' lang='lat' dir='ltr'><strong>Praeda</strong></span> <span class='ocrx_word' id='word_1_739' title='bbox 3847 5000 4052 5070; x_wconf 82' lang='lat' dir='ltr'><strong>quippe</strong></span> 
     </span>
    </p>
   </div>
   <div class='ocr_carea' id='block_1_55' title="bbox 798 5077 4053 5158">
    <p class='ocr_par' dir='ltr' id='par_1_55' title="bbox 798 5077 4053 5158">
     <span class='ocr_line' id='line_1_55' title="bbox 798 5077 4053 5158; baseline 0.001 -21"><span class='ocrx_word' id='word_1_740' title='bbox 798 5085 1106 5153; x_wconf 72' lang='lat' dir='ltr'><strong>aspicitur,</strong></span> <span class='ocrx_word' id='word_1_741' title='bbox 1160 5082 1271 5134; x_wconf 89' lang='lat' dir='ltr'><strong>sive</strong></span> <span class='ocrx_word' id='word_1_742' title='bbox 1320 5081 1529 5133; x_wconf 87' lang='lat' dir='ltr'><strong>forum?</strong></span> <span class='ocrx_word' id='word_1_743' title='bbox 1594 5078 1745 5133; x_wconf 90' lang='lat' dir='ltr'><strong>Unde</strong></span> <span class='ocrx_word' id='word_1_744' title='bbox 1812 5082 1931 5131; x_wconf 84' lang='lat' dir='ltr'><strong>cu’m</strong></span> <span class='ocrx_word' id='word_1_745' title='bbox 1986 5077 2242 5130; x_wconf 89' lang='lat' dir='ltr'><strong>Dominus</strong></span> <span class='ocrx_word' id='word_1_746' title='bbox 2290 5078 2355 5129; x_wconf 80' lang='lat' dir='ltr'><strong>ad</strong></span> <span class='ocrx_word' id='word_1_747' title='bbox 2464 5085 2529 5135; x_wconf 80' lang='lat' dir='ltr'><strong>de</strong></span> <span class='ocrx_word' id='word_1_748' title='bbox 2561 5083 2803 5137; x_wconf 80' lang='lat' dir='ltr'><strong>Rabhath</strong></span> <span class='ocrx_word' id='word_1_749' title='bbox 2850 5086 3092 5145; x_wconf 86' lang='lat' dir='ltr'><strong>tollitur,</strong></span> <span class='ocrx_word' id='word_1_750' title='bbox 3139 5099 3262 5137; x_wconf 87' lang='lat' dir='ltr'><strong>cum</strong></span> <span class='ocrx_word' id='word_1_751' title='bbox 3321 5100 3385 5138; x_wconf 79' lang='lat' dir='ltr'><strong>ex</strong></span> <span class='ocrx_word' id='word_1_752' title='bbox 3429 5086 3537 5140; x_wconf 85' lang='lat' dir='ltr'><strong>hoc</strong></span> <span class='ocrx_word' id='word_1_753' title='bbox 3587 5087 3787 5140; x_wconf 89' lang='lat' dir='ltr'><strong>mundo</strong></span> <span class='ocrx_word' id='word_1_754' title='bbox 3843 5089 4053 5158; x_wconf 80' lang='lat' dir='ltr'><strong>quique</strong></span> 
     </span>
    </p>
   </div>
   <div class='ocr_carea' id='block_1_56' title="bbox 798 5166 4050 5242">
    <p class='ocr_par' dir='ltr' id='par_1_56' title="bbox 798 5166 4050 5242">
     <span class='ocr_line' id='line_1_56' title="bbox 798 5166 4050 5242; baseline -0.003 -13"><span class='ocrx_word' id='word_1_755' title='bbox 798 5172 1132 5229; x_wconf 78' lang='lat' dir='ltr'><strong>Ezrcbielem</strong></span> <span class='ocrx_word' id='word_1_756' title='bbox 1163 5172 1362 5223; x_wconf 83' lang='lat' dir='ltr'><strong>diceret</strong></span> <span class='ocrx_word' id='word_1_757' title='bbox 1395 5188 1408 5222; x_wconf 87' lang='lat'>:</span> <span class='ocrx_word' id='word_1_758' title='bbox 1446 5190 1463 5220; x_wconf 80' lang='grc' dir='ltr'><strong>ι</strong></span> <span class='ocrx_word' id='word_1_759' title='bbox 1499 5170 1799 5236; x_wconf 78' lang='lat' dir='ltr'><strong>ingredere,</strong></span> <span class='ocrx_word' id='word_1_760' title='bbox 1845 5178 1897 5221; x_wconf 89' lang='lat' dir='ltr'><strong>et</strong></span> <span class='ocrx_word' id='word_1_761' title='bbox 1932 5167 2053 5219; x_wconf 90' lang='lat' dir='ltr'><strong>vide</strong></span> <span class='ocrx_word' id='word_1_762' title='bbox 2082 5166 2356 5219; x_wconf 87' lang='lat' dir='ltr'><strong>abomina-</strong></span> <span class='ocrx_word' id='word_1_763' title='bbox 2466 5172 2645 5226; x_wconf 72' lang='lat' dir='ltr'><strong>ﬁdeles</strong></span> <span class='ocrx_word' id='word_1_764' title='bbox 2698 5183 2860 5239; x_wconf 71' lang='lat' dir='ltr'><strong>atque</strong></span> <span class='ocrx_word' id='word_1_765' title='bbox 2921 5173 3098 5226; x_wconf 69' lang='lat' dir='ltr'><strong>devoti</strong></span> <span class='ocrx_word' id='word_1_766' title='bbox 3169 5174 3236 5226; x_wconf 72' lang='lat' dir='ltr'><strong>ad</strong></span> <span class='ocrx_word' id='word_1_767' title='bbox 3311 5174 3406 5226; x_wconf 74' lang='lat' dir='ltr'><strong>Dei</strong></span> <span class='ocrx_word' id='word_1_768' title='bbox 3452 5174 3843 5242; x_wconf 74' lang='grc' dir='ltr'><strong>οηιηῑροιρῃιξς</strong></span> <span class='ocrx_word' id='word_1_769' title='bbox 3890 5176 4050 5230; x_wconf 60' lang='grc' dir='ltr'><strong>ηυδε.</strong></span> 
     </span>
    </p>
   </div>
   <div class='ocr_carea' id='block_1_57' title="bbox 800 5257 4050 5330">
    <p class='ocr_par' dir='ltr' id='par_1_57' title="bbox 800 5257 4050 5330">
     <span class='ocr_line' id='line_1_57' title="bbox 800 5257 4050 5330; baseline 0.002 -19"><span class='ocrx_word' id='word_1_770' title='bbox 800 5267 973 5319; x_wconf 69' lang='lat' dir='ltr'><strong>tiones</strong></span> <span class='ocrx_word' id='word_1_771' title='bbox 1027 5262 1327 5330; x_wconf 70' lang='lat' dir='ltr'><strong>pessimus,</strong></span> <span class='ocrx_word' id='word_1_772' title='bbox 1378 5274 1512 5326; x_wconf 85' lang='lat' dir='ltr'><strong>quas</strong></span> <span class='ocrx_word' id='word_1_773' title='bbox 1553 5260 1635 5311; x_wconf 85' lang='lat' dir='ltr'><strong>isti</strong></span> <span class='ocrx_word' id='word_1_774' title='bbox 1677 5257 1878 5312; x_wconf 89' lang='lat' dir='ltr'><strong>faciunt</strong></span> <span class='ocrx_word' id='word_1_775' title='bbox 1931 5259 2055 5322; x_wconf 85' lang='lat' dir='ltr'><strong>hic;</strong></span> <span class='ocrx_word' id='word_1_776' title='bbox 2093 5275 2110 5307; x_wconf 78' lang='grc' dir='ltr'><strong>ι</strong></span> <span class='ocrx_word' id='word_1_777' title='bbox 2166 5265 2359 5325; x_wconf 72' lang='lat' dir='ltr'><strong>prtrsto</strong></span> <span class='ocrx_word' id='word_1_778' title='bbox 2464 5262 2645 5329; x_wconf 86' lang='lat' dir='ltr'><strong>quium</strong></span> <span class='ocrx_word' id='word_1_779' title='bbox 2674 5271 3079 5317; x_wconf 78' lang='lat' dir='ltr'><strong>convertuntur.</strong></span> <span class='ocrx_word' id='word_1_780' title='bbox 3115 5261 3253 5324; x_wconf 85' lang='lat' dir='ltr'><strong>Vos,</strong></span> <span class='ocrx_word' id='word_1_781' title='bbox 3280 5262 3520 5330; x_wconf 84' lang='lat' dir='ltr'><strong>inquam.</strong></span> <span class='ocrx_word' id='word_1_782' title='bbox 3564 5278 3597 5316; x_wconf 87' lang='grc' dir='ltr'><strong>ο</strong></span> <span class='ocrx_word' id='word_1_783' title='bbox 3623 5266 3797 5316; x_wconf 88' lang='lat' dir='ltr'><strong>sancti</strong></span> <span class='ocrx_word' id='word_1_784' title='bbox 3826 5264 4050 5327; x_wconf 78' lang='lat' dir='ltr'><strong>pontiﬁ-</strong></span> 
     </span>
    </p>
   </div>
   <div class='ocr_carea' id='block_1_58' title="bbox 802 5349 4049 5421">
    <p class='ocr_par' dir='ltr' id='par_1_58' title="bbox 802 5349 4049 5421">
     <span class='ocr_line' id='line_1_58' title="bbox 802 5349 4049 5421; baseline 0 -12"><span class='ocrx_word' id='word_1_785' title='bbox 802 5353 1077 5421; x_wconf 71' lang='lat' dir='ltr'><strong>sabjungit</strong></span> <span class='ocrx_word' id='word_1_786' title='bbox 1122 5371 1134 5405; x_wconf 74' lang='grc' dir='ltr'><strong>ι</strong></span> <span class='ocrx_word' id='word_1_787' title='bbox 1194 5371 1211 5401; x_wconf 83' lang='grc' dir='ltr'><strong>ι</strong></span> <span class='ocrx_word' id='word_1_788' title='bbox 1269 5350 1334 5402; x_wconf 86' lang='lat' dir='ltr'><strong>Et</strong></span> <span class='ocrx_word' id='word_1_789' title='bbox 1380 5351 1649 5418; x_wconf 64' lang='lat' dir='ltr'><strong>ingressus</strong></span> <span class='ocrx_word' id='word_1_790' title='bbox 1705 5350 1853 5412; x_wconf 89' lang='lat' dir='ltr'><strong>vidi,</strong></span> <span class='ocrx_word' id='word_1_791' title='bbox 1904 5359 1957 5402; x_wconf 90' lang='lat' dir='ltr'><strong>et</strong></span> <span class='ocrx_word' id='word_1_792' title='bbox 2004 5363 2129 5403; x_wconf 90' lang='lat' dir='ltr'><strong>ecce</strong></span> <span class='ocrx_word' id='word_1_793' title='bbox 2182 5349 2358 5400; x_wconf 87' lang='lat' dir='ltr'><strong>omnis</strong></span> <span class='ocrx_word' id='word_1_794' title='bbox 2466 5366 2554 5405; x_wconf 87' lang='lat' dir='ltr'><strong>ces</strong></span> <span class='ocrx_word' id='word_1_795' title='bbox 2585 5392 2599 5415; x_wconf 92' lang='lat'><strong>,</strong></span> <span class='ocrx_word' id='word_1_796' title='bbox 2652 5368 2748 5405; x_wconf 77' lang='lat' dir='ltr'><strong>vos</strong></span> <span class='ocrx_word' id='word_1_797' title='bbox 2778 5353 3115 5420; x_wconf 79' lang='lat' dir='ltr'><strong>potissimum</strong></span> <span class='ocrx_word' id='word_1_798' title='bbox 3147 5351 3451 5418; x_wconf 88' lang='lat' dir='ltr'><strong>hujusmodi</strong></span> <span class='ocrx_word' id='word_1_799' title='bbox 3500 5351 3712 5407; x_wconf 85' lang='lat' dir='ltr'><strong>debetis</strong></span> <span class='ocrx_word' id='word_1_800' title='bbox 3764 5370 3886 5409; x_wconf 87' lang='lat' dir='ltr'><strong>esse</strong></span> <span class='ocrx_word' id='word_1_801' title='bbox 3914 5370 4049 5421; x_wconf 73' lang='lat' dir='ltr'><strong>pnn-</strong></span> 
     </span>
    </p>
   </div>
   <div class='ocr_carea' id='block_1_59' title="bbox 804 5440 4052 5511">
    <p class='ocr_par' dir='ltr' id='par_1_59' title="bbox 804 5440 4052 5511">
     <span class='ocr_line' id='line_1_59' title="bbox 804 5440 4052 5511; baseline 0 -12"><span class='ocrx_word' id='word_1_802' title='bbox 804 5446 1094 5500; x_wconf 60' lang='lat' dir='ltr'><strong>similitnalo</strong></span> <span class='ocrx_word' id='word_1_803' title='bbox 1148 5444 1413 5511; x_wconf 85' lang='lat' dir='ltr'><strong>reptilium</strong></span> <span class='ocrx_word' id='word_1_804' title='bbox 1487 5451 1541 5495; x_wconf 91' lang='lat' dir='ltr'><strong>et</strong></span> <span class='ocrx_word' id='word_1_805' title='bbox 1582 5442 1886 5493; x_wconf 88' lang='lat' dir='ltr'><strong>animalium</strong></span> <span class='ocrx_word' id='word_1_806' title='bbox 1917 5484 1929 5505; x_wconf 91' lang='lat'><strong>,</strong></span> <span class='ocrx_word' id='word_1_807' title='bbox 1993 5442 2318 5495; x_wconf 86' lang='lat' dir='ltr'><strong>abominatio</strong></span> <span class='ocrx_word' id='word_1_808' title='bbox 2343 5480 2357 5502; x_wconf 93' lang='lat'><strong>,</strong></span> <span class='ocrx_word' id='word_1_809' title='bbox 2467 5440 2661 5504; x_wconf 84' lang='lat' dir='ltr'><strong>dones;</strong></span> <span class='ocrx_word' id='word_1_810' title='bbox 2700 5442 2788 5509; x_wconf 87' lang='lat' dir='ltr'><strong>qui</strong></span> <span class='ocrx_word' id='word_1_811' title='bbox 2821 5441 3058 5508; x_wconf 85' lang='lat' dir='ltr'><strong>quotidie</strong></span> <span class='ocrx_word' id='word_1_812' title='bbox 3100 5440 3376 5495; x_wconf 87' lang='lat' dir='ltr'><strong>desudetis</strong></span> <span class='ocrx_word' id='word_1_813' title='bbox 3403 5443 3615 5495; x_wconf 86' lang='lat' dir='ltr'><strong>animas</strong></span> <span class='ocrx_word' id='word_1_814' title='bbox 3663 5443 3947 5497; x_wconf 83' lang='lat' dir='ltr'><strong>hominum</strong></span> <span class='ocrx_word' id='word_1_815' title='bbox 3982 5445 4052 5499; x_wconf 82' lang='lat' dir='ltr'><strong>de</strong></span> 
     </span>
    </p>
   </div>
   <div class='ocr_carea' id='block_1_60' title="bbox 804 5530 4051 5601">
    <p class='ocr_par' dir='ltr' id='par_1_60' title="bbox 804 5530 4051 5601">
     <span class='ocr_line' id='line_1_60' title="bbox 804 5530 4051 5601; baseline -0 -13"><span class='ocrx_word' id='word_1_816' title='bbox 804 5543 858 5588; x_wconf 81' lang='lat' dir='ltr'><strong>et</strong></span> <span class='ocrx_word' id='word_1_817' title='bbox 915 5535 1160 5585; x_wconf 84' lang='lat' dir='ltr'><strong>universa</strong></span> <span class='ocrx_word' id='word_1_818' title='bbox 1207 5533 1344 5585; x_wconf 88' lang='lat' dir='ltr'><strong>idola</strong></span> <span class='ocrx_word' id='word_1_819' title='bbox 1395 5534 1582 5585; x_wconf 81' lang='lat' dir='ltr'><strong>dooms</strong></span> <span class='ocrx_word' id='word_1_820' title='bbox 1628 5530 1787 5583; x_wconf 60' lang='lat' dir='ltr'><strong>lsrael</strong></span> <span class='ocrx_word' id='word_1_821' title='bbox 1848 5533 2053 5599; x_wconf 70' lang='lat' dir='ltr'><strong>depicta</strong></span> <span class='ocrx_word' id='word_1_822' title='bbox 2098 5542 2249 5585; x_wconf 87' lang='lat' dir='ltr'><strong>erant</strong></span> <span class='ocrx_word' id='word_1_823' title='bbox 2306 5533 2359 5584; x_wconf 90' lang='lat' dir='ltr'><strong>in</strong></span> <span class='ocrx_word' id='word_1_824' title='bbox 2466 5530 2710 5583; x_wconf 89' lang='lat' dir='ltr'><strong>manibus</strong></span> <span class='ocrx_word' id='word_1_825' title='bbox 2738 5530 2950 5597; x_wconf 88' lang='lat' dir='ltr'><strong>reprobi</strong></span> <span class='ocrx_word' id='word_1_826' title='bbox 2984 5532 3311 5598; x_wconf 74' lang='lat' dir='ltr'><strong>possessoris</strong></span> <span class='ocrx_word' id='word_1_827' title='bbox 3340 5532 3574 5599; x_wconf 91' lang='lat' dir='ltr'><strong>eripere,</strong></span> <span class='ocrx_word' id='word_1_828' title='bbox 3599 5541 3653 5584; x_wconf 90' lang='lat' dir='ltr'><strong>et</strong></span> <span class='ocrx_word' id='word_1_829' title='bbox 3684 5531 4051 5601; x_wconf 83' lang='lat' dir='ltr'><strong>triumphales</strong></span> 
     </span>
    </p>
   </div>
   <div class='ocr_carea' id='block_1_61' title="bbox 805 5618 4059 5693">
    <p class='ocr_par' dir='ltr' id='par_1_61' title="bbox 805 5618 4059 5693">
     <span class='ocr_line' id='line_1_61' title="bbox 805 5618 4059 5693; baseline 0.002 -19"><span class='ocrx_word' id='word_1_830' title='bbox 805 5622 1009 5693; x_wconf 78' lang='lat' dir='ltr'><strong>pariete</strong></span> <span class='ocrx_word' id='word_1_831' title='bbox 1039 5623 1089 5675; x_wconf 91' lang='lat' dir='ltr'><strong>in</strong></span> <span class='ocrx_word' id='word_1_832' title='bbox 1125 5621 1348 5674; x_wconf 89' lang='lat' dir='ltr'><strong>circuitu</strong></span> <span class='ocrx_word' id='word_1_833' title='bbox 1387 5637 1479 5689; x_wconf 88' lang='lat' dir='ltr'><strong>per</strong></span> <span class='ocrx_word' id='word_1_834' title='bbox 1520 5630 1685 5674; x_wconf 88' lang='lat' dir='ltr'><strong>totum</strong></span> <span class='ocrx_word' id='word_1_835' title='bbox 1719 5618 1931 5689; x_wconf 62' lang='lat' dir='ltr'><strong>(Each.</strong></span> <span class='ocrx_word' id='word_1_836' title='bbox 1972 5618 2112 5685; x_wconf 85' lang='lat' dir='ltr'><strong>vnt).</strong></span> <span class='ocrx_word' id='word_1_837' title='bbox 2154 5640 2173 5671; x_wconf 83' lang='grc'>›</span> <span class='ocrx_word' id='word_1_838' title='bbox 2209 5618 2361 5685; x_wconf 84' lang='lat' dir='ltr'><strong>Quod</strong></span> <span class='ocrx_word' id='word_1_839' title='bbox 2466 5620 2577 5688; x_wconf 82' lang='lat' dir='ltr'><strong>regi</strong></span> <span class='ocrx_word' id='word_1_840' title='bbox 2616 5630 2791 5674; x_wconf 81' lang='lat' dir='ltr'><strong>vestro</strong></span> <span class='ocrx_word' id='word_1_841' title='bbox 2824 5621 2991 5673; x_wconf 86' lang='lat' dir='ltr'><strong>David</strong></span> <span class='ocrx_word' id='word_1_842' title='bbox 3039 5620 3324 5677; x_wconf 85' lang='lat' dir='ltr'><strong>manubias</strong></span> <span class='ocrx_word' id='word_1_843' title='bbox 3362 5631 3661 5690; x_wconf 84' lang='lat' dir='ltr'><strong>reportare.</strong></span> <span class='ocrx_word' id='word_1_844' title='bbox 3710 5620 3822 5678; x_wconf 81' lang='lat' dir='ltr'><strong>Nec</strong></span> <span class='ocrx_word' id='word_1_845' title='bbox 3868 5631 4059 5679; x_wconf 74' lang='lat' dir='ltr'><strong>tamen</strong></span> 
     </span>
    </p>
   </div>
   <div class='ocr_carea' id='block_1_62' title="bbox 809 5708 4052 5791">
    <p class='ocr_par' dir='ltr' id='par_1_62' title="bbox 809 5708 4052 5791">
     <span class='ocr_line' id='line_1_62' title="bbox 809 5708 4052 5791; baseline 0.001 -24"><span class='ocrx_word' id='word_1_846' title='bbox 809 5713 947 5767; x_wconf 73' lang='lat' dir='ltr'><strong>extim</strong></span> <span class='ocrx_word' id='word_1_847' title='bbox 979 5722 1219 5765; x_wconf 82' lang='lat' dir='ltr'><strong>versatur</strong></span> <span class='ocrx_word' id='word_1_848' title='bbox 1243 5712 1294 5763; x_wconf 88' lang='lat' dir='ltr'><strong>in</strong></span> <span class='ocrx_word' id='word_1_849' title='bbox 1326 5720 1521 5779; x_wconf 87' lang='lat' dir='ltr'><strong>mente,</strong></span> <span class='ocrx_word' id='word_1_850' title='bbox 1550 5721 1800 5780; x_wconf 64' lang='lat' dir='ltr'><strong>tanquam</strong></span> <span class='ocrx_word' id='word_1_851' title='bbox 1832 5710 2095 5781; x_wconf 76' lang='lat' dir='ltr'><strong>depictum</strong></span> <span class='ocrx_word' id='word_1_852' title='bbox 2126 5712 2360 5767; x_wconf 78' lang='lat' dir='ltr'><strong>cernitur</strong></span> <span class='ocrx_word' id='word_1_853' title='bbox 2465 5708 2685 5777; x_wconf 73' lang='lat' dir='ltr'><strong>sufﬁcit,</strong></span> <span class='ocrx_word' id='word_1_854' title='bbox 2727 5726 2847 5765; x_wconf 86' lang='lat' dir='ltr'><strong>cum</strong></span> <span class='ocrx_word' id='word_1_855' title='bbox 2891 5709 3104 5767; x_wconf 81' lang='lat' dir='ltr'><strong>diabolo</strong></span> <span class='ocrx_word' id='word_1_856' title='bbox 3138 5720 3326 5783; x_wconf 84' lang='lat' dir='ltr'><strong>raptus</strong></span> <span class='ocrx_word' id='word_1_857' title='bbox 3372 5713 3437 5767; x_wconf 90' lang='lat' dir='ltr'><strong>ad</strong></span> <span class='ocrx_word' id='word_1_858' title='bbox 3484 5712 3651 5768; x_wconf 82' lang='lat' dir='ltr'><strong>Deum</strong></span> <span class='ocrx_word' id='word_1_859' title='bbox 3699 5712 3934 5785; x_wconf 70' lang='lat' dir='ltr'><strong>quisque</strong></span> <span class='ocrx_word' id='word_1_860' title='bbox 3968 5722 4052 5791; x_wconf 73' lang='lat' dir='ltr'><strong>pia</strong></span> 
     </span>
    </p>
   </div>
  </div>
