  <div class='ocr_page' id='page_1' title='image "/cluster/home/n/w/nwhite01/storage/ocr_20150623/144-145/uc1.31175001639262/810.png"; bbox 0 0 4540 6380; ppageno 0'>
   <div class='ocr_carea' id='block_1_1' title="bbox 231 466 330 525">
    <p class='ocr_par' dir='ltr' id='par_1_1' title="bbox 231 466 330 525">
     <span class='ocr_line' id='line_1_1' title="bbox 231 466 330 525; baseline -0.051 0"><span class='ocrx_word' id='word_1_1' title='bbox 231 466 330 525; x_wconf 69' lang='grc' dir='ltr'><strong>εει</strong></span> 
     </span>
    </p>
   </div>
   <div class='ocr_carea' id='block_1_2' title="bbox 1125 404 2613 517">
    <p class='ocr_par' dir='ltr' id='par_1_2' title="bbox 1125 404 2613 517">
     <span class='ocr_line' id='line_1_2' title="bbox 1125 404 2613 517; baseline -0.009 0"><span class='ocrx_word' id='word_1_2' title='bbox 1125 459 1367 517; x_wconf 81' lang='lat' dir='ltr'><strong>OPUSC.</strong></span> <span class='ocrx_word' id='word_1_3' title='bbox 1411 458 1602 515; x_wconf 78' lang='lat' dir='ltr'><strong>XXXI.</strong></span> <span class='ocrx_word' id='word_1_4' title='bbox 1638 488 1711 501; x_wconf 82' lang='lat'><strong>-—</strong></span> <span class='ocrx_word' id='word_1_5' title='bbox 1747 448 2025 509; x_wconf 64' lang='lat' dir='ltr'><strong>CONTRA</strong></span> <span class='ocrx_word' id='word_1_6' title='bbox 2068 404 2613 508; x_wconf 67' lang='lat' dir='ltr'><strong>PlllLARGYiilAM.</strong></span> 
     </span>
    </p>
   </div>
   <div class='ocr_carea' id='block_1_3' title="bbox 3391 439 3503 515">
    <p class='ocr_par' dir='ltr' id='par_1_3' title="bbox 3391 439 3503 515">
     <span class='ocr_line' id='line_1_3' title="bbox 3391 439 3503 515; baseline 0 0"><span class='ocrx_word' id='word_1_7' title='bbox 3391 439 3503 515; x_wconf 58' lang='lat'><strong>583</strong></span> 
     </span>
    </p>
   </div>
   <div class='ocr_carea' id='block_1_4' title="bbox 230 554 3495 638">
    <p class='ocr_par' dir='ltr' id='par_1_4' title="bbox 230 554 3495 638">
     <span class='ocr_line' id='line_1_4' title="bbox 230 554 3495 638; baseline -0.008 -3"><span class='ocrx_word' id='word_1_8' title='bbox 230 578 518 635; x_wconf 72' lang='lat' dir='ltr'><strong>devotione</strong></span> <span class='ocrx_word' id='word_1_9' title='bbox 543 573 882 637; x_wconf 84' lang='lat' dir='ltr'><strong>convertitur</strong></span> <span class='ocrx_word' id='word_1_10' title='bbox 908 612 922 638; x_wconf 94' lang='lat'><strong>,</strong></span> <span class='ocrx_word' id='word_1_11' title='bbox 964 572 1065 626; x_wconf 90' lang='lat' dir='ltr'><strong>nisi</strong></span> <span class='ocrx_word' id='word_1_12' title='bbox 1098 587 1221 626; x_wconf 80' lang='lat' dir='ltr'><strong>mox</strong></span> <span class='ocrx_word' id='word_1_13' title='bbox 1254 572 1416 626; x_wconf 88' lang='lat' dir='ltr'><strong>etiam</strong></span> <span class='ocrx_word' id='word_1_14' title='bbox 1460 586 1490 624; x_wconf 90' lang='lat' dir='ltr'><strong>a</strong></span> <span class='ocrx_word' id='word_1_15' title='bbox 1518 581 1690 625; x_wconf 86' lang='lat' dir='ltr'><strong>status</strong></span> <span class='ocrx_word' id='word_1_16' title='bbox 1729 564 1810 623; x_wconf 84' lang='lat' dir='ltr'><strong>sui</strong></span> <span class='ocrx_word' id='word_1_17' title='bbox 1840 569 1887 626; x_wconf 75' lang='grc' dir='ltr'><strong>Α</strong></span> <span class='ocrx_word' id='word_1_18' title='bbox 1918 561 2115 625; x_wconf 76' lang='lat' dir='ltr'><strong>ofﬁcio.</strong></span> <span class='ocrx_word' id='word_1_19' title='bbox 2144 563 2270 617; x_wconf 88' lang='lat' dir='ltr'><strong>dum</strong></span> <span class='ocrx_word' id='word_1_20' title='bbox 2300 564 2412 632; x_wconf 87' lang='lat' dir='ltr'><strong>ipse</strong></span> <span class='ocrx_word' id='word_1_21' title='bbox 2437 578 2539 617; x_wconf 88' lang='lat' dir='ltr'><strong>non</strong></span> <span class='ocrx_word' id='word_1_22' title='bbox 2564 558 2821 621; x_wconf 85' lang='lat' dir='ltr'><strong>incidam,</strong></span> <span class='ocrx_word' id='word_1_23' title='bbox 2848 554 3136 612; x_wconf 90' lang='lat' dir='ltr'><strong>incidentis</strong></span> <span class='ocrx_word' id='word_1_24' title='bbox 3165 554 3335 608; x_wconf 83' lang='lat' dir='ltr'><strong>aciem</strong></span> <span class='ocrx_word' id='word_1_25' title='bbox 3367 554 3495 609; x_wconf 83' lang='lat' dir='ltr'><strong>ferri</strong></span> 
     </span>
    </p>
   </div>
   <div class='ocr_carea' id='block_1_5' title="bbox 230 660 1813 735">
    <p class='ocr_par' dir='ltr' id='par_1_5' title="bbox 230 660 1813 735">
     <span class='ocr_line' id='line_1_5' title="bbox 230 660 1813 735; baseline -0.007 -13"><span class='ocrx_word' id='word_1_26' title='bbox 230 667 431 722; x_wconf 84' lang='lat' dir='ltr'><strong>duritia</strong></span> <span class='ocrx_word' id='word_1_27' title='bbox 480 665 635 735; x_wconf 89' lang='lat' dir='ltr'><strong>quasi</strong></span> <span class='ocrx_word' id='word_1_28' title='bbox 687 663 878 719; x_wconf 87' lang='lat' dir='ltr'><strong>crebro</strong></span> <span class='ocrx_word' id='word_1_29' title='bbox 924 672 1123 716; x_wconf 74' lang='lat' dir='ltr'><strong>sanctzn</strong></span> <span class='ocrx_word' id='word_1_30' title='bbox 1163 662 1562 729; x_wconf 66' lang='lat' dir='ltr'><strong>praedicationis</strong></span> <span class='ocrx_word' id='word_1_31' title='bbox 1620 660 1813 713; x_wconf 86' lang='lat' dir='ltr'><strong>malleo</strong></span> 
     </span>
    </p>
   </div>
   <div class='ocr_carea' id='block_1_6' title="bbox 234 748 1810 825">
    <p class='ocr_par' dir='ltr' id='par_1_6' title="bbox 234 748 1810 825">
     <span class='ocr_line' id='line_1_6' title="bbox 234 748 1810 825; baseline -0.008 -13"><span class='ocrx_word' id='word_1_32' title='bbox 234 765 570 812; x_wconf 85' lang='lat' dir='ltr'><strong>conteratur.</strong></span> <span class='ocrx_word' id='word_1_33' title='bbox 615 753 769 810; x_wconf 84' lang='lat' dir='ltr'><strong>Unde</strong></span> <span class='ocrx_word' id='word_1_34' title='bbox 815 766 911 820; x_wconf 87' lang='lat' dir='ltr'><strong>per</strong></span> <span class='ocrx_word' id='word_1_35' title='bbox 946 749 1293 825; x_wconf 16' lang='lat' dir='ltr'><strong>AJeremiam:</strong></span> <span class='ocrx_word' id='word_1_36' title='bbox 1336 767 1354 797; x_wconf 75' lang='grc' dir='ltr'><strong>ι</strong></span> <span class='ocrx_word' id='word_1_37' title='bbox 1395 748 1645 817; x_wconf 82' lang='lat' dir='ltr'><strong>Nunquid</strong></span> <span class='ocrx_word' id='word_1_38' title='bbox 1706 762 1810 801; x_wconf 87' lang='lat' dir='ltr'><strong>non</strong></span> 
     </span>
    </p>
   </div>
   <div class='ocr_carea' id='block_1_7' title="bbox 236 838 1813 909">
    <p class='ocr_par' dir='ltr' id='par_1_7' title="bbox 236 838 1813 909">
     <span class='ocr_line' id='line_1_7' title="bbox 236 838 1813 909; baseline -0.006 -9"><span class='ocrx_word' id='word_1_39' title='bbox 236 846 397 902; x_wconf 83' lang='lat' dir='ltr'><strong>verba</strong></span> <span class='ocrx_word' id='word_1_40' title='bbox 449 861 568 900; x_wconf 85' lang='lat' dir='ltr'><strong>mea</strong></span> <span class='ocrx_word' id='word_1_41' title='bbox 620 851 746 899; x_wconf 91' lang='lat' dir='ltr'><strong>sunt</strong></span> <span class='ocrx_word' id='word_1_42' title='bbox 799 841 953 905; x_wconf 84' lang='lat' dir='ltr'><strong>quasi</strong></span> <span class='ocrx_word' id='word_1_43' title='bbox 1005 842 1141 909; x_wconf 91' lang='lat' dir='ltr'><strong>ignis</strong></span> <span class='ocrx_word' id='word_1_44' title='bbox 1173 881 1187 904; x_wconf 90' lang='lat'><strong>,</strong></span> <span class='ocrx_word' id='word_1_45' title='bbox 1247 839 1373 893; x_wconf 88' lang='lat' dir='ltr'><strong>dicit</strong></span> <span class='ocrx_word' id='word_1_46' title='bbox 1424 838 1682 893; x_wconf 86' lang='lat' dir='ltr'><strong>Dominus</strong></span> <span class='ocrx_word' id='word_1_47' title='bbox 1714 856 1729 891; x_wconf 89' lang='lat'><strong>:</strong></span> <span class='ocrx_word' id='word_1_48' title='bbox 1759 844 1813 891; x_wconf 90' lang='lat' dir='ltr'><strong>et</strong></span> 
     </span>
    </p>
   </div>
   <div class='ocr_carea' id='block_1_8' title="bbox 235 928 1810 1005">
    <p class='ocr_par' dir='ltr' id='par_1_8' title="bbox 235 928 1810 1005">
     <span class='ocr_line' id='line_1_8' title="bbox 235 928 1810 1005; baseline -0.005 -16"><span class='ocrx_word' id='word_1_49' title='bbox 235 937 387 1005; x_wconf 86' lang='lat' dir='ltr'><strong>quasi</strong></span> <span class='ocrx_word' id='word_1_50' title='bbox 446 934 673 989; x_wconf 84' lang='lat' dir='ltr'><strong>malleus</strong></span> <span class='ocrx_word' id='word_1_51' title='bbox 744 942 1030 985; x_wconf 81' lang='lat' dir='ltr'><strong>conterens</strong></span> <span class='ocrx_word' id='word_1_52' title='bbox 1090 930 1348 999; x_wconf 86' lang='lat' dir='ltr'><strong>petram?</strong></span> <span class='ocrx_word' id='word_1_53' title='bbox 1382 950 1399 979; x_wconf 80' lang='grc' dir='ltr'><strong>ι</strong></span> <span class='ocrx_word' id='word_1_54' title='bbox 1446 928 1579 999; x_wconf 85' lang='lat' dir='ltr'><strong>(Jer.</strong></span> <span class='ocrx_word' id='word_1_55' title='bbox 1632 928 1810 995; x_wconf 64' lang='grc' dir='ltr'>χχιιι.)</span> 
     </span>
    </p>
   </div>
   <div class='ocr_carea' id='block_1_9' title="bbox 235 1017 1813 1095">
    <p class='ocr_par' dir='ltr' id='par_1_9' title="bbox 235 1017 1813 1095">
     <span class='ocr_line' id='line_1_9' title="bbox 235 1017 1813 1095; baseline -0.004 -17"><span class='ocrx_word' id='word_1_56' title='bbox 235 1023 409 1080; x_wconf 72' lang='lat' dir='ltr'><strong>Verba</strong></span> <span class='ocrx_word' id='word_1_57' title='bbox 458 1025 656 1095; x_wconf 81' lang='lat' dir='ltr'><strong>quippe</strong></span> <span class='ocrx_word' id='word_1_58' title='bbox 692 1022 906 1076; x_wconf 80' lang='lat' dir='ltr'><strong>Domini</strong></span> <span class='ocrx_word' id='word_1_59' title='bbox 946 1022 1098 1090; x_wconf 88' lang='lat' dir='ltr'><strong>quasi</strong></span> <span class='ocrx_word' id='word_1_60' title='bbox 1128 1020 1268 1088; x_wconf 83' lang='lat' dir='ltr'><strong>ignis</strong></span> <span class='ocrx_word' id='word_1_61' title='bbox 1290 1029 1441 1080; x_wconf 83' lang='lat' dir='ltr'><strong>sunt,</strong></span> <span class='ocrx_word' id='word_1_62' title='bbox 1471 1020 1597 1087; x_wconf 84' lang='lat' dir='ltr'><strong>quia</strong></span> <span class='ocrx_word' id='word_1_63' title='bbox 1646 1017 1813 1087; x_wconf 82' lang='lat' dir='ltr'><strong>frigus</strong></span> 
     </span>
    </p>
   </div>
   <div class='ocr_carea' id='block_1_10' title="bbox 233 1106 1812 1182">
    <p class='ocr_par' dir='ltr' id='par_1_10' title="bbox 233 1106 1812 1182">
     <span class='ocr_line' id='line_1_10' title="bbox 233 1106 1812 1182; baseline -0.004 -16"><span class='ocrx_word' id='word_1_64' title='bbox 233 1112 551 1182; x_wconf 83' lang='lat' dir='ltr'><strong>expellunt,</strong></span> <span class='ocrx_word' id='word_1_65' title='bbox 608 1109 844 1162; x_wconf 81' lang='lat' dir='ltr'><strong>calorem</strong></span> <span class='ocrx_word' id='word_1_66' title='bbox 898 1107 1166 1163; x_wconf 79' lang='lat' dir='ltr'><strong>mentibus</strong></span> <span class='ocrx_word' id='word_1_67' title='bbox 1227 1107 1524 1174; x_wconf 77' lang='lat' dir='ltr'><strong>ingerunt;</strong></span> <span class='ocrx_word' id='word_1_68' title='bbox 1590 1106 1812 1159; x_wconf 83' lang='lat' dir='ltr'><strong>malleus</strong></span> 
     </span>
    </p>
   </div>
   <div class='ocr_carea' id='block_1_11' title="bbox 232 1196 1811 1266">
    <p class='ocr_par' dir='ltr' id='par_1_11' title="bbox 232 1196 1811 1266">
     <span class='ocr_line' id='line_1_11' title="bbox 232 1196 1811 1266; baseline -0.003 -12"><span class='ocrx_word' id='word_1_69' title='bbox 232 1209 413 1255; x_wconf 83' lang='lat' dir='ltr'><strong>autem</strong></span> <span class='ocrx_word' id='word_1_70' title='bbox 473 1207 620 1264; x_wconf 86' lang='lat' dir='ltr'><strong>sunt,</strong></span> <span class='ocrx_word' id='word_1_71' title='bbox 661 1198 915 1265; x_wconf 87' lang='lat' dir='ltr'><strong>quoniam</strong></span> <span class='ocrx_word' id='word_1_72' title='bbox 960 1196 1340 1251; x_wconf 82' lang='lat' dir='ltr'><strong>obstinationis</strong></span> <span class='ocrx_word' id='word_1_73' title='bbox 1395 1206 1448 1248; x_wconf 88' lang='lat' dir='ltr'><strong>et</strong></span> <span class='ocrx_word' id='word_1_74' title='bbox 1495 1196 1811 1266; x_wconf 67' lang='lat' dir='ltr'><strong>pervicacia:</strong></span> 
     </span>
    </p>
   </div>
   <div class='ocr_carea' id='block_1_12' title="bbox 231 1277 1813 1354">
    <p class='ocr_par' dir='ltr' id='par_1_12' title="bbox 231 1277 1813 1354">
     <span class='ocr_line' id='line_1_12' title="bbox 231 1277 1813 1354; baseline -0.003 -11"><span class='ocrx_word' id='word_1_75' title='bbox 231 1288 489 1343; x_wconf 80' lang='lat' dir='ltr'><strong>duritiam</strong></span> <span class='ocrx_word' id='word_1_76' title='bbox 535 1286 805 1341; x_wconf 83' lang='lat' dir='ltr'><strong>molliunt.</strong></span> <span class='ocrx_word' id='word_1_77' title='bbox 867 1285 1115 1353; x_wconf 83' lang='lat' dir='ltr'><strong>Congnte</strong></span> <span class='ocrx_word' id='word_1_78' title='bbox 1154 1277 1286 1354; x_wconf 78' lang='lat' dir='ltr'><strong>ergo</strong></span> <span class='ocrx_word' id='word_1_79' title='bbox 1330 1298 1485 1337; x_wconf 89' lang='lat' dir='ltr'><strong>sacra</strong></span> <span class='ocrx_word' id='word_1_80' title='bbox 1542 1284 1813 1339; x_wconf 80' lang='lat' dir='ltr'><strong>subnectit</strong></span> 
     </span>
    </p>
   </div>
   <div class='ocr_carea' id='block_1_13' title="bbox 230 1374 1817 1446">
    <p class='ocr_par' dir='ltr' id='par_1_13' title="bbox 230 1374 1817 1446">
     <span class='ocr_line' id='line_1_13' title="bbox 230 1374 1817 1446; baseline -0.003 -13"><span class='ocrx_word' id='word_1_81' title='bbox 230 1377 459 1433; x_wconf 78' lang='lat' dir='ltr'><strong>historia</strong></span> <span class='ocrx_word' id='word_1_82' title='bbox 501 1397 513 1431; x_wconf 94' lang='lat'>:</span> <span class='ocrx_word' id='word_1_83' title='bbox 551 1395 571 1428; x_wconf 73' lang='grc' dir='ltr'><strong>ι</strong></span> <span class='ocrx_word' id='word_1_84' title='bbox 611 1375 873 1446; x_wconf 87' lang='lat' dir='ltr'><strong>Populum</strong></span> <span class='ocrx_word' id='word_1_85' title='bbox 908 1390 1124 1444; x_wconf 88' lang='lat' dir='ltr'><strong>quoque</strong></span> <span class='ocrx_word' id='word_1_86' title='bbox 1171 1374 1287 1441; x_wconf 82' lang='lat' dir='ltr'><strong>ejus</strong></span> <span class='ocrx_word' id='word_1_87' title='bbox 1329 1376 1600 1429; x_wconf 81' lang='lat' dir='ltr'><strong>adducens</strong></span> <span class='ocrx_word' id='word_1_88' title='bbox 1628 1389 1817 1430; x_wconf 77' lang='lat' dir='ltr'><strong>serva-</strong></span> 
     </span>
    </p>
   </div>
   <div class='ocr_carea' id='block_1_14' title="bbox 226 1458 1807 1537">
    <p class='ocr_par' dir='ltr' id='par_1_14' title="bbox 226 1458 1807 1537">
     <span class='ocr_line' id='line_1_14' title="bbox 226 1458 1807 1537; baseline -0.003 -12"><span class='ocrx_word' id='word_1_89' title='bbox 226 1472 360 1535; x_wconf 83' lang='lat' dir='ltr'><strong>vit,</strong></span> <span class='ocrx_word' id='word_1_90' title='bbox 412 1477 465 1523; x_wconf 89' lang='lat' dir='ltr'><strong>et</strong></span> <span class='ocrx_word' id='word_1_91' title='bbox 525 1467 849 1537; x_wconf 86' lang='lat' dir='ltr'><strong>circumegit</strong></span> <span class='ocrx_word' id='word_1_92' title='bbox 900 1458 1069 1534; x_wconf 78' lang='lat' dir='ltr'><strong>super</strong></span> <span class='ocrx_word' id='word_1_93' title='bbox 1107 1480 1201 1520; x_wconf 90' lang='lat' dir='ltr'><strong>eos</strong></span> <span class='ocrx_word' id='word_1_94' title='bbox 1262 1464 1463 1518; x_wconf 81' lang='lat' dir='ltr'><strong>ferrata</strong></span> <span class='ocrx_word' id='word_1_95' title='bbox 1518 1476 1807 1535; x_wconf 84' lang='lat' dir='ltr'><strong>carpenta;</strong></span> 
     </span>
    </p>
   </div>
   <div class='ocr_carea' id='block_1_15' title="bbox 226 1557 1810 1631">
    <p class='ocr_par' dir='ltr' id='par_1_15' title="bbox 226 1557 1810 1631">
     <span class='ocr_line' id='line_1_15' title="bbox 226 1557 1810 1631; baseline -0.004 -14"><span class='ocrx_word' id='word_1_96' title='bbox 226 1564 525 1631; x_wconf 83' lang='lat' dir='ltr'><strong>divisitque</strong></span> <span class='ocrx_word' id='word_1_97' title='bbox 571 1560 792 1622; x_wconf 87' lang='lat' dir='ltr'><strong>cultris,</strong></span> <span class='ocrx_word' id='word_1_98' title='bbox 847 1570 902 1614; x_wconf 89' lang='lat' dir='ltr'><strong>et</strong></span> <span class='ocrx_word' id='word_1_99' title='bbox 956 1559 1261 1613; x_wconf 81' lang='lat' dir='ltr'><strong>transduxit</strong></span> <span class='ocrx_word' id='word_1_100' title='bbox 1312 1558 1365 1611; x_wconf 92' lang='lat' dir='ltr'><strong>in</strong></span> <span class='ocrx_word' id='word_1_101' title='bbox 1412 1568 1536 1628; x_wconf 84' lang='lat' dir='ltr'><strong>typo</strong></span> <span class='ocrx_word' id='word_1_102' title='bbox 1580 1557 1810 1610; x_wconf 87' lang='lat' dir='ltr'><strong>laterum</strong></span> 
     </span>
    </p>
   </div>
   <div class='ocr_carea' id='block_1_16' title="bbox 226 1648 1807 1721">
    <p class='ocr_par' dir='ltr' id='par_1_16' title="bbox 226 1648 1807 1721">
     <span class='ocr_line' id='line_1_16' title="bbox 226 1648 1807 1721; baseline -0.006 -15"><span class='ocrx_word' id='word_1_103' title='bbox 226 1650 283 1721; x_wconf 85' lang='lat' dir='ltr'><strong>(I</strong></span> <span class='ocrx_word' id='word_1_104' title='bbox 326 1651 458 1719; x_wconf 80' lang='lat' dir='ltr'><strong>Reg.</strong></span> <span class='ocrx_word' id='word_1_105' title='bbox 507 1652 625 1721; x_wconf 84' lang='lat' dir='ltr'><strong>xu).</strong></span> <span class='ocrx_word' id='word_1_106' title='bbox 675 1670 694 1704; x_wconf 82' lang='grc' dir='ltr'><strong>ι</strong></span> <span class='ocrx_word' id='word_1_107' title='bbox 750 1649 888 1716; x_wconf 87' lang='lat' dir='ltr'><strong>Quid</strong></span> <span class='ocrx_word' id='word_1_108' title='bbox 934 1649 1077 1703; x_wconf 86' lang='lat' dir='ltr'><strong>enim</strong></span> <span class='ocrx_word' id='word_1_109' title='bbox 1118 1664 1216 1717; x_wconf 90' lang='lat' dir='ltr'><strong>per</strong></span> <span class='ocrx_word' id='word_1_110' title='bbox 1276 1648 1477 1701; x_wconf 85' lang='lat' dir='ltr'><strong>ferrata</strong></span> <span class='ocrx_word' id='word_1_111' title='bbox 1510 1655 1807 1717; x_wconf 76' lang='lat' dir='ltr'><strong>carpenta,</strong></span> 
     </span>
    </p>
   </div>
   <div class='ocr_carea' id='block_1_17' title="bbox 225 1736 1809 1812">
    <p class='ocr_par' dir='ltr' id='par_1_17' title="bbox 225 1736 1809 1812">
     <span class='ocr_line' id='line_1_17' title="bbox 225 1736 1809 1812; baseline -0.003 -17"><span class='ocrx_word' id='word_1_112' title='bbox 225 1742 372 1810; x_wconf 87' lang='lat' dir='ltr'><strong>quod</strong></span> <span class='ocrx_word' id='word_1_113' title='bbox 397 1742 584 1810; x_wconf 91' lang='lat' dir='ltr'><strong>utique</strong></span> <span class='ocrx_word' id='word_1_114' title='bbox 609 1756 779 1812; x_wconf 86' lang='lat' dir='ltr'><strong>genus</strong></span> <span class='ocrx_word' id='word_1_115' title='bbox 808 1748 890 1795; x_wconf 81' lang='lat' dir='ltr'><strong>est</strong></span> <span class='ocrx_word' id='word_1_116' title='bbox 928 1754 1180 1794; x_wconf 89' lang='lat' dir='ltr'><strong>curruum</strong></span> <span class='ocrx_word' id='word_1_117' title='bbox 1206 1779 1221 1802; x_wconf 88' lang='lat'><strong>,</strong></span> <span class='ocrx_word' id='word_1_118' title='bbox 1260 1738 1360 1793; x_wconf 87' lang='lat' dir='ltr'><strong>nisi</strong></span> <span class='ocrx_word' id='word_1_119' title='bbox 1406 1736 1597 1791; x_wconf 78' lang='lat' dir='ltr'><strong>fortem</strong></span> <span class='ocrx_word' id='word_1_120' title='bbox 1648 1748 1809 1805; x_wconf 86' lang='lat' dir='ltr'><strong>atque</strong></span> 
     </span>
    </p>
   </div>
   <div class='ocr_carea' id='block_1_18' title="bbox 226 1826 1809 1901">
    <p class='ocr_par' dir='ltr' id='par_1_18' title="bbox 226 1826 1809 1901">
     <span class='ocr_line' id='line_1_18' title="bbox 226 1826 1809 1901; baseline -0.004 -15"><span class='ocrx_word' id='word_1_121' title='bbox 226 1830 703 1901; x_wconf 70' lang='lat' dir='ltr'><strong>inexpugnabilem</strong></span> <span class='ocrx_word' id='word_1_122' title='bbox 733 1830 1047 1900; x_wconf 77' lang='lat' dir='ltr'><strong>quadrigam</strong></span> <span class='ocrx_word' id='word_1_123' title='bbox 1093 1840 1402 1883; x_wconf 89' lang='lat' dir='ltr'><strong>sanctorum</strong></span> <span class='ocrx_word' id='word_1_124' title='bbox 1452 1826 1809 1896; x_wconf 74' lang='lat' dir='ltr'><strong>evangelista-</strong></span> 
     </span>
    </p>
   </div>
   <div class='ocr_carea' id='block_1_19' title="bbox 1916 645 3497 723">
    <p class='ocr_par' dir='ltr' id='par_1_19' title="bbox 1916 645 3497 723">
     <span class='ocr_line' id='line_1_19' title="bbox 1916 645 3497 723; baseline -0.006 -16"><span class='ocrx_word' id='word_1_125' title='bbox 1916 655 2088 723; x_wconf 80' lang='lat' dir='ltr'><strong>magis</strong></span> <span class='ocrx_word' id='word_1_126' title='bbox 2108 669 2170 707; x_wconf 88' lang='lat' dir='ltr'><strong>ac</strong></span> <span class='ocrx_word' id='word_1_127' title='bbox 2201 654 2370 723; x_wconf 75' lang='lat' dir='ltr'><strong>magis</strong></span> <span class='ocrx_word' id='word_1_128' title='bbox 2396 666 2657 707; x_wconf 87' lang='lat' dir='ltr'><strong>exacuam</strong></span> <span class='ocrx_word' id='word_1_129' title='bbox 2684 668 2696 711; x_wconf 86' lang='lat'><strong>;</strong></span> <span class='ocrx_word' id='word_1_130' title='bbox 2732 648 2999 702; x_wconf 86' lang='lat' dir='ltr'><strong>cvellatur</strong></span> <span class='ocrx_word' id='word_1_131' title='bbox 3038 662 3068 700; x_wconf 87' lang='lat' dir='ltr'><strong>a</strong></span> <span class='ocrx_word' id='word_1_132' title='bbox 3104 645 3266 699; x_wconf 85' lang='lat' dir='ltr'><strong>corde</strong></span> <span class='ocrx_word' id='word_1_133' title='bbox 3311 653 3497 697; x_wconf 87' lang='lat' dir='ltr'><strong>nostro</strong></span> 
     </span>
    </p>
   </div>
   <div class='ocr_carea' id='block_1_20' title="bbox 1915 733 3496 804">
    <p class='ocr_par' dir='ltr' id='par_1_20' title="bbox 1915 733 3496 804">
     <span class='ocr_line' id='line_1_20' title="bbox 1915 733 3496 804; baseline -0.006 -9"><span class='ocrx_word' id='word_1_134' title='bbox 1915 744 2176 797; x_wconf 89' lang='lat' dir='ltr'><strong>radicitus</strong></span> <span class='ocrx_word' id='word_1_135' title='bbox 2209 744 2433 796; x_wconf 88' lang='lat' dir='ltr'><strong>avaritia</strong></span> <span class='ocrx_word' id='word_1_136' title='bbox 2462 782 2477 804; x_wconf 91' lang='lat'><strong>,</strong></span> <span class='ocrx_word' id='word_1_137' title='bbox 2528 738 2977 794; x_wconf 85' lang='lat' dir='ltr'><strong>concurrentibus</strong></span> <span class='ocrx_word' id='word_1_138' title='bbox 3019 736 3227 788; x_wconf 79' lang='lat' dir='ltr'><strong>scilicet</strong></span> <span class='ocrx_word' id='word_1_139' title='bbox 3250 733 3496 788; x_wconf 88' lang='lat' dir='ltr'><strong>omnium</strong></span> 
     </span>
    </p>
   </div>
   <div class='ocr_carea' id='block_1_21' title="bbox 1915 824 3496 899">
    <p class='ocr_par' dir='ltr' id='par_1_21' title="bbox 1915 824 3496 899">
     <span class='ocr_line' id='line_1_21' title="bbox 1915 824 3496 899; baseline -0.008 -14"><span class='ocrx_word' id='word_1_140' title='bbox 1915 832 2316 899; x_wconf 83' lang='lat' dir='ltr'><strong>Scripturarnm</strong></span> <span class='ocrx_word' id='word_1_141' title='bbox 2370 831 2694 884; x_wconf 85' lang='lat' dir='ltr'><strong>testimoniis</strong></span> <span class='ocrx_word' id='word_1_142' title='bbox 2763 826 3165 880; x_wconf 73' lang='lat' dir='ltr'><strong>evidentissima</strong></span> <span class='ocrx_word' id='word_1_143' title='bbox 3233 824 3496 877; x_wconf 78' lang='lat' dir='ltr'><strong>condetu-</strong></span> 
     </span>
    </p>
   </div>
   <div class='ocr_carea' id='block_1_22' title="bbox 1913 913 3494 987">
    <p class='ocr_par' dir='ltr' id='par_1_22' title="bbox 1913 913 3494 987">
     <span class='ocr_line' id='line_1_22' title="bbox 1913 913 3494 987; baseline -0.007 -12"><span class='ocrx_word' id='word_1_144' title='bbox 1913 932 2039 975; x_wconf 86' lang='lat' dir='ltr'><strong>nata</strong></span> <span class='ocrx_word' id='word_1_145' title='bbox 2072 940 2084 973; x_wconf 89' lang='lat'><strong>:</strong></span> <span class='ocrx_word' id='word_1_146' title='bbox 2113 932 2167 987; x_wconf 89' lang='lat' dir='ltr'><strong>et</strong></span> <span class='ocrx_word' id='word_1_147' title='bbox 2197 937 2319 975; x_wconf 90' lang='lat' dir='ltr'><strong>cum</strong></span> <span class='ocrx_word' id='word_1_148' title='bbox 2354 921 2535 973; x_wconf 76' lang='lat' dir='ltr'><strong>Acbau</strong></span> <span class='ocrx_word' id='word_1_149' title='bbox 2571 920 2680 971; x_wconf 87' lang='lat' dir='ltr'><strong>lilio</strong></span> <span class='ocrx_word' id='word_1_150' title='bbox 2712 917 2951 979; x_wconf 75' lang='lat' dir='ltr'><strong>Charini,</strong></span> <span class='ocrx_word' id='word_1_151' title='bbox 2982 917 3132 983; x_wconf 84' lang='lat' dir='ltr'><strong>quasi</strong></span> <span class='ocrx_word' id='word_1_152' title='bbox 3168 923 3244 967; x_wconf 92' lang='lat' dir='ltr'><strong>tot</strong></span> <span class='ocrx_word' id='word_1_153' title='bbox 3275 913 3494 966; x_wconf 82' lang='lat' dir='ltr'><strong>Patrum</strong></span> 
     </span>
    </p>
   </div>
   <div class='ocr_carea' id='block_1_23' title="bbox 1913 1001 3494 1080">
    <p class='ocr_par' dir='ltr' id='par_1_23' title="bbox 1913 1001 3494 1080">
     <span class='ocr_line' id='line_1_23' title="bbox 1913 1001 3494 1080; baseline -0.008 -13"><span class='ocrx_word' id='word_1_154' title='bbox 1913 1012 2195 1068; x_wconf 84' lang='lat' dir='ltr'><strong>sententiis</strong></span> <span class='ocrx_word' id='word_1_155' title='bbox 2223 1052 2237 1073; x_wconf 87' lang='lat'><strong>,</strong></span> <span class='ocrx_word' id='word_1_156' title='bbox 2282 1020 2413 1080; x_wconf 84' lang='lat' dir='ltr'><strong>quot</strong></span> <span class='ocrx_word' id='word_1_157' title='bbox 2454 1009 2717 1079; x_wconf 80' lang='lat' dir='ltr'><strong>lapidibus</strong></span> <span class='ocrx_word' id='word_1_158' title='bbox 2773 1009 2999 1075; x_wconf 86' lang='lat' dir='ltr'><strong>obrnpta</strong></span> <span class='ocrx_word' id='word_1_159' title='bbox 3044 1004 3183 1062; x_wconf 77' lang='lat' dir='ltr'><strong>llos.</strong></span> <span class='ocrx_word' id='word_1_160' title='bbox 3224 1011 3344 1069; x_wconf 74' lang='lat' dir='ltr'><strong>vn).</strong></span> <span class='ocrx_word' id='word_1_161' title='bbox 3378 1001 3494 1056; x_wconf 87' lang='lat' dir='ltr'><strong>Non</strong></span> 
     </span>
    </p>
   </div>
   <div class='ocr_carea' id='block_1_24' title="bbox 1912 1092 3492 1170">
    <p class='ocr_par' dir='ltr' id='par_1_24' title="bbox 1912 1092 3492 1170">
     <span class='ocr_line' id='line_1_24' title="bbox 1912 1092 3492 1170; baseline -0.006 -16"><span class='ocrx_word' id='word_1_162' title='bbox 1912 1102 2239 1170; x_wconf 82' lang='lat' dir='ltr'><strong>accipiendis</strong></span> <span class='ocrx_word' id='word_1_163' title='bbox 2280 1100 2592 1154; x_wconf 83' lang='lat' dir='ltr'><strong>muneribus</strong></span> <span class='ocrx_word' id='word_1_164' title='bbox 2643 1098 3022 1155; x_wconf 81' lang='lat' dir='ltr'><strong>delectemur.</strong></span> <span class='ocrx_word' id='word_1_165' title='bbox 3070 1110 3136 1148; x_wconf 91' lang='lat' dir='ltr'><strong>ne</strong></span> <span class='ocrx_word' id='word_1_166' title='bbox 3194 1095 3247 1147; x_wconf 91' lang='lat' dir='ltr'><strong>in</strong></span> <span class='ocrx_word' id='word_1_167' title='bbox 3296 1092 3492 1145; x_wconf 90' lang='lat' dir='ltr'><strong>occulti</strong></span> 
     </span>
    </p>
   </div>
   <div class='ocr_carea' id='block_1_25' title="bbox 1911 1182 3495 1255">
    <p class='ocr_par' dir='ltr' id='par_1_25' title="bbox 1911 1182 3495 1255">
     <span class='ocr_line' id='line_1_25' title="bbox 1911 1182 3495 1255; baseline -0.009 -10"><span class='ocrx_word' id='word_1_168' title='bbox 1911 1193 2157 1245; x_wconf 88' lang='lat' dir='ltr'><strong>censoris</strong></span> <span class='ocrx_word' id='word_1_169' title='bbox 2183 1192 2431 1245; x_wconf 77' lang='lat' dir='ltr'><strong>examine</strong></span> <span class='ocrx_word' id='word_1_170' title='bbox 2461 1205 2488 1242; x_wconf 88' lang='lat' dir='ltr'><strong>a</strong></span> <span class='ocrx_word' id='word_1_171' title='bbox 2518 1188 2862 1247; x_wconf 85' lang='lat' dir='ltr'><strong>sacerdotali.</strong></span> <span class='ocrx_word' id='word_1_172' title='bbox 2895 1187 3033 1255; x_wconf 84' lang='lat' dir='ltr'><strong>quod</strong></span> <span class='ocrx_word' id='word_1_173' title='bbox 3063 1184 3200 1238; x_wconf 87' lang='lat' dir='ltr'><strong>absit</strong></span> <span class='ocrx_word' id='word_1_174' title='bbox 3228 1185 3240 1237; x_wconf 85' lang='lat' dir='ltr'><strong>l</strong></span> <span class='ocrx_word' id='word_1_175' title='bbox 3278 1182 3495 1248; x_wconf 75' lang='lat' dir='ltr'><strong>dejicia-</strong></span> 
     </span>
    </p>
   </div>
   <div class='ocr_carea' id='block_1_26' title="bbox 1911 1270 3495 1341">
    <p class='ocr_par' dir='ltr' id='par_1_26' title="bbox 1911 1270 3495 1341">
     <span class='ocr_line' id='line_1_26' title="bbox 1911 1270 3495 1341; baseline -0.006 -6"><span class='ocrx_word' id='word_1_176' title='bbox 1911 1294 2034 1335; x_wconf 88' lang='lat' dir='ltr'><strong>mttr</strong></span> <span class='ocrx_word' id='word_1_177' title='bbox 2070 1279 2257 1332; x_wconf 81' lang='lat' dir='ltr'><strong>ordine</strong></span> <span class='ocrx_word' id='word_1_178' title='bbox 2281 1318 2295 1338; x_wconf 85' lang='lat'><em>.</em></span> <span class='ocrx_word' id='word_1_179' title='bbox 2345 1278 2483 1331; x_wconf 83' lang='lat' dir='ltr'><strong>sicut</strong></span> <span class='ocrx_word' id='word_1_180' title='bbox 2530 1276 2622 1330; x_wconf 73' lang='lat' dir='ltr'><strong>ﬁlii</strong></span> <span class='ocrx_word' id='word_1_181' title='bbox 2678 1274 2947 1329; x_wconf 72' lang='lat' dir='ltr'><strong>Samuelis</strong></span> <span class='ocrx_word' id='word_1_182' title='bbox 2986 1274 3055 1327; x_wconf 89' lang='lat' dir='ltr'><strong>ob</strong></span> <span class='ocrx_word' id='word_1_183' title='bbox 3095 1275 3197 1326; x_wconf 91' lang='lat' dir='ltr'><strong>hoc</strong></span> <span class='ocrx_word' id='word_1_184' title='bbox 3223 1270 3495 1341; x_wconf 72' lang='lat' dir='ltr'><strong>judicialis</strong></span> 
     </span>
    </p>
   </div>
   <div class='ocr_carea' id='block_1_27' title="bbox 1910 1364 3494 1437">
    <p class='ocr_par' dir='ltr' id='par_1_27' title="bbox 1910 1364 3494 1437">
     <span class='ocr_line' id='line_1_27' title="bbox 1910 1364 3494 1437; baseline -0.006 -16"><span class='ocrx_word' id='word_1_185' title='bbox 1910 1368 2144 1423; x_wconf 90' lang='lat' dir='ltr'><strong>amisere</strong></span> <span class='ocrx_word' id='word_1_186' title='bbox 2172 1367 2422 1421; x_wconf 89' lang='lat' dir='ltr'><strong>culminis</strong></span> <span class='ocrx_word' id='word_1_187' title='bbox 2460 1367 2798 1437; x_wconf 84' lang='lat' dir='ltr'><strong>dignitatem.</strong></span> <span class='ocrx_word' id='word_1_188' title='bbox 2840 1364 2956 1418; x_wconf 84' lang='lat' dir='ltr'><strong>Non</strong></span> <span class='ocrx_word' id='word_1_189' title='bbox 2987 1364 3281 1417; x_wconf 71' lang='lat' dir='ltr'><strong>vendamus</strong></span> <span class='ocrx_word' id='word_1_190' title='bbox 3326 1378 3494 1432; x_wconf 80' lang='lat' dir='ltr'><strong>syno-</strong></span> 
     </span>
    </p>
   </div>
   <div class='ocr_carea' id='block_1_28' title="bbox 1910 1450 3492 1527">
    <p class='ocr_par' dir='ltr' id='par_1_28' title="bbox 1910 1450 3492 1527">
     <span class='ocr_line' id='line_1_28' title="bbox 1910 1450 3492 1527; baseline -0.006 -16"><span class='ocrx_word' id='word_1_191' title='bbox 1910 1458 2037 1511; x_wconf 91' lang='lat' dir='ltr'><strong>dum</strong></span> <span class='ocrx_word' id='word_1_192' title='bbox 2062 1498 2077 1521; x_wconf 90' lang='lat'><strong>,</strong></span> <span class='ocrx_word' id='word_1_193' title='bbox 2128 1457 2520 1527; x_wconf 71' lang='lat' dir='ltr'><strong>ncc&#39;synodale</strong></span> <span class='ocrx_word' id='word_1_194' title='bbox 2555 1456 2835 1510; x_wconf 81' lang='lat' dir='ltr'><strong>decretum</strong></span> <span class='ocrx_word' id='word_1_195' title='bbox 2890 1455 3197 1522; x_wconf 82' lang='lat' dir='ltr'><strong>rcdigamns</strong></span> <span class='ocrx_word' id='word_1_196' title='bbox 3230 1452 3294 1504; x_wconf 89' lang='lat' dir='ltr'><strong>ad</strong></span> <span class='ocrx_word' id='word_1_197' title='bbox 3335 1450 3492 1520; x_wconf 61' lang='lat' dir='ltr'><strong>prt&#39;tii</strong></span> 
     </span>
    </p>
   </div>
   <div class='ocr_carea' id='block_1_29' title="bbox 1910 1545 3489 1615">
    <p class='ocr_par' dir='ltr' id='par_1_29' title="bbox 1910 1545 3489 1615">
     <span class='ocr_line' id='line_1_29' title="bbox 1910 1545 3489 1615; baseline -0.003 -18"><span class='ocrx_word' id='word_1_198' title='bbox 1910 1547 2305 1615; x_wconf 74' lang='lat' dir='ltr'><strong>quantitatem,</strong></span> <span class='ocrx_word' id='word_1_199' title='bbox 2357 1562 2423 1600; x_wconf 90' lang='lat' dir='ltr'><strong>ne</strong></span> <span class='ocrx_word' id='word_1_200' title='bbox 2472 1547 2609 1599; x_wconf 87' lang='lat' dir='ltr'><strong>sacri</strong></span> <span class='ocrx_word' id='word_1_201' title='bbox 2671 1545 2881 1599; x_wconf 77' lang='lat' dir='ltr'><strong>coacilii</strong></span> <span class='ocrx_word' id='word_1_202' title='bbox 2934 1546 3195 1613; x_wconf 89' lang='lat' dir='ltr'><strong>Spiritum</strong></span> <span class='ocrx_word' id='word_1_203' title='bbox 3245 1550 3489 1609; x_wconf 83' lang='lat' dir='ltr'><strong>sanctum</strong></span> 
     </span>
    </p>
   </div>
   <div class='ocr_carea' id='block_1_30' title="bbox 1910 1631 3493 1699">
    <p class='ocr_par' dir='ltr' id='par_1_30' title="bbox 1910 1631 3493 1699">
     <span class='ocr_line' id='line_1_30' title="bbox 1910 1631 3493 1699; baseline -0.003 -12"><span class='ocrx_word' id='word_1_204' title='bbox 1910 1635 2214 1689; x_wconf 80' lang='lat' dir='ltr'><strong>distrahere</strong></span> <span class='ocrx_word' id='word_1_205' title='bbox 2270 1635 2551 1687; x_wconf 81' lang='lat' dir='ltr'><strong>videamur</strong></span> <span class='ocrx_word' id='word_1_206' title='bbox 2602 1642 2901 1686; x_wconf 81' lang='lat' dir='ltr'><strong>auctorem.</strong></span> <span class='ocrx_word' id='word_1_207' title='bbox 2958 1631 3245 1685; x_wconf 76' lang='lat' dir='ltr'><strong>Szecnlaris</strong></span> <span class='ocrx_word' id='word_1_208' title='bbox 3285 1645 3493 1699; x_wconf 70' lang='lat' dir='ltr'><strong>pompze</strong></span> 
     </span>
    </p>
   </div>
   <div class='ocr_carea' id='block_1_31' title="bbox 1909 1720 3492 1785">
    <p class='ocr_par' dir='ltr' id='par_1_31' title="bbox 1909 1720 3492 1785">
     <span class='ocr_line' id='line_1_31' title="bbox 1909 1720 3492 1785; baseline -0.001 -10"><span class='ocrx_word' id='word_1_209' title='bbox 1909 1722 2145 1777; x_wconf 77' lang='lat' dir='ltr'><strong>facessat</strong></span> <span class='ocrx_word' id='word_1_210' title='bbox 2194 1722 2456 1785; x_wconf 80' lang='lat' dir='ltr'><strong>ambitio,</strong></span> <span class='ocrx_word' id='word_1_211' title='bbox 2518 1723 2829 1776; x_wconf 89' lang='lat' dir='ltr'><strong>moderetur</strong></span> <span class='ocrx_word' id='word_1_212' title='bbox 2900 1722 3044 1773; x_wconf 89' lang='lat' dir='ltr'><strong>nitor</strong></span> <span class='ocrx_word' id='word_1_213' title='bbox 3099 1730 3152 1773; x_wconf 88' lang='lat' dir='ltr'><strong>ct</strong></span> <span class='ocrx_word' id='word_1_214' title='bbox 3205 1720 3492 1773; x_wconf 74' lang='lat' dir='ltr'><strong>insolentia</strong></span> 
     </span>
    </p>
   </div>
   <div class='ocr_carea' id='block_1_32' title="bbox 1908 1810 3494 1881">
    <p class='ocr_par' dir='ltr' id='par_1_32' title="bbox 1908 1810 3494 1881">
     <span class='ocr_line' id='line_1_32' title="bbox 1908 1810 3494 1881; baseline -0.005 -16"><span class='ocrx_word' id='word_1_215' title='bbox 1908 1814 2160 1875; x_wconf 87' lang='lat' dir='ltr'><strong>vestium,</strong></span> <span class='ocrx_word' id='word_1_216' title='bbox 2208 1813 2514 1881; x_wconf 73' lang='lat' dir='ltr'><strong>epularum,</strong></span> <span class='ocrx_word' id='word_1_217' title='bbox 2544 1827 2607 1865; x_wconf 84' lang='lat' dir='ltr'><strong>ac</strong></span> <span class='ocrx_word' id='word_1_218' title='bbox 2644 1822 2864 1880; x_wconf 75' lang='lat' dir='ltr'><strong>potuum</strong></span> <span class='ocrx_word' id='word_1_219' title='bbox 2898 1810 3243 1880; x_wconf 77' lang='lat' dir='ltr'><strong>ingurgitatio</strong></span> <span class='ocrx_word' id='word_1_220' title='bbox 3288 1810 3494 1877; x_wconf 82' lang='lat' dir='ltr'><strong>tempe-</strong></span> 
     </span>
    </p>
   </div>
   <div class='ocr_carea' id='block_1_33' title="bbox 223 1901 3487 1988">
    <p class='ocr_par' dir='ltr' id='par_1_33' title="bbox 223 1901 3487 1988">
     <span class='ocr_line' id='line_1_33' title="bbox 223 1901 3487 1988; baseline -0.008 -13"><span class='ocrx_word' id='word_1_221' title='bbox 223 1937 382 1984; x_wconf 87' lang='lat' dir='ltr'><strong>rum,</strong></span> <span class='ocrx_word' id='word_1_222' title='bbox 410 1936 473 1975; x_wconf 89' lang='lat' dir='ltr'><strong>ac</strong></span> <span class='ocrx_word' id='word_1_223' title='bbox 516 1936 611 1988; x_wconf 89' lang='lat' dir='ltr'><strong>per</strong></span> <span class='ocrx_word' id='word_1_224' title='bbox 635 1920 738 1974; x_wconf 91' lang='lat' dir='ltr'><strong>hoc</strong></span> <span class='ocrx_word' id='word_1_225' title='bbox 763 1920 1003 1973; x_wconf 91' lang='lat' dir='ltr'><strong>omnium</strong></span> <span class='ocrx_word' id='word_1_226' title='bbox 1053 1918 1354 1971; x_wconf 86' lang='lat' dir='ltr'><strong>divinarum</strong></span> <span class='ocrx_word' id='word_1_227' title='bbox 1402 1917 1805 1984; x_wconf 59' lang='lat' dir='ltr'><strong>Scriptus-arum</strong></span> <span class='ocrx_word' id='word_1_228' title='bbox 1839 1909 1879 1966; x_wconf 79' lang='lat' dir='ltr'><strong>n</strong></span> <span class='ocrx_word' id='word_1_229' title='bbox 1912 1912 2084 1957; x_wconf 88' lang='lat' dir='ltr'><strong>retur.</strong></span> <span class='ocrx_word' id='word_1_230' title='bbox 2113 1904 2167 1955; x_wconf 90' lang='lat' dir='ltr'><strong>In</strong></span> <span class='ocrx_word' id='word_1_231' title='bbox 2197 1917 2387 1955; x_wconf 82' lang='lat' dir='ltr'><strong>manus</strong></span> <span class='ocrx_word' id='word_1_232' title='bbox 2414 1917 2711 1971; x_wconf 84' lang='lat' dir='ltr'><strong>pauperum</strong></span> <span class='ocrx_word' id='word_1_233' title='bbox 2746 1911 2925 1954; x_wconf 79' lang='lat' dir='ltr'><strong>nostra</strong></span> <span class='ocrx_word' id='word_1_234' title='bbox 2961 1901 3196 1969; x_wconf 81' lang='lat' dir='ltr'><strong>pecunia</strong></span> <span class='ocrx_word' id='word_1_235' title='bbox 3217 1908 3487 1961; x_wconf 84' lang='lat' dir='ltr'><strong>transeat;</strong></span> 
     </span>
    </p>
   </div>
   <div class='ocr_carea' id='block_1_34' title="bbox 221 2005 1803 2079">
    <p class='ocr_par' dir='ltr' id='par_1_34' title="bbox 221 2005 1803 2079">
     <span class='ocr_line' id='line_1_34' title="bbox 221 2005 1803 2079; baseline -0.005 -13"><span class='ocrx_word' id='word_1_236' title='bbox 221 2010 526 2079; x_wconf 87' lang='lat' dir='ltr'><strong>intelligere</strong></span> <span class='ocrx_word' id='word_1_237' title='bbox 548 2009 808 2063; x_wconf 82' lang='lat' dir='ltr'><strong>debemus</strong></span> <span class='ocrx_word' id='word_1_238' title='bbox 838 2008 1106 2076; x_wconf 80' lang='lat' dir='ltr'><strong>eloquium</strong></span> <span class='ocrx_word' id='word_1_239' title='bbox 1128 2007 1152 2060; x_wconf 88' lang='lat'><strong>?</strong></span> <span class='ocrx_word' id='word_1_240' title='bbox 1173 2005 1329 2071; x_wconf 83' lang='lat' dir='ltr'><strong>Nam,</strong></span> <span class='ocrx_word' id='word_1_241' title='bbox 1357 2016 1515 2075; x_wconf 89' lang='lat' dir='ltr'><strong>prout</strong></span> <span class='ocrx_word' id='word_1_242' title='bbox 1542 2005 1667 2059; x_wconf 83' lang='lat' dir='ltr'><strong>alibi</strong></span> <span class='ocrx_word' id='word_1_243' title='bbox 1694 2005 1803 2073; x_wconf 73' lang='lat' dir='ltr'><strong>jam</strong></span> 
     </span>
    </p>
   </div>
   <div class='ocr_carea' id='block_1_35' title="bbox 222 2096 1807 2164">
    <p class='ocr_par' dir='ltr' id='par_1_35' title="bbox 222 2096 1807 2164">
     <span class='ocr_line' id='line_1_35' title="bbox 222 2096 1807 2164; baseline -0.002 -13"><span class='ocrx_word' id='word_1_244' title='bbox 222 2096 485 2160; x_wconf 76' lang='lat' dir='ltr'><strong>diximus,</strong></span> <span class='ocrx_word' id='word_1_245' title='bbox 527 2097 630 2149; x_wconf 88' lang='lat' dir='ltr'><strong>vile</strong></span> <span class='ocrx_word' id='word_1_246' title='bbox 657 2097 873 2164; x_wconf 80' lang='lat' dir='ltr'><strong>quidem</strong></span> <span class='ocrx_word' id='word_1_247' title='bbox 921 2096 1146 2156; x_wconf 84' lang='lat' dir='ltr'><strong>ferrum,</strong></span> <span class='ocrx_word' id='word_1_248' title='bbox 1176 2104 1356 2149; x_wconf 87' lang='lat' dir='ltr'><strong>tamen</strong></span> <span class='ocrx_word' id='word_1_249' title='bbox 1401 2096 1617 2148; x_wconf 87' lang='lat' dir='ltr'><strong>edomat</strong></span> <span class='ocrx_word' id='word_1_250' title='bbox 1646 2109 1807 2148; x_wconf 85' lang='lat' dir='ltr'><strong>omne</strong></span> 
     </span>
    </p>
   </div>
   <div class='ocr_carea' id='block_1_36' title="bbox 221 2182 1815 2239">
    <p class='ocr_par' dir='ltr' id='par_1_36' title="bbox 221 2182 1815 2239">
     <span class='ocr_line' id='line_1_36' title="bbox 221 2182 1815 2239; baseline -0.001 -1"><span class='ocrx_word' id='word_1_251' title='bbox 221 2185 529 2239; x_wconf 86' lang='lat' dir='ltr'><strong>metallum.</strong></span> <span class='ocrx_word' id='word_1_252' title='bbox 578 2183 731 2238; x_wconf 84' lang='lat' dir='ltr'><strong>Sicut</strong></span> <span class='ocrx_word' id='word_1_253' title='bbox 780 2184 982 2238; x_wconf 89' lang='lat' dir='ltr'><strong>ferrum</strong></span> <span class='ocrx_word' id='word_1_254' title='bbox 1027 2182 1258 2238; x_wconf 82' lang='lat' dir='ltr'><strong>metallis</strong></span> <span class='ocrx_word' id='word_1_255' title='bbox 1285 2186 1535 2238; x_wconf 88' lang='lat' dir='ltr'><strong>omnibus</strong></span> <span class='ocrx_word' id='word_1_256' title='bbox 1563 2185 1815 2237; x_wconf 55' lang='lat' dir='ltr'><strong>domina-</strong></span> 
     </span>
    </p>
   </div>
   <div class='ocr_carea' id='block_1_37' title="bbox 222 2274 1805 2342">
    <p class='ocr_par' dir='ltr' id='par_1_37' title="bbox 222 2274 1805 2342">
     <span class='ocr_line' id='line_1_37' title="bbox 222 2274 1805 2342; baseline 0 -14"><span class='ocrx_word' id='word_1_257' title='bbox 222 2282 341 2337; x_wconf 88' lang='lat' dir='ltr'><strong>tur;</strong></span> <span class='ocrx_word' id='word_1_258' title='bbox 374 2276 454 2327; x_wconf 89' lang='lat' dir='ltr'><strong>sic</strong></span> <span class='ocrx_word' id='word_1_259' title='bbox 494 2274 802 2342; x_wconf 82' lang='lat' dir='ltr'><strong>evangelica</strong></span> <span class='ocrx_word' id='word_1_260' title='bbox 830 2275 1069 2329; x_wconf 82' lang='lat' dir='ltr'><strong>doctrina</strong></span> <span class='ocrx_word' id='word_1_261' title='bbox 1112 2275 1277 2329; x_wconf 90' lang='lat' dir='ltr'><strong>duras</strong></span> <span class='ocrx_word' id='word_1_262' title='bbox 1316 2284 1524 2330; x_wconf 88' lang='lat' dir='ltr'><strong>mentes</strong></span> <span class='ocrx_word' id='word_1_263' title='bbox 1564 2276 1805 2329; x_wconf 76' lang='lat' dir='ltr'><strong>emollire</strong></span> 
     </span>
    </p>
   </div>
   <div class='ocr_carea' id='block_1_38' title="bbox 218 2364 1807 2434">
    <p class='ocr_par' dir='ltr' id='par_1_38' title="bbox 218 2364 1807 2434">
     <span class='ocr_line' id='line_1_38' title="bbox 218 2364 1807 2434; baseline 0.002 -17"><span class='ocrx_word' id='word_1_264' title='bbox 218 2366 591 2434; x_wconf 80' lang='lat' dir='ltr'><strong>cognoscitur.</strong></span> <span class='ocrx_word' id='word_1_265' title='bbox 640 2364 777 2431; x_wconf 88' lang='lat' dir='ltr'><strong>Quid</strong></span> <span class='ocrx_word' id='word_1_266' title='bbox 817 2374 902 2419; x_wconf 90' lang='lat' dir='ltr'><strong>est</strong></span> <span class='ocrx_word' id='word_1_267' title='bbox 949 2377 1077 2434; x_wconf 86' lang='lat' dir='ltr'><strong>ergo</strong></span> <span class='ocrx_word' id='word_1_268' title='bbox 1117 2381 1279 2433; x_wconf 87' lang='lat' dir='ltr'><strong>super</strong></span> <span class='ocrx_word' id='word_1_269' title='bbox 1323 2375 1511 2434; x_wconf 86' lang='lat' dir='ltr'><strong>captos</strong></span> <span class='ocrx_word' id='word_1_270' title='bbox 1561 2366 1807 2420; x_wconf 83' lang='lat' dir='ltr'><strong>homines</strong></span> 
     </span>
    </p>
   </div>
   <div class='ocr_carea' id='block_1_39' title="bbox 219 2444 1810 2525">
    <p class='ocr_par' dir='ltr' id='par_1_39' title="bbox 219 2444 1810 2525">
     <span class='ocr_line' id='line_1_39' title="bbox 219 2444 1810 2525; baseline 0 -19"><span class='ocrx_word' id='word_1_271' title='bbox 219 2444 426 2507; x_wconf 81' lang='lat' dir='ltr'><strong>ferrata</strong></span> <span class='ocrx_word' id='word_1_272' title='bbox 489 2464 743 2523; x_wconf 82' lang='lat' dir='ltr'><strong>carpenta</strong></span> <span class='ocrx_word' id='word_1_273' title='bbox 797 2456 1201 2525; x_wconf 75' lang='lat' dir='ltr'><strong>circumagere,</strong></span> <span class='ocrx_word' id='word_1_274' title='bbox 1261 2455 1364 2507; x_wconf 85' lang='lat' dir='ltr'><strong>nisi</strong></span> <span class='ocrx_word' id='word_1_275' title='bbox 1424 2469 1591 2508; x_wconf 73' lang='lat' dir='ltr'><strong>sacrte</strong></span> <span class='ocrx_word' id='word_1_276' title='bbox 1645 2454 1810 2522; x_wconf 73' lang='lat'><strong>552</strong></span> 
     </span>
    </p>
   </div>
   <div class='ocr_carea' id='block_1_40' title="bbox 220 2543 1807 2613">
    <p class='ocr_par' dir='ltr' id='par_1_40' title="bbox 220 2543 1807 2613">
     <span class='ocr_line' id='line_1_40' title="bbox 220 2543 1807 2613; baseline 0 -15"><span class='ocrx_word' id='word_1_277' title='bbox 220 2543 522 2613; x_wconf 68' lang='lat' dir='ltr'><strong>Scripturre</strong></span> <span class='ocrx_word' id='word_1_278' title='bbox 552 2546 683 2600; x_wconf 87' lang='lat' dir='ltr'><strong>rotis</strong></span> <span class='ocrx_word' id='word_1_279' title='bbox 719 2546 1074 2600; x_wconf 80' lang='lat' dir='ltr'><strong>humanarum</strong></span> <span class='ocrx_word' id='word_1_280' title='bbox 1122 2547 1381 2601; x_wconf 87' lang='lat' dir='ltr'><strong>mentium</strong></span> <span class='ocrx_word' id='word_1_281' title='bbox 1429 2562 1611 2600; x_wconf 88' lang='lat' dir='ltr'><strong>aream</strong></span> <span class='ocrx_word' id='word_1_282' title='bbox 1647 2546 1807 2599; x_wconf 87' lang='lat' dir='ltr'><strong>tritu-</strong></span> 
     </span>
    </p>
   </div>
   <div class='ocr_carea' id='block_1_41' title="bbox 220 2635 1799 2692">
    <p class='ocr_par' dir='ltr' id='par_1_41' title="bbox 220 2635 1799 2692">
     <span class='ocr_line' id='line_1_41' title="bbox 220 2635 1799 2692; baseline 0.001 -4"><span class='ocrx_word' id='word_1_283' title='bbox 220 2635 381 2688; x_wconf 85' lang='lat' dir='ltr'><strong>rare?</strong></span> <span class='ocrx_word' id='word_1_284' title='bbox 413 2644 473 2688; x_wconf 90' lang='lat' dir='ltr'><strong>ut</strong></span> <span class='ocrx_word' id='word_1_285' title='bbox 514 2636 564 2688; x_wconf 91' lang='lat' dir='ltr'><strong>in</strong></span> <span class='ocrx_word' id='word_1_286' title='bbox 612 2637 691 2690; x_wconf 87' lang='lat' dir='ltr'><strong>eis</strong></span> <span class='ocrx_word' id='word_1_287' title='bbox 717 2652 895 2691; x_wconf 88' lang='lat' dir='ltr'><strong>sermo</strong></span> <span class='ocrx_word' id='word_1_288' title='bbox 920 2639 1131 2692; x_wconf 89' lang='lat' dir='ltr'><strong>divinus</strong></span> <span class='ocrx_word' id='word_1_289' title='bbox 1158 2646 1206 2691; x_wconf 85' lang='lat' dir='ltr'><strong>et</strong></span> <span class='ocrx_word' id='word_1_290' title='bbox 1242 2638 1494 2691; x_wconf 83' lang='lat' dir='ltr'><strong>vitiorum</strong></span> <span class='ocrx_word' id='word_1_291' title='bbox 1531 2638 1799 2691; x_wconf 80' lang='lat' dir='ltr'><strong>reluctan-</strong></span> 
     </span>
    </p>
   </div>
   <div class='ocr_carea' id='block_1_42' title="bbox 218 2723 1807 2794">
    <p class='ocr_par' dir='ltr' id='par_1_42' title="bbox 218 2723 1807 2794">
     <span class='ocr_line' id='line_1_42' title="bbox 218 2723 1807 2794; baseline 0.002 -19"><span class='ocrx_word' id='word_1_292' title='bbox 218 2723 352 2777; x_wconf 89' lang='lat' dir='ltr'><strong>tium</strong></span> <span class='ocrx_word' id='word_1_293' title='bbox 381 2723 570 2792; x_wconf 80' lang='lat' dir='ltr'><strong>glebas</strong></span> <span class='ocrx_word' id='word_1_294' title='bbox 608 2726 839 2790; x_wconf 82' lang='lat' dir='ltr'><strong>obterat,</strong></span> <span class='ocrx_word' id='word_1_295' title='bbox 874 2735 930 2779; x_wconf 91' lang='lat' dir='ltr'><strong>et</strong></span> <span class='ocrx_word' id='word_1_296' title='bbox 969 2741 1061 2781; x_wconf 84' lang='lat' dir='ltr'><strong>ens</strong></span> <span class='ocrx_word' id='word_1_297' title='bbox 1094 2728 1158 2780; x_wconf 88' lang='lat' dir='ltr'><strong>ad</strong></span> <span class='ocrx_word' id='word_1_298' title='bbox 1182 2727 1552 2794; x_wconf 81' lang='lat' dir='ltr'><strong>suscipiendas</strong></span> <span class='ocrx_word' id='word_1_299' title='bbox 1586 2726 1807 2778; x_wconf 86' lang='lat' dir='ltr'><strong>manda-</strong></span> 
     </span>
    </p>
   </div>
   <div class='ocr_carea' id='block_1_43' title="bbox 220 2814 1805 2887">
    <p class='ocr_par' dir='ltr' id='par_1_43' title="bbox 220 2814 1805 2887">
     <span class='ocr_line' id='line_1_43' title="bbox 220 2814 1805 2887; baseline 0.001 -20"><span class='ocrx_word' id='word_1_300' title='bbox 220 2821 399 2868; x_wconf 89' lang='lat' dir='ltr'><strong>torum</strong></span> <span class='ocrx_word' id='word_1_301' title='bbox 453 2814 755 2869; x_wconf 67' lang='lat' dir='ltr'><strong>caelestium</strong></span> <span class='ocrx_word' id='word_1_302' title='bbox 786 2825 994 2884; x_wconf 84' lang='lat' dir='ltr'><strong>segetes</strong></span> <span class='ocrx_word' id='word_1_303' title='bbox 1025 2819 1370 2887; x_wconf 69' lang='lat' dir='ltr'><strong>complanare</strong></span> <span class='ocrx_word' id='word_1_304' title='bbox 1424 2826 1479 2872; x_wconf 87' lang='lat' dir='ltr'><strong>et</strong></span> <span class='ocrx_word' id='word_1_305' title='bbox 1522 2832 1805 2885; x_wconf 68' lang='lat' dir='ltr'><strong>exaequare</strong></span> 
     </span>
    </p>
   </div>
   <div class='ocr_carea' id='block_1_44' title="bbox 216 2903 1801 2973">
    <p class='ocr_par' dir='ltr' id='par_1_44' title="bbox 216 2903 1801 2973">
     <span class='ocr_line' id='line_1_44' title="bbox 216 2903 1801 2973; baseline 0 -16"><span class='ocrx_word' id='word_1_306' title='bbox 216 2903 533 2957; x_wconf 85' lang='lat' dir='ltr'><strong>contendat.</strong></span> <span class='ocrx_word' id='word_1_307' title='bbox 568 2903 634 2956; x_wconf 85' lang='lat' dir='ltr'><strong>Et</strong></span> <span class='ocrx_word' id='word_1_308' title='bbox 677 2904 805 2973; x_wconf 87' lang='lat' dir='ltr'><strong>quid</strong></span> <span class='ocrx_word' id='word_1_309' title='bbox 852 2913 934 2959; x_wconf 90' lang='lat' dir='ltr'><strong>est</strong></span> <span class='ocrx_word' id='word_1_310' title='bbox 961 2945 975 2969; x_wconf 91' lang='lat'><strong>,</strong></span> <span class='ocrx_word' id='word_1_311' title='bbox 1016 2920 1109 2959; x_wconf 83' lang='lat' dir='ltr'><strong>eos</strong></span> <span class='ocrx_word' id='word_1_312' title='bbox 1138 2905 1327 2960; x_wconf 77' lang='lat' dir='ltr'><strong>cultris</strong></span> <span class='ocrx_word' id='word_1_313' title='bbox 1373 2906 1611 2959; x_wconf 84' lang='lat' dir='ltr'><strong>dividere</strong></span> <span class='ocrx_word' id='word_1_314' title='bbox 1636 2943 1653 2967; x_wconf 86' lang='lat'><strong>,</strong></span> <span class='ocrx_word' id='word_1_315' title='bbox 1701 2904 1801 2957; x_wconf 84' lang='lat' dir='ltr'><strong>nisi</strong></span> 
     </span>
    </p>
   </div>
   <div class='ocr_carea' id='block_1_45' title="bbox 218 2992 1806 3060">
    <p class='ocr_par' dir='ltr' id='par_1_45' title="bbox 218 2992 1806 3060">
     <span class='ocr_line' id='line_1_45' title="bbox 218 2992 1806 3060; baseline -0.001 -14"><span class='ocrx_word' id='word_1_316' title='bbox 218 3002 568 3060; x_wconf 88' lang='lat' dir='ltr'><strong>peccatorum</strong></span> <span class='ocrx_word' id='word_1_317' title='bbox 597 2992 877 3047; x_wconf 83' lang='lat' dir='ltr'><strong>hominum</strong></span> <span class='ocrx_word' id='word_1_318' title='bbox 901 2993 1288 3047; x_wconf 87' lang='lat' dir='ltr'><strong>conscientiam</strong></span> <span class='ocrx_word' id='word_1_319' title='bbox 1311 2992 1377 3046; x_wconf 91' lang='lat' dir='ltr'><strong>ad</strong></span> <span class='ocrx_word' id='word_1_320' title='bbox 1406 2992 1806 3047; x_wconf 84' lang='lat' dir='ltr'><strong>confessionem</strong></span> 
     </span>
    </p>
   </div>
   <div class='ocr_carea' id='block_1_46' title="bbox 216 3082 1802 3154">
    <p class='ocr_par' dir='ltr' id='par_1_46' title="bbox 216 3082 1802 3154">
     <span class='ocr_line' id='line_1_46' title="bbox 216 3082 1802 3154; baseline 0.001 -19"><span class='ocrx_word' id='word_1_321' title='bbox 216 3082 387 3135; x_wconf 84' lang='lat' dir='ltr'><strong>divini</strong></span> <span class='ocrx_word' id='word_1_322' title='bbox 422 3084 569 3137; x_wconf 90' lang='lat' dir='ltr'><strong>verbi</strong></span> <span class='ocrx_word' id='word_1_323' title='bbox 601 3084 1074 3151; x_wconf 73' lang='lat' dir='ltr'><strong>prtedicationibus</strong></span> <span class='ocrx_word' id='word_1_324' title='bbox 1108 3086 1356 3154; x_wconf 84' lang='lat' dir='ltr'><strong>aperire?</strong></span> <span class='ocrx_word' id='word_1_325' title='bbox 1397 3085 1473 3140; x_wconf 91' lang='lat' dir='ltr'><strong>De</strong></span> <span class='ocrx_word' id='word_1_326' title='bbox 1500 3100 1606 3153; x_wconf 88' lang='lat' dir='ltr'><strong>quo</strong></span> <span class='ocrx_word' id='word_1_327' title='bbox 1636 3085 1802 3139; x_wconf 88' lang='lat' dir='ltr'><strong>verbo</strong></span> 
     </span>
    </p>
   </div>
   <div class='ocr_carea' id='block_1_47' title="bbox 216 3175 1798 3244">
    <p class='ocr_par' dir='ltr' id='par_1_47' title="bbox 216 3175 1798 3244">
     <span class='ocr_line' id='line_1_47' title="bbox 216 3175 1798 3244; baseline 0.001 -17"><span class='ocrx_word' id='word_1_328' title='bbox 216 3175 347 3227; x_wconf 86' lang='lat' dir='ltr'><strong>dicit</strong></span> <span class='ocrx_word' id='word_1_329' title='bbox 372 3176 699 3244; x_wconf 81' lang='lat' dir='ltr'><strong>Apostolus:</strong></span> <span class='ocrx_word' id='word_1_330' title='bbox 733 3195 749 3226; x_wconf 77' lang='grc' dir='ltr'><strong>ι</strong></span> <span class='ocrx_word' id='word_1_331' title='bbox 778 3175 1023 3229; x_wconf 81' lang='lat' dir='ltr'><strong>Gladium</strong></span> <span class='ocrx_word' id='word_1_332' title='bbox 1047 3175 1290 3244; x_wconf 87' lang='lat' dir='ltr'><strong>spiritus,</strong></span> <span class='ocrx_word' id='word_1_333' title='bbox 1311 3178 1452 3244; x_wconf 89' lang='lat' dir='ltr'><strong>quod</strong></span> <span class='ocrx_word' id='word_1_334' title='bbox 1474 3185 1555 3230; x_wconf 88' lang='lat' dir='ltr'><strong>est</strong></span> <span class='ocrx_word' id='word_1_335' title='bbox 1576 3177 1798 3229; x_wconf 85' lang='lat' dir='ltr'><strong>verbum</strong></span> 
     </span>
    </p>
   </div>
   <div class='ocr_carea' id='block_1_48' title="bbox 216 3262 1801 3335">
    <p class='ocr_par' dir='ltr' id='par_1_48' title="bbox 216 3262 1801 3335">
     <span class='ocr_line' id='line_1_48' title="bbox 216 3262 1801 3335; baseline 0.003 -18"><span class='ocrx_word' id='word_1_336' title='bbox 216 3262 310 3317; x_wconf 86' lang='lat' dir='ltr'><strong>Dei</strong></span> <span class='ocrx_word' id='word_1_337' title='bbox 358 3263 577 3330; x_wconf 81' lang='lat' dir='ltr'><strong>(Ephes.</strong></span> <span class='ocrx_word' id='word_1_338' title='bbox 610 3264 708 3334; x_wconf 76' lang='lat' dir='ltr'><strong>vi).</strong></span> <span class='ocrx_word' id='word_1_339' title='bbox 737 3284 757 3317; x_wconf 79' lang='grc' dir='ltr'><strong>ι</strong></span> <span class='ocrx_word' id='word_1_340' title='bbox 793 3265 945 3319; x_wconf 87' lang='lat' dir='ltr'><strong>Tunc</strong></span> <span class='ocrx_word' id='word_1_341' title='bbox 991 3267 1135 3319; x_wconf 89' lang='lat' dir='ltr'><strong>enim</strong></span> <span class='ocrx_word' id='word_1_342' title='bbox 1180 3276 1435 3334; x_wconf 87' lang='lat' dir='ltr'><strong>tanquam</strong></span> <span class='ocrx_word' id='word_1_343' title='bbox 1469 3267 1801 3335; x_wconf 89' lang='lat' dir='ltr'><strong>spiritalibus</strong></span> 
     </span>
    </p>
   </div>
   <div class='ocr_carea' id='block_1_49' title="bbox 215 3351 1800 3423">
    <p class='ocr_par' dir='ltr' id='par_1_49' title="bbox 215 3351 1800 3423">
     <span class='ocr_line' id='line_1_49' title="bbox 215 3351 1800 3423; baseline 0.003 -17"><span class='ocrx_word' id='word_1_344' title='bbox 215 3351 412 3406; x_wconf 88' lang='lat' dir='ltr'><strong>cultris</strong></span> <span class='ocrx_word' id='word_1_345' title='bbox 465 3352 628 3405; x_wconf 89' lang='lat' dir='ltr'><strong>homo</strong></span> <span class='ocrx_word' id='word_1_346' title='bbox 658 3353 914 3406; x_wconf 88' lang='lat' dir='ltr'><strong>dividitur</strong></span> <span class='ocrx_word' id='word_1_347' title='bbox 938 3392 953 3416; x_wconf 91' lang='lat'><strong>,</strong></span> <span class='ocrx_word' id='word_1_348' title='bbox 984 3369 1106 3408; x_wconf 90' lang='lat' dir='ltr'><strong>cum</strong></span> <span class='ocrx_word' id='word_1_349' title='bbox 1154 3355 1220 3407; x_wconf 88' lang='lat' dir='ltr'><strong>ad</strong></span> <span class='ocrx_word' id='word_1_350' title='bbox 1248 3355 1574 3423; x_wconf 87' lang='lat' dir='ltr'><strong>detegendas</strong></span> <span class='ocrx_word' id='word_1_351' title='bbox 1609 3358 1800 3410; x_wconf 75' lang='lat' dir='ltr'><strong>anitnze</strong></span> 
     </span>
    </p>
   </div>
   <div class='ocr_carea' id='block_1_50' title="bbox 214 3440 1799 3511">
    <p class='ocr_par' dir='ltr' id='par_1_50' title="bbox 214 3440 1799 3511">
     <span class='ocr_line' id='line_1_50' title="bbox 214 3440 1799 3511; baseline 0.004 -18"><span class='ocrx_word' id='word_1_352' title='bbox 214 3454 330 3493; x_wconf 63' lang='lat' dir='ltr'><strong>sum</strong></span> <span class='ocrx_word' id='word_1_353' title='bbox 351 3440 539 3510; x_wconf 81' lang='lat' dir='ltr'><strong>plagas</strong></span> <span class='ocrx_word' id='word_1_354' title='bbox 563 3441 732 3494; x_wconf 86' lang='lat' dir='ltr'><strong>divini</strong></span> <span class='ocrx_word' id='word_1_355' title='bbox 767 3441 916 3495; x_wconf 79' lang='lat' dir='ltr'><strong>verbi</strong></span> <span class='ocrx_word' id='word_1_356' title='bbox 947 3441 1124 3511; x_wconf 90' lang='lat' dir='ltr'><strong>gladio</strong></span> <span class='ocrx_word' id='word_1_357' title='bbox 1151 3444 1452 3497; x_wconf 88' lang='lat' dir='ltr'><strong>desecatur.</strong></span> <span class='ocrx_word' id='word_1_358' title='bbox 1490 3444 1599 3499; x_wconf 91' lang='lat' dir='ltr'><strong>Cur</strong></span> <span class='ocrx_word' id='word_1_359' title='bbox 1622 3455 1799 3499; x_wconf 90' lang='lat' dir='ltr'><strong>autem</strong></span> 
     </span>
    </p>
   </div>
   <div class='ocr_carea' id='block_1_51' title="bbox 214 3529 1799 3599">
    <p class='ocr_par' dir='ltr' id='par_1_51' title="bbox 214 3529 1799 3599">
     <span class='ocr_line' id='line_1_51' title="bbox 214 3529 1799 3599; baseline 0.004 -16"><span class='ocrx_word' id='word_1_360' title='bbox 214 3541 312 3583; x_wconf 89' lang='lat' dir='ltr'><strong>eos</strong></span> <span class='ocrx_word' id='word_1_361' title='bbox 345 3529 403 3582; x_wconf 89' lang='lat' dir='ltr'><strong>in</strong></span> <span class='ocrx_word' id='word_1_362' title='bbox 453 3540 635 3599; x_wconf 78' lang='lat' dir='ltr'><strong>typum</strong></span> <span class='ocrx_word' id='word_1_363' title='bbox 678 3530 905 3585; x_wconf 81' lang='lat' dir='ltr'><strong>laterum</strong></span> <span class='ocrx_word' id='word_1_364' title='bbox 952 3533 1325 3588; x_wconf 86' lang='lat' dir='ltr'><strong>trausduxisse</strong></span> <span class='ocrx_word' id='word_1_365' title='bbox 1374 3536 1799 3597; x_wconf 49' lang='lat' dir='ltr'><strong>narratur,’nisi</strong></span> 
     </span>
    </p>
   </div>
   <div class='ocr_carea' id='block_1_52' title="bbox 214 3616 1799 3685">
    <p class='ocr_par' dir='ltr' id='par_1_52' title="bbox 214 3616 1799 3685">
     <span class='ocr_line' id='line_1_52' title="bbox 214 3616 1799 3685; baseline 0.006 -18"><span class='ocrx_word' id='word_1_366' title='bbox 214 3618 345 3685; x_wconf 89' lang='lat' dir='ltr'><strong>quia</strong></span> <span class='ocrx_word' id='word_1_367' title='bbox 378 3616 575 3673; x_wconf 87' lang='lat' dir='ltr'><strong>lateres</strong></span> <span class='ocrx_word' id='word_1_368' title='bbox 603 3628 657 3672; x_wconf 89' lang='lat' dir='ltr'><strong>et</strong></span> <span class='ocrx_word' id='word_1_369' title='bbox 707 3620 905 3673; x_wconf 89' lang='lat' dir='ltr'><strong>terreni</strong></span> <span class='ocrx_word' id='word_1_370' title='bbox 938 3629 1065 3673; x_wconf 89' lang='lat' dir='ltr'><strong>sunt</strong></span> <span class='ocrx_word' id='word_1_371' title='bbox 1094 3630 1149 3674; x_wconf 87' lang='lat' dir='ltr'><strong>et</strong></span> <span class='ocrx_word' id='word_1_372' title='bbox 1186 3622 1431 3677; x_wconf 86' lang='lat' dir='ltr'><strong>decocti?</strong></span> <span class='ocrx_word' id='word_1_373' title='bbox 1456 3621 1608 3677; x_wconf 81' lang='lat' dir='ltr'><strong>Tunc</strong></span> <span class='ocrx_word' id='word_1_374' title='bbox 1654 3627 1799 3677; x_wconf 88' lang='lat' dir='ltr'><strong>enim</strong></span> 
     </span>
    </p>
   </div>
   <div class='ocr_carea' id='block_1_53' title="bbox 213 3710 1803 3782">
    <p class='ocr_par' dir='ltr' id='par_1_53' title="bbox 213 3710 1803 3782">
     <span class='ocr_line' id='line_1_53' title="bbox 213 3710 1803 3782; baseline 0.002 -17"><span class='ocrx_word' id='word_1_375' title='bbox 213 3721 478 3778; x_wconf 82' lang='lat' dir='ltr'><strong>peccator</strong></span> <span class='ocrx_word' id='word_1_376' title='bbox 521 3712 575 3767; x_wconf 87' lang='lat' dir='ltr'><strong>in</strong></span> <span class='ocrx_word' id='word_1_377' title='bbox 614 3722 799 3782; x_wconf 80' lang='lat' dir='ltr'><strong>typum</strong></span> <span class='ocrx_word' id='word_1_378' title='bbox 830 3710 1014 3767; x_wconf 88' lang='lat' dir='ltr'><strong>lateris</strong></span> <span class='ocrx_word' id='word_1_379' title='bbox 1042 3714 1270 3767; x_wconf 88' lang='lat' dir='ltr'><strong>vertitur</strong></span> <span class='ocrx_word' id='word_1_380' title='bbox 1293 3752 1308 3779; x_wconf 88' lang='lat'><strong>,</strong></span> <span class='ocrx_word' id='word_1_381' title='bbox 1340 3729 1464 3767; x_wconf 91' lang='lat' dir='ltr'><strong>cum</strong></span> <span class='ocrx_word' id='word_1_382' title='bbox 1494 3715 1559 3769; x_wconf 88' lang='lat' dir='ltr'><strong>ad</strong></span> <span class='ocrx_word' id='word_1_383' title='bbox 1607 3715 1803 3782; x_wconf 67' lang='lat' dir='ltr'><strong>praedi-</strong></span> 
     </span>
    </p>
   </div>
   <div class='ocr_carea' id='block_1_54' title="bbox 215 3798 1797 3873">
    <p class='ocr_par' dir='ltr' id='par_1_54' title="bbox 215 3798 1797 3873">
     <span class='ocr_line' id='line_1_54' title="bbox 215 3798 1797 3873; baseline 0.003 -20"><span class='ocrx_word' id='word_1_384' title='bbox 215 3798 450 3853; x_wconf 88' lang='lat' dir='ltr'><strong>cationis</strong></span> <span class='ocrx_word' id='word_1_385' title='bbox 487 3814 673 3853; x_wconf 89' lang='lat' dir='ltr'><strong>vocem</strong></span> <span class='ocrx_word' id='word_1_386' title='bbox 701 3840 716 3863; x_wconf 91' lang='lat'><strong>,</strong></span> <span class='ocrx_word' id='word_1_387' title='bbox 758 3799 931 3853; x_wconf 87' lang='lat' dir='ltr'><strong>sancti</strong></span> <span class='ocrx_word' id='word_1_388' title='bbox 972 3800 1205 3869; x_wconf 88' lang='lat' dir='ltr'><strong>Spiritus</strong></span> <span class='ocrx_word' id='word_1_389' title='bbox 1243 3803 1490 3857; x_wconf 88' lang='lat' dir='ltr'><strong>ardorem</strong></span> <span class='ocrx_word' id='word_1_390' title='bbox 1520 3804 1797 3873; x_wconf 90' lang='lat' dir='ltr'><strong>concipit,</strong></span> 
     </span>
    </p>
   </div>
   <div class='ocr_carea' id='block_1_55' title="bbox 212 3887 1802 3953">
    <p class='ocr_par' dir='ltr' id='par_1_55' title="bbox 212 3887 1802 3953">
     <span class='ocr_line' id='line_1_55' title="bbox 212 3887 1802 3953; baseline 0.003 -11"><span class='ocrx_word' id='word_1_391' title='bbox 212 3897 288 3947; x_wconf 86' lang='lat' dir='ltr'><strong>et,</strong></span> <span class='ocrx_word' id='word_1_392' title='bbox 318 3888 585 3941; x_wconf 88' lang='lat' dir='ltr'><strong>veraciter</strong></span> <span class='ocrx_word' id='word_1_393' title='bbox 633 3887 946 3942; x_wconf 88' lang='lat' dir='ltr'><strong>humiliatus</strong></span> <span class='ocrx_word' id='word_1_394' title='bbox 972 3927 990 3953; x_wconf 91' lang='lat'><strong>,</strong></span> <span class='ocrx_word' id='word_1_395' title='bbox 1019 3897 1219 3943; x_wconf 88' lang='lat' dir='ltr'><strong>terram</strong></span> <span class='ocrx_word' id='word_1_396' title='bbox 1268 3904 1328 3943; x_wconf 90' lang='lat' dir='ltr'><strong>se</strong></span> <span class='ocrx_word' id='word_1_397' title='bbox 1376 3907 1440 3944; x_wconf 87' lang='lat' dir='ltr'><strong>ac</strong></span> <span class='ocrx_word' id='word_1_398' title='bbox 1483 3891 1650 3945; x_wconf 88' lang='lat' dir='ltr'><strong>lutum</strong></span> <span class='ocrx_word' id='word_1_399' title='bbox 1680 3907 1802 3947; x_wconf 84' lang='lat' dir='ltr'><strong>esse</strong></span> 
     </span>
    </p>
   </div>
   <div class='ocr_carea' id='block_1_56' title="bbox 214 3976 1804 4049">
    <p class='ocr_par' dir='ltr' id='par_1_56' title="bbox 214 3976 1804 4049">
     <span class='ocr_line' id='line_1_56' title="bbox 214 3976 1804 4049; baseline 0.002 -19"><span class='ocrx_word' id='word_1_400' title='bbox 214 3977 519 4046; x_wconf 72' lang='lat' dir='ltr'><strong>perpendit.</strong></span> <span class='ocrx_word' id='word_1_401' title='bbox 566 3976 658 4030; x_wconf 87' lang='lat' dir='ltr'><strong>Sic</strong></span> <span class='ocrx_word' id='word_1_402' title='bbox 686 3978 868 4047; x_wconf 84' lang='lat' dir='ltr'><strong>itaque</strong></span> <span class='ocrx_word' id='word_1_403' title='bbox 921 3978 1149 4047; x_wconf 85' lang='lat' dir='ltr'><strong>quisque</strong></span> <span class='ocrx_word' id='word_1_404' title='bbox 1174 3993 1469 4034; x_wconf 88' lang='lat' dir='ltr'><strong>conversus</strong></span> <span class='ocrx_word' id='word_1_405' title='bbox 1518 3995 1582 4033; x_wconf 90' lang='lat' dir='ltr'><strong>ac</strong></span> <span class='ocrx_word' id='word_1_406' title='bbox 1629 3981 1804 4049; x_wconf 66' lang='lat' dir='ltr'><strong>pani-</strong></span> 
     </span>
    </p>
   </div>
   <div class='ocr_carea' id='block_1_57' title="bbox 216 4065 1801 4137">
    <p class='ocr_par' dir='ltr' id='par_1_57' title="bbox 216 4065 1801 4137">
     <span class='ocr_line' id='line_1_57' title="bbox 216 4065 1801 4137; baseline 0.002 -16"><span class='ocrx_word' id='word_1_407' title='bbox 216 4076 338 4122; x_wconf 73' lang='lat' dir='ltr'><strong>tona</strong></span> <span class='ocrx_word' id='word_1_408' title='bbox 367 4066 423 4120; x_wconf 84' lang='lat' dir='ltr'><strong>in</strong></span> <span class='ocrx_word' id='word_1_409' title='bbox 454 4065 643 4119; x_wconf 87' lang='lat' dir='ltr'><strong>lateris</strong></span> <span class='ocrx_word' id='word_1_410' title='bbox 675 4065 942 4120; x_wconf 77' lang='lat' dir='ltr'><strong>formatur</strong></span> <span class='ocrx_word' id='word_1_411' title='bbox 992 4066 1282 4137; x_wconf 87' lang='lat' dir='ltr'><strong>imaginem</strong></span> <span class='ocrx_word' id='word_1_412' title='bbox 1317 4109 1332 4133; x_wconf 89' lang='lat'><strong>,</strong></span> <span class='ocrx_word' id='word_1_413' title='bbox 1377 4085 1499 4123; x_wconf 90' lang='lat' dir='ltr'><strong>cum</strong></span> <span class='ocrx_word' id='word_1_414' title='bbox 1542 4080 1597 4124; x_wconf 85' lang='lat' dir='ltr'><strong>et</strong></span> <span class='ocrx_word' id='word_1_415' title='bbox 1626 4072 1801 4124; x_wconf 83' lang='lat' dir='ltr'><strong>humi-</strong></span> 
     </span>
    </p>
   </div>
   <div class='ocr_carea' id='block_1_58' title="bbox 212 4151 1799 4226">
    <p class='ocr_par' dir='ltr' id='par_1_58' title="bbox 212 4151 1799 4226">
     <span class='ocr_line' id='line_1_58' title="bbox 212 4151 1799 4226; baseline 0.005 -19"><span class='ocrx_word' id='word_1_416' title='bbox 212 4151 382 4207; x_wconf 88' lang='lat' dir='ltr'><strong>liatur</strong></span> <span class='ocrx_word' id='word_1_417' title='bbox 422 4170 489 4208; x_wconf 88' lang='lat' dir='ltr'><strong>ex</strong></span> <span class='ocrx_word' id='word_1_418' title='bbox 536 4169 649 4209; x_wconf 71' lang='lat' dir='ltr'><strong>ante</strong></span> <span class='ocrx_word' id='word_1_419' title='bbox 699 4154 1006 4225; x_wconf 85' lang='lat' dir='ltr'><strong>fragilitatis</strong></span> <span class='ocrx_word' id='word_1_420' title='bbox 1057 4155 1212 4221; x_wconf 86' lang='lat' dir='ltr'><strong>luto,</strong></span> <span class='ocrx_word' id='word_1_421' title='bbox 1249 4167 1303 4210; x_wconf 90' lang='lat' dir='ltr'><strong>et</strong></span> <span class='ocrx_word' id='word_1_422' title='bbox 1360 4160 1514 4226; x_wconf 90' lang='lat' dir='ltr'><strong>quasi</strong></span> <span class='ocrx_word' id='word_1_423' title='bbox 1564 4160 1799 4216; x_wconf 84' lang='lat' dir='ltr'><strong>rubescit</strong></span> 
     </span>
    </p>
   </div>
   <div class='ocr_carea' id='block_1_59' title="bbox 209 4241 1797 4312">
    <p class='ocr_par' dir='ltr' id='par_1_59' title="bbox 209 4241 1797 4312">
     <span class='ocr_line' id='line_1_59' title="bbox 209 4241 1797 4312; baseline 0.003 -12"><span class='ocrx_word' id='word_1_424' title='bbox 209 4244 327 4300; x_wconf 74' lang='lat' dir='ltr'><strong>sive</strong></span> <span class='ocrx_word' id='word_1_425' title='bbox 345 4241 673 4299; x_wconf 82' lang='lat' dir='ltr'><strong>ﬂammescit</strong></span> <span class='ocrx_word' id='word_1_426' title='bbox 695 4246 745 4297; x_wconf 91' lang='lat' dir='ltr'><strong>in</strong></span> <span class='ocrx_word' id='word_1_427' title='bbox 759 4260 945 4299; x_wconf 86' lang='lat' dir='ltr'><strong>amore</strong></span> <span class='ocrx_word' id='word_1_428' title='bbox 965 4245 1167 4308; x_wconf 84' lang='lat' dir='ltr'><strong>divino.</strong></span> <span class='ocrx_word' id='word_1_429' title='bbox 1185 4257 1264 4312; x_wconf 90' lang='lat' dir='ltr'><strong>ut,</strong></span> <span class='ocrx_word' id='word_1_430' title='bbox 1284 4247 1410 4302; x_wconf 92' lang='lat' dir='ltr'><strong>dum</strong></span> <span class='ocrx_word' id='word_1_431' title='bbox 1435 4264 1493 4302; x_wconf 90' lang='lat' dir='ltr'><strong>se</strong></span> <span class='ocrx_word' id='word_1_432' title='bbox 1522 4257 1797 4304; x_wconf 88' lang='lat' dir='ltr'><strong>terrenum</strong></span> 
     </span>
    </p>
   </div>
   <div class='ocr_carea' id='block_1_60' title="bbox 211 4337 1799 4425">
    <p class='ocr_par' dir='ltr' id='par_1_60' title="bbox 211 4337 1799 4425">
     <span class='ocr_line' id='line_1_60' title="bbox 211 4337 1799 4425; baseline 0.005 -37"><span class='ocrx_word' id='word_1_433' title='bbox 211 4337 495 4406; x_wconf 89' lang='lat' dir='ltr'><strong>pulverem</strong></span> <span class='ocrx_word' id='word_1_434' title='bbox 557 4344 749 4425; x_wconf 37' lang='lat' dir='ltr'><strong>pensant</strong></span> <span class='ocrx_word' id='word_1_435' title='bbox 783 4376 797 4398; x_wconf 88' lang='lat'><strong>,</strong></span> <span class='ocrx_word' id='word_1_436' title='bbox 851 4351 949 4411; x_wconf 86' lang='lat' dir='ltr'><strong>cor</strong></span> <span class='ocrx_word' id='word_1_437' title='bbox 994 4352 1148 4391; x_wconf 88' lang='lat' dir='ltr'><strong>suum</strong></span> <span class='ocrx_word' id='word_1_438' title='bbox 1197 4340 1265 4393; x_wconf 86' lang='lat' dir='ltr'><strong>ad</strong></span> <span class='ocrx_word' id='word_1_439' title='bbox 1327 4340 1639 4395; x_wconf 85' lang='lat' dir='ltr'><strong>referendas</strong></span> <span class='ocrx_word' id='word_1_440' title='bbox 1690 4342 1799 4396; x_wconf 88' lang='lat' dir='ltr'><strong>Deo</strong></span> 
     </span>
    </p>
   </div>
   <div class='ocr_carea' id='block_1_61' title="bbox 212 4424 1795 4498">
    <p class='ocr_par' dir='ltr' id='par_1_61' title="bbox 212 4424 1795 4498">
     <span class='ocr_line' id='line_1_61' title="bbox 212 4424 1795 4498; baseline 0.005 -21"><span class='ocrx_word' id='word_1_441' title='bbox 212 4425 444 4498; x_wconf 81' lang='lat' dir='ltr'><strong>gratias,</strong></span> <span class='ocrx_word' id='word_1_442' title='bbox 472 4424 562 4492; x_wconf 90' lang='lat' dir='ltr'><strong>qui</strong></span> <span class='ocrx_word' id='word_1_443' title='bbox 593 4439 652 4477; x_wconf 88' lang='lat' dir='ltr'><strong>se</strong></span> <span class='ocrx_word' id='word_1_444' title='bbox 702 4427 1004 4491; x_wconf 68' lang='lat' dir='ltr'><strong>revocavit,</strong></span> <span class='ocrx_word' id='word_1_445' title='bbox 1026 4428 1306 4482; x_wconf 87' lang='lat' dir='ltr'><strong>accendat.</strong></span> <span class='ocrx_word' id='word_1_446' title='bbox 1343 4430 1492 4484; x_wconf 88' lang='lat' dir='ltr'><strong>Unde</strong></span> <span class='ocrx_word' id='word_1_447' title='bbox 1541 4440 1596 4484; x_wconf 90' lang='lat' dir='ltr'><strong>et</strong></span> <span class='ocrx_word' id='word_1_448' title='bbox 1624 4430 1795 4486; x_wconf 83' lang='lat' dir='ltr'><strong>Adam</strong></span> 
     </span>
    </p>
   </div>
   <div class='ocr_carea' id='block_1_62' title="bbox 211 4508 1795 4588">
    <p class='ocr_par' dir='ltr' id='par_1_62' title="bbox 211 4508 1795 4588">
     <span class='ocr_line' id='line_1_62' title="bbox 211 4508 1795 4588; baseline 0.003 -18"><span class='ocrx_word' id='word_1_449' title='bbox 211 4516 607 4583; x_wconf 85' lang='lat' dir='ltr'><strong>interpretatur</strong></span> <span class='ocrx_word' id='word_1_450' title='bbox 654 4522 792 4567; x_wconf 83' lang='lat' dir='ltr'><strong>terra</strong></span> <span class='ocrx_word' id='word_1_451' title='bbox 858 4516 1017 4569; x_wconf 84' lang='lat' dir='ltr'><strong>rubra</strong></span> <span class='ocrx_word' id='word_1_452' title='bbox 1047 4556 1066 4581; x_wconf 89' lang='lat'><strong>,</strong></span> <span class='ocrx_word' id='word_1_453' title='bbox 1116 4508 1285 4572; x_wconf 27' lang='lat' dir='ltr'><strong>ut‘ex</strong></span> <span class='ocrx_word' id='word_1_454' title='bbox 1340 4519 1499 4588; x_wconf 86' lang='lat' dir='ltr'><strong>primi</strong></span> <span class='ocrx_word' id='word_1_455' title='bbox 1552 4522 1795 4588; x_wconf 71' lang='lat' dir='ltr'><strong>parentis</strong></span> 
     </span>
    </p>
   </div>
   <div class='ocr_carea' id='block_1_63' title="bbox 210 4582 1874 4677">
    <p class='ocr_par' dir='ltr' id='par_1_63' title="bbox 210 4582 1874 4677">
     <span class='ocr_line' id='line_1_63' title="bbox 210 4582 1874 4677; baseline 0.001 -15"><span class='ocrx_word' id='word_1_456' title='bbox 210 4582 434 4662; x_wconf 84' lang='lat' dir='ltr'><strong>nomine</strong></span> <span class='ocrx_word' id='word_1_457' title='bbox 471 4605 703 4673; x_wconf 86' lang='lat' dir='ltr'><strong>quisque</strong></span> <span class='ocrx_word' id='word_1_458' title='bbox 740 4605 1019 4660; x_wconf 88' lang='lat' dir='ltr'><strong>condiscat</strong></span> <span class='ocrx_word' id='word_1_459' title='bbox 1047 4598 1128 4661; x_wconf 78' lang='lat' dir='ltr'><strong>vel</strong></span> <span class='ocrx_word' id='word_1_460' title='bbox 1158 4608 1286 4677; x_wconf 88' lang='lat' dir='ltr'><strong>quid</strong></span> <span class='ocrx_word' id='word_1_461' title='bbox 1334 4582 1674 4676; x_wconf 79' lang='lat' dir='ltr'><strong>originaliter</strong></span> <span class='ocrx_word' id='word_1_462' title='bbox 1700 4612 1793 4673; x_wconf 68' lang='lat' dir='ltr'><strong>sit,</strong></span> <span class='ocrx_word' id='word_1_463' title='bbox 1822 4582 1874 4641; x_wconf 79' lang='lat' dir='ltr'><strong>D</strong></span> 
     </span>
    </p>
   </div>
   <div class='ocr_carea' id='block_1_64' title="bbox 212 4692 1803 4768">
    <p class='ocr_par' dir='ltr' id='par_1_64' title="bbox 212 4692 1803 4768">
     <span class='ocr_line' id='line_1_64' title="bbox 212 4692 1803 4768; baseline 0.006 -25"><span class='ocrx_word' id='word_1_464' title='bbox 212 4695 294 4750; x_wconf 82' lang='lat' dir='ltr'><strong>vel</strong></span> <span class='ocrx_word' id='word_1_465' title='bbox 316 4694 449 4764; x_wconf 90' lang='lat' dir='ltr'><strong>quid</strong></span> <span class='ocrx_word' id='word_1_466' title='bbox 472 4708 595 4747; x_wconf 85' lang='lat' dir='ltr'><strong>eum</strong></span> <span class='ocrx_word' id='word_1_467' title='bbox 622 4692 908 4747; x_wconf 86' lang='lat' dir='ltr'><strong>actualiter</strong></span> <span class='ocrx_word' id='word_1_468' title='bbox 928 4707 1046 4748; x_wconf 87' lang='lat' dir='ltr'><strong>esse</strong></span> <span class='ocrx_word' id='word_1_469' title='bbox 1066 4697 1369 4751; x_wconf 87' lang='lat' dir='ltr'><strong>conveniat.</strong></span> <span class='ocrx_word' id='word_1_470' title='bbox 1389 4699 1469 4751; x_wconf 83' lang='lat' dir='ltr'><strong>Ad</strong></span> <span class='ocrx_word' id='word_1_471' title='bbox 1495 4700 1591 4753; x_wconf 92' lang='lat' dir='ltr'><strong>hos</strong></span> <span class='ocrx_word' id='word_1_472' title='bbox 1615 4700 1803 4768; x_wconf 35' lang='lat' dir='ltr'><strong>itaque.</strong></span> 
     </span>
    </p>
   </div>
   <div class='ocr_carea' id='block_1_65' title="bbox 236 4782 1797 4855">
    <p class='ocr_par' dir='ltr' id='par_1_65' title="bbox 236 4782 1797 4855">
     <span class='ocr_line' id='line_1_65' title="bbox 236 4782 1797 4855; baseline 0.003 -15"><span class='ocrx_word' id='word_1_473' title='bbox 236 4782 571 4855; x_wconf 79' lang='lat' dir='ltr'><strong>triumphos]</strong></span> <span class='ocrx_word' id='word_1_474' title='bbox 600 4784 915 4839; x_wconf 86' lang='lat' dir='ltr'><strong>sacerdotes</strong></span> <span class='ocrx_word' id='word_1_475' title='bbox 944 4785 1329 4851; x_wconf 84' lang='lat' dir='ltr'><strong>Ecclesiarum,</strong></span> <span class='ocrx_word' id='word_1_476' title='bbox 1356 4790 1423 4841; x_wconf 89' lang='lat' dir='ltr'><strong>ad</strong></span> <span class='ocrx_word' id='word_1_477' title='bbox 1452 4790 1583 4843; x_wconf 88' lang='lat' dir='ltr'><strong>istas</strong></span> <span class='ocrx_word' id='word_1_478' title='bbox 1624 4791 1797 4845; x_wconf 84' lang='lat' dir='ltr'><strong>sancti</strong></span> 
     </span>
    </p>
   </div>
   <div class='ocr_carea' id='block_1_66' title="bbox 210 4874 1797 4948">
    <p class='ocr_par' dir='ltr' id='par_1_66' title="bbox 210 4874 1797 4948">
     <span class='ocr_line' id='line_1_66' title="bbox 210 4874 1797 4948; baseline 0.003 -19"><span class='ocrx_word' id='word_1_479' title='bbox 210 4876 497 4948; x_wconf 75' lang='lat' dir='ltr'><strong>pontifices</strong></span> <span class='ocrx_word' id='word_1_480' title='bbox 525 4874 829 4928; x_wconf 89' lang='lat' dir='ltr'><strong>debuerant</strong></span> <span class='ocrx_word' id='word_1_481' title='bbox 879 4874 1136 4934; x_wconf 80' lang='lat' dir='ltr'><strong>anhelare</strong></span> <span class='ocrx_word' id='word_1_482' title='bbox 1182 4876 1437 4932; x_wconf 76' lang='lat' dir='ltr'><strong>victorias</strong></span> <span class='ocrx_word' id='word_1_483' title='bbox 1463 4920 1478 4940; x_wconf 89' lang='lat'><strong>,</strong></span> <span class='ocrx_word' id='word_1_484' title='bbox 1512 4895 1615 4932; x_wconf 92' lang='lat' dir='ltr'><strong>non</strong></span> <span class='ocrx_word' id='word_1_485' title='bbox 1646 4896 1797 4933; x_wconf 86' lang='lat' dir='ltr'><strong>smn-</strong></span> 
     </span>
    </p>
   </div>
   <div class='ocr_carea' id='block_1_67' title="bbox 208 4966 1799 5039">
    <p class='ocr_par' dir='ltr' id='par_1_67' title="bbox 208 4966 1799 5039">
     <span class='ocr_line' id='line_1_67' title="bbox 208 4966 1799 5039; baseline 0.003 -18"><span class='ocrx_word' id='word_1_486' title='bbox 208 4968 418 5039; x_wconf 87' lang='lat' dir='ltr'><strong>ptuosis</strong></span> <span class='ocrx_word' id='word_1_487' title='bbox 464 4966 747 5034; x_wconf 86' lang='lat' dir='ltr'><strong>epularum</strong></span> <span class='ocrx_word' id='word_1_488' title='bbox 796 4966 1016 5020; x_wconf 85' lang='lat' dir='ltr'><strong>ferculis</strong></span> <span class='ocrx_word' id='word_1_489' title='bbox 1042 5007 1056 5032; x_wconf 95' lang='lat'><strong>,</strong></span> <span class='ocrx_word' id='word_1_490' title='bbox 1088 4982 1194 5021; x_wconf 93' lang='lat' dir='ltr'><strong>non</strong></span> <span class='ocrx_word' id='word_1_491' title='bbox 1245 4969 1436 5022; x_wconf 88' lang='lat' dir='ltr'><strong>resolvi</strong></span> <span class='ocrx_word' id='word_1_492' title='bbox 1471 4968 1799 5026; x_wconf 85' lang='lat' dir='ltr'><strong>lenocinanti</strong></span> 
     </span>
    </p>
   </div>
   <div class='ocr_carea' id='block_1_68' title="bbox 210 5055 1797 5129">
    <p class='ocr_par' dir='ltr' id='par_1_68' title="bbox 210 5055 1797 5129">
     <span class='ocr_line' id='line_1_68' title="bbox 210 5055 1797 5129; baseline 0.003 -18"><span class='ocrx_word' id='word_1_493' title='bbox 210 5058 507 5129; x_wconf 88' lang='lat' dir='ltr'><strong>petulantia</strong></span> <span class='ocrx_word' id='word_1_494' title='bbox 537 5057 849 5124; x_wconf 82' lang='lat' dir='ltr'><strong>voluptatis.</strong></span> <span class='ocrx_word' id='word_1_495' title='bbox 886 5055 1016 5110; x_wconf 86' lang='lat' dir='ltr'><strong>Post</strong></span> <span class='ocrx_word' id='word_1_496' title='bbox 1059 5058 1241 5111; x_wconf 87' lang='lat' dir='ltr'><strong>mundi</strong></span> <span class='ocrx_word' id='word_1_497' title='bbox 1288 5061 1485 5128; x_wconf 91' lang='lat' dir='ltr'><strong>quippe</strong></span> <span class='ocrx_word' id='word_1_498' title='bbox 1526 5062 1797 5116; x_wconf 88' lang='lat' dir='ltr'><strong>nascentis</strong></span> 
     </span>
    </p>
   </div>
   <div class='ocr_carea' id='block_1_69' title="bbox 210 5148 1796 5219">
    <p class='ocr_par' dir='ltr' id='par_1_69' title="bbox 210 5148 1796 5219">
     <span class='ocr_line' id='line_1_69' title="bbox 210 5148 1796 5219; baseline 0.001 -14"><span class='ocrx_word' id='word_1_499' title='bbox 210 5149 491 5205; x_wconf 78' lang='lat' dir='ltr'><strong>exordium</strong></span> <span class='ocrx_word' id='word_1_500' title='bbox 552 5162 649 5217; x_wconf 89' lang='lat' dir='ltr'><strong>per</strong></span> <span class='ocrx_word' id='word_1_501' title='bbox 701 5148 844 5201; x_wconf 91' lang='lat' dir='ltr'><strong>mille</strong></span> <span class='ocrx_word' id='word_1_502' title='bbox 874 5148 1044 5202; x_wconf 87' lang='lat' dir='ltr'><strong>ferme</strong></span> <span class='ocrx_word' id='word_1_503' title='bbox 1087 5157 1249 5219; x_wconf 90' lang='lat' dir='ltr'><strong>atque</strong></span> <span class='ocrx_word' id='word_1_504' title='bbox 1290 5160 1577 5205; x_wconf 83' lang='lat' dir='ltr'><strong>sexcentos</strong></span> <span class='ocrx_word' id='word_1_505' title='bbox 1624 5168 1796 5207; x_wconf 87' lang='lat' dir='ltr'><strong>annos</strong></span> 
     </span>
    </p>
   </div>
   <div class='ocr_carea' id='block_1_70' title="bbox 208 5240 1790 5310">
    <p class='ocr_par' dir='ltr' id='par_1_70' title="bbox 208 5240 1790 5310">
     <span class='ocr_line' id='line_1_70' title="bbox 208 5240 1790 5310; baseline -0.001 -12"><span class='ocrx_word' id='word_1_506' title='bbox 208 5242 509 5306; x_wconf 81' lang='lat' dir='ltr'><strong>humanum</strong></span> <span class='ocrx_word' id='word_1_507' title='bbox 557 5254 727 5309; x_wconf 90' lang='lat' dir='ltr'><strong>genus</strong></span> <span class='ocrx_word' id='word_1_508' title='bbox 769 5241 887 5296; x_wconf 83' lang='lat' dir='ltr'><strong>sine</strong></span> <span class='ocrx_word' id='word_1_509' title='bbox 935 5240 1047 5295; x_wconf 86' lang='lat' dir='ltr'><strong>vini</strong></span> <span class='ocrx_word' id='word_1_510' title='bbox 1085 5240 1275 5310; x_wconf 69' lang='lat' dir='ltr'><strong>mculo</strong></span> <span class='ocrx_word' id='word_1_511' title='bbox 1320 5252 1374 5296; x_wconf 90' lang='lat' dir='ltr'><strong>et</strong></span> <span class='ocrx_word' id='word_1_512' title='bbox 1411 5258 1504 5298; x_wconf 89' lang='lat' dir='ltr'><strong>esu</strong></span> <span class='ocrx_word' id='word_1_513' title='bbox 1546 5243 1790 5297; x_wconf 89' lang='lat' dir='ltr'><strong>carnium</strong></span> 
     </span>
    </p>
   </div>
   <div class='ocr_carea' id='block_1_71' title="bbox 208 5330 1796 5400">
    <p class='ocr_par' dir='ltr' id='par_1_71' title="bbox 208 5330 1796 5400">
     <span class='ocr_line' id='line_1_71' title="bbox 208 5330 1796 5400; baseline 0.001 -17"><span class='ocrx_word' id='word_1_514' title='bbox 208 5331 369 5397; x_wconf 81' lang='lat' dir='ltr'><strong>vixit;</strong></span> <span class='ocrx_word' id='word_1_515' title='bbox 408 5344 512 5385; x_wconf 90' lang='lat' dir='ltr'><strong>nec</strong></span> <span class='ocrx_word' id='word_1_516' title='bbox 562 5338 739 5384; x_wconf 91' lang='lat' dir='ltr'><strong>tamen</strong></span> <span class='ocrx_word' id='word_1_517' title='bbox 788 5330 1095 5399; x_wconf 86' lang='lat' dir='ltr'><strong>quispiam,</strong></span> <span class='ocrx_word' id='word_1_518' title='bbox 1133 5345 1291 5399; x_wconf 83' lang='lat' dir='ltr'><strong>quem</strong></span> <span class='ocrx_word' id='word_1_519' title='bbox 1328 5331 1608 5400; x_wconf 85' lang='lat' dir='ltr'><strong>Scriptura</strong></span> <span class='ocrx_word' id='word_1_520' title='bbox 1648 5348 1796 5387; x_wconf 83' lang='lat' dir='ltr'><strong>com-</strong></span> 
     </span>
    </p>
   </div>
   <div class='ocr_carea' id='block_1_72' title="bbox 209 5420 1647 5490">
    <p class='ocr_par' dir='ltr' id='par_1_72' title="bbox 209 5420 1647 5490">
     <span class='ocr_line' id='line_1_72' title="bbox 209 5420 1647 5490; baseline 0 -15"><span class='ocrx_word' id='word_1_521' title='bbox 209 5427 494 5486; x_wconf 86' lang='lat' dir='ltr'><strong>memoret,</strong></span> <span class='ocrx_word' id='word_1_522' title='bbox 529 5434 702 5489; x_wconf 85' lang='lat' dir='ltr'><strong>usque</strong></span> <span class='ocrx_word' id='word_1_523' title='bbox 732 5421 799 5474; x_wconf 90' lang='lat' dir='ltr'><strong>ad</strong></span> <span class='ocrx_word' id='word_1_524' title='bbox 826 5420 1033 5475; x_wconf 89' lang='lat' dir='ltr'><strong>obitum</strong></span> <span class='ocrx_word' id='word_1_525' title='bbox 1064 5420 1321 5490; x_wconf 81' lang='lat' dir='ltr'><strong>languore</strong></span> <span class='ocrx_word' id='word_1_526' title='bbox 1350 5423 1647 5479; x_wconf 77' lang='lat' dir='ltr'><strong>contabuit.</strong></span> 
     </span>
    </p>
   </div>
   <div class='ocr_carea' id='block_1_73' title="bbox 799 5527 1196 5583">
    <p class='ocr_par' dir='ltr' id='par_1_73' title="bbox 799 5527 1196 5583">
     <span class='ocr_line' id='line_1_73' title="bbox 799 5527 1196 5583; baseline -0.005 0"><span class='ocrx_word' id='word_1_527' title='bbox 799 5527 1025 5583; x_wconf 73' lang='lat' dir='ltr'><strong>CAPUT</strong></span> <span class='ocrx_word' id='word_1_528' title='bbox 1064 5527 1196 5583; x_wconf 76' lang='lat' dir='ltr'><strong>V&#39;lll.</strong></span> 
     </span>
    </p>
   </div>
   <div class='ocr_carea' id='block_1_74' title="bbox 520 5637 1465 5709">
    <p class='ocr_par' dir='ltr' id='par_1_74' title="bbox 520 5637 1465 5709">
     <span class='ocr_line' id='line_1_74' title="bbox 520 5637 1465 5709; baseline 0.006 -18"><span class='ocrx_word' id='word_1_529' title='bbox 520 5637 775 5709; x_wconf 81' lang='lat' dir='ltr'><strong>Epilogus</strong></span> <span class='ocrx_word' id='word_1_530' title='bbox 795 5680 811 5705; x_wconf 88' lang='lat'><strong>,</strong></span> <span class='ocrx_word' id='word_1_531' title='bbox 844 5651 890 5693; x_wconf 85' lang='lat' dir='ltr'><strong>et</strong></span> <span class='ocrx_word' id='word_1_532' title='bbox 924 5642 1160 5708; x_wconf 77' lang='lat' dir='ltr'><strong>opusculi</strong></span> <span class='ocrx_word' id='word_1_533' title='bbox 1186 5644 1465 5697; x_wconf 77' lang='lat' dir='ltr'><strong>conclusio.</strong></span> 
     </span>
    </p>
   </div>
   <div class='ocr_carea' id='block_1_75' title="bbox 271 5730 1782 5807">
    <p class='ocr_par' dir='ltr' id='par_1_75' title="bbox 271 5730 1782 5807">
     <span class='ocr_line' id='line_1_75' title="bbox 271 5730 1782 5807; baseline 0.003 -23"><span class='ocrx_word' id='word_1_534' title='bbox 271 5734 377 5789; x_wconf 66' lang='lat' dir='ltr'><strong>Sed</strong></span> <span class='ocrx_word' id='word_1_535' title='bbox 414 5742 475 5786; x_wconf 91' lang='lat' dir='ltr'><strong>ut</strong></span> <span class='ocrx_word' id='word_1_536' title='bbox 494 5730 610 5799; x_wconf 86' lang='lat' dir='ltr'><strong>jam</strong></span> <span class='ocrx_word' id='word_1_537' title='bbox 633 5771 647 5796; x_wconf 92' lang='lat'><strong>,</strong></span> <span class='ocrx_word' id='word_1_538' title='bbox 685 5747 803 5802; x_wconf 70' lang='lat' dir='ltr'><strong>qua:</strong></span> <span class='ocrx_word' id='word_1_539' title='bbox 828 5748 988 5803; x_wconf 90' lang='lat' dir='ltr'><strong>supra</strong></span> <span class='ocrx_word' id='word_1_540' title='bbox 1019 5734 1179 5789; x_wconf 91' lang='lat' dir='ltr'><strong>latius</strong></span> <span class='ocrx_word' id='word_1_541' title='bbox 1207 5738 1592 5807; x_wconf 86' lang='lat' dir='ltr'><strong>comprehensa</strong></span> <span class='ocrx_word' id='word_1_542' title='bbox 1618 5744 1741 5789; x_wconf 90' lang='lat' dir='ltr'><strong>sunt</strong></span> <span class='ocrx_word' id='word_1_543' title='bbox 1768 5776 1782 5800; x_wconf 88' lang='lat'><strong>,</strong></span> 
     </span>
    </p>
   </div>
   <div class='ocr_carea' id='block_1_76' title="bbox 204 5822 1790 5894">
    <p class='ocr_par' dir='ltr' id='par_1_76' title="bbox 204 5822 1790 5894">
     <span class='ocr_line' id='line_1_76' title="bbox 204 5822 1790 5894; baseline 0.003 -17"><span class='ocrx_word' id='word_1_544' title='bbox 204 5824 378 5882; x_wconf 64' lang='lat' dir='ltr'><strong>brevis</strong></span> <span class='ocrx_word' id='word_1_545' title='bbox 434 5822 633 5894; x_wconf 82' lang='lat' dir='ltr'><strong>epilogi</strong></span> <span class='ocrx_word' id='word_1_546' title='bbox 694 5823 798 5877; x_wconf 85' lang='lat' dir='ltr'><strong>line</strong></span> <span class='ocrx_word' id='word_1_547' title='bbox 849 5824 1166 5879; x_wconf 77' lang='lat' dir='ltr'><strong>concludam</strong></span> <span class='ocrx_word' id='word_1_548' title='bbox 1220 5845 1233 5881; x_wconf 90' lang='lat'><strong>:</strong></span> <span class='ocrx_word' id='word_1_549' title='bbox 1282 5837 1336 5883; x_wconf 87' lang='lat' dir='ltr'><strong>et</strong></span> <span class='ocrx_word' id='word_1_550' title='bbox 1385 5827 1523 5884; x_wconf 87' lang='lat' dir='ltr'><strong>cotis</strong></span> <span class='ocrx_word' id='word_1_551' title='bbox 1568 5826 1790 5881; x_wconf 77' lang='lat' dir='ltr'><strong>functus</strong></span> 
     </span>
    </p>
   </div>
   <div class='ocr_carea' id='block_1_77' title="bbox 1907 1992 3489 2063">
    <p class='ocr_par' dir='ltr' id='par_1_77' title="bbox 1907 1992 3489 2063">
     <span class='ocr_line' id='line_1_77' title="bbox 1907 1992 3489 2063; baseline -0.001 -18"><span class='ocrx_word' id='word_1_552' title='bbox 1907 2010 2027 2062; x_wconf 75' lang='lat' dir='ltr'><strong>quae</strong></span> <span class='ocrx_word' id='word_1_553' title='bbox 2083 2010 2177 2063; x_wconf 87' lang='lat' dir='ltr'><strong>per</strong></span> <span class='ocrx_word' id='word_1_554' title='bbox 2224 1995 2509 2047; x_wconf 82' lang='lat' dir='ltr'><strong>avaritiam</strong></span> <span class='ocrx_word' id='word_1_555' title='bbox 2572 2001 2849 2056; x_wconf 88' lang='lat' dir='ltr'><strong>turscrat,</strong></span> <span class='ocrx_word' id='word_1_556' title='bbox 2906 2008 3004 2059; x_wconf 88' lang='lat' dir='ltr'><strong>per</strong></span> <span class='ocrx_word' id='word_1_557' title='bbox 3061 1992 3489 2045; x_wconf 79' lang='lat' dir='ltr'><strong>u-isericordiam</strong></span> 
     </span>
    </p>
   </div>
   <div class='ocr_carea' id='block_1_78' title="bbox 1905 2080 3491 2150">
    <p class='ocr_par' dir='ltr' id='par_1_78' title="bbox 1905 2080 3491 2150">
     <span class='ocr_line' id='line_1_78' title="bbox 1905 2080 3491 2150; baseline -0.003 -13"><span class='ocrx_word' id='word_1_558' title='bbox 1905 2085 2169 2139; x_wconf 75' lang='lat' dir='ltr'><strong>exhausta</strong></span> <span class='ocrx_word' id='word_1_559' title='bbox 2209 2084 2321 2150; x_wconf 72' lang='lat' dir='ltr'><strong>iam</strong></span> <span class='ocrx_word' id='word_1_560' title='bbox 2379 2098 2636 2137; x_wconf 87' lang='lat' dir='ltr'><strong>crumena</strong></span> <span class='ocrx_word' id='word_1_561' title='bbox 2711 2082 2973 2135; x_wconf 73' lang='lat' dir='ltr'><strong>folloscat.</strong></span> <span class='ocrx_word' id='word_1_562' title='bbox 3036 2080 3243 2134; x_wconf 78' lang='lat' dir='ltr'><strong>Nostra:</strong></span> <span class='ocrx_word' id='word_1_563' title='bbox 3290 2080 3491 2134; x_wconf 74' lang='lat' dir='ltr'><strong>divitia:</strong></span> 
     </span>
    </p>
   </div>
   <div class='ocr_carea' id='block_1_79' title="bbox 1908 2169 3490 2239">
    <p class='ocr_par' dir='ltr' id='par_1_79' title="bbox 1908 2169 3490 2239">
     <span class='ocr_line' id='line_1_79' title="bbox 1908 2169 3490 2239; baseline -0.003 -14"><span class='ocrx_word' id='word_1_564' title='bbox 1908 2185 2201 2239; x_wconf 64' lang='lat' dir='ltr'><strong>nosterque</strong></span> <span class='ocrx_word' id='word_1_565' title='bbox 2255 2171 2542 2225; x_wconf 84' lang='lat' dir='ltr'><strong>thesaurus</strong></span> <span class='ocrx_word' id='word_1_566' title='bbox 2598 2170 2748 2223; x_wconf 89' lang='lat' dir='ltr'><strong>lucra</strong></span> <span class='ocrx_word' id='word_1_567' title='bbox 2785 2172 2891 2223; x_wconf 88' lang='lat' dir='ltr'><strong>sint</strong></span> <span class='ocrx_word' id='word_1_568' title='bbox 2938 2170 3240 2222; x_wconf 82' lang='lat' dir='ltr'><strong>animarum</strong></span> <span class='ocrx_word' id='word_1_569' title='bbox 3271 2208 3285 2231; x_wconf 92' lang='lat'><strong>,</strong></span> <span class='ocrx_word' id='word_1_570' title='bbox 3332 2176 3387 2223; x_wconf 86' lang='lat' dir='ltr'><strong>et</strong></span> <span class='ocrx_word' id='word_1_571' title='bbox 3433 2169 3490 2221; x_wconf 90' lang='lat' dir='ltr'><strong>in</strong></span> 
     </span>
    </p>
   </div>
   <div class='ocr_carea' id='block_1_80' title="bbox 1909 2255 3489 2327">
    <p class='ocr_par' dir='ltr' id='par_1_80' title="bbox 1909 2255 3489 2327">
     <span class='ocr_line' id='line_1_80' title="bbox 1909 2255 3489 2327; baseline -0.004 -13"><span class='ocrx_word' id='word_1_572' title='bbox 1909 2276 2034 2315; x_wconf 89' lang='lat' dir='ltr'><strong>arca</strong></span> <span class='ocrx_word' id='word_1_573' title='bbox 2092 2260 2259 2313; x_wconf 89' lang='lat' dir='ltr'><strong>nostri</strong></span> <span class='ocrx_word' id='word_1_574' title='bbox 2310 2259 2544 2327; x_wconf 87' lang='lat' dir='ltr'><strong>pectoris</strong></span> <span class='ocrx_word' id='word_1_575' title='bbox 2584 2258 2821 2326; x_wconf 86' lang='lat' dir='ltr'><strong>pretiosa</strong></span> <span class='ocrx_word' id='word_1_576' title='bbox 2874 2258 3241 2309; x_wconf 85' lang='lat' dir='ltr'><strong>recondantur</strong></span> <span class='ocrx_word' id='word_1_577' title='bbox 3287 2255 3489 2310; x_wconf 83' lang='lat' dir='ltr'><strong>talenta</strong></span> 
     </span>
    </p>
   </div>
   <div class='ocr_carea' id='block_1_81' title="bbox 1904 2345 3483 2417">
    <p class='ocr_par' dir='ltr' id='par_1_81' title="bbox 1904 2345 3483 2417">
     <span class='ocr_line' id='line_1_81' title="bbox 1904 2345 3483 2417; baseline -0.003 -13"><span class='ocrx_word' id='word_1_578' title='bbox 1904 2353 2183 2404; x_wconf 80' lang='lat' dir='ltr'><strong>virtutum.</strong></span> <span class='ocrx_word' id='word_1_579' title='bbox 2218 2350 2272 2403; x_wconf 87' lang='grc' dir='ltr'><strong>ιιι</strong></span> <span class='ocrx_word' id='word_1_580' title='bbox 2306 2351 2407 2403; x_wconf 89' lang='lat' dir='ltr'><strong>hac</strong></span> <span class='ocrx_word' id='word_1_581' title='bbox 2434 2350 2598 2403; x_wconf 88' lang='lat' dir='ltr'><strong>etiam</strong></span> <span class='ocrx_word' id='word_1_582' title='bbox 2632 2364 2723 2399; x_wconf 89' lang='lat' dir='ltr'><strong>ara</strong></span> <span class='ocrx_word' id='word_1_583' title='bbox 2754 2346 3129 2417; x_wconf 62' lang='lat' dir='ltr'><strong>principaliter</strong></span> <span class='ocrx_word' id='word_1_584' title='bbox 3157 2345 3483 2400; x_wconf 76' lang='lat' dir='ltr'><strong>sacrificium</strong></span> 
     </span>
    </p>
   </div>
   <div class='ocr_carea' id='block_1_82' title="bbox 1904 2433 3493 2502">
    <p class='ocr_par' dir='ltr' id='par_1_82' title="bbox 1904 2433 3493 2502">
     <span class='ocr_line' id='line_1_82' title="bbox 1904 2433 3493 2502; baseline -0.004 -11"><span class='ocrx_word' id='word_1_585' title='bbox 1904 2435 2194 2491; x_wconf 66' lang='lat' dir='ltr'><strong>olfcramus</strong></span> <span class='ocrx_word' id='word_1_586' title='bbox 2218 2476 2233 2497; x_wconf 92' lang='lat'><strong>,</strong></span> <span class='ocrx_word' id='word_1_587' title='bbox 2282 2445 2336 2489; x_wconf 89' lang='lat' dir='ltr'><strong>et</strong></span> <span class='ocrx_word' id='word_1_588' title='bbox 2360 2475 2377 2499; x_wconf 90' lang='lat'><strong>,</strong></span> <span class='ocrx_word' id='word_1_589' title='bbox 2407 2435 2705 2502; x_wconf 84' lang='lat' dir='ltr'><strong>proﬂigatis</strong></span> <span class='ocrx_word' id='word_1_590' title='bbox 2737 2450 2855 2501; x_wconf 80' lang='lat' dir='ltr'><strong>qua:</strong></span> <span class='ocrx_word' id='word_1_591' title='bbox 2882 2435 3023 2486; x_wconf 90' lang='lat' dir='ltr'><strong>circa</strong></span> <span class='ocrx_word' id='word_1_592' title='bbox 3057 2450 3153 2487; x_wconf 92' lang='lat' dir='ltr'><strong>uos</strong></span> <span class='ocrx_word' id='word_1_593' title='bbox 3187 2442 3310 2486; x_wconf 89' lang='lat' dir='ltr'><strong>sunt</strong></span> <span class='ocrx_word' id='word_1_594' title='bbox 3336 2474 3351 2496; x_wconf 93' lang='lat'><strong>,</strong></span> <span class='ocrx_word' id='word_1_595' title='bbox 3395 2433 3493 2485; x_wconf 64' lang='lat' dir='ltr'><strong>dr-</strong></span> 
     </span>
    </p>
   </div>
   <div class='ocr_carea' id='block_1_83' title="bbox 1905 2522 3487 2597">
    <p class='ocr_par' dir='ltr' id='par_1_83' title="bbox 1905 2522 3487 2597">
     <span class='ocr_line' id='line_1_83' title="bbox 1905 2522 3487 2597; baseline -0.004 -16"><span class='ocrx_word' id='word_1_596' title='bbox 1905 2537 2050 2581; x_wconf 86' lang='lat' dir='ltr'><strong>mnm</strong></span> <span class='ocrx_word' id='word_1_597' title='bbox 2082 2527 2240 2597; x_wconf 80' lang='lat'><strong>553</strong></span> <span class='ocrx_word' id='word_1_598' title='bbox 2264 2527 2622 2593; x_wconf 88' lang='lat' dir='ltr'><strong>nosmetipsos</strong></span> <span class='ocrx_word' id='word_1_599' title='bbox 2647 2527 2756 2579; x_wconf 89' lang='lat' dir='ltr'><strong>Deo</strong></span> <span class='ocrx_word' id='word_1_600' title='bbox 2783 2526 3026 2578; x_wconf 83' lang='lat' dir='ltr'><strong>viventes</strong></span> <span class='ocrx_word' id='word_1_601' title='bbox 3050 2524 3255 2576; x_wconf 83' lang='lat' dir='ltr'><strong>hostias</strong></span> <span class='ocrx_word' id='word_1_602' title='bbox 3290 2522 3487 2575; x_wconf 86' lang='lat' dir='ltr'><strong>immo-</strong></span> 
     </span>
    </p>
   </div>
   <div class='ocr_carea' id='block_1_84' title="bbox 1905 2612 3483 2686">
    <p class='ocr_par' dir='ltr' id='par_1_84' title="bbox 1905 2612 3483 2686">
     <span class='ocr_line' id='line_1_84' title="bbox 1905 2612 3483 2686; baseline -0.004 -15"><span class='ocrx_word' id='word_1_603' title='bbox 1905 2617 2108 2680; x_wconf 88' lang='lat' dir='ltr'><strong>lemus;</strong></span> <span class='ocrx_word' id='word_1_604' title='bbox 2157 2627 2425 2686; x_wconf 88' lang='lat' dir='ltr'><strong>quatenus</strong></span> <span class='ocrx_word' id='word_1_605' title='bbox 2462 2615 2552 2682; x_wconf 91' lang='lat' dir='ltr'><strong>qui</strong></span> <span class='ocrx_word' id='word_1_606' title='bbox 2584 2615 2891 2669; x_wconf 82' lang='lat' dir='ltr'><strong>sacerdotes</strong></span> <span class='ocrx_word' id='word_1_607' title='bbox 2920 2616 2970 2665; x_wconf 90' lang='lat' dir='ltr'><strong>in</strong></span> <span class='ocrx_word' id='word_1_608' title='bbox 2998 2613 3169 2665; x_wconf 75' lang='lat' dir='ltr'><strong>orulis</strong></span> <span class='ocrx_word' id='word_1_609' title='bbox 3206 2612 3483 2665; x_wconf 86' lang='lat' dir='ltr'><strong>hominum</strong></span> 
     </span>
    </p>
   </div>
   <div class='ocr_carea' id='block_1_85' title="bbox 1899 2699 3485 2767">
    <p class='ocr_par' dir='ltr' id='par_1_85' title="bbox 1899 2699 3485 2767">
     <span class='ocr_line' id='line_1_85' title="bbox 1899 2699 3485 2767; baseline -0.005 -6"><span class='ocrx_word' id='word_1_610' title='bbox 1899 2706 2216 2767; x_wconf 88' lang='lat' dir='ltr'><strong>cernimur,</strong></span> <span class='ocrx_word' id='word_1_611' title='bbox 2265 2704 2317 2757; x_wconf 91' lang='lat' dir='ltr'><strong>in</strong></span> <span class='ocrx_word' id='word_1_612' title='bbox 2370 2702 2650 2756; x_wconf 89' lang='lat' dir='ltr'><strong>obtutibus</strong></span> <span class='ocrx_word' id='word_1_613' title='bbox 2686 2703 2847 2756; x_wconf 85' lang='lat' dir='ltr'><strong>etiam</strong></span> <span class='ocrx_word' id='word_1_614' title='bbox 2890 2701 3085 2755; x_wconf 89' lang='lat' dir='ltr'><strong>occulti</strong></span> <span class='ocrx_word' id='word_1_615' title='bbox 3123 2699 3329 2755; x_wconf 73' lang='lat' dir='ltr'><strong>iudicis</strong></span> <span class='ocrx_word' id='word_1_616' title='bbox 3368 2700 3485 2754; x_wconf 75' lang='lat' dir='ltr'><strong>veri</strong></span> 
     </span>
    </p>
   </div>
   <div class='ocr_carea' id='block_1_86' title="bbox 1903 2791 2669 2863">
    <p class='ocr_par' dir='ltr' id='par_1_86' title="bbox 1903 2791 2669 2863">
     <span class='ocr_line' id='line_1_86' title="bbox 1903 2791 2669 2863; baseline -0.008 -13"><span class='ocrx_word' id='word_1_617' title='bbox 1903 2795 2191 2851; x_wconf 87' lang='lat' dir='ltr'><strong>sacerdotii</strong></span> <span class='ocrx_word' id='word_1_618' title='bbox 2215 2791 2337 2863; x_wconf 84' lang='lat' dir='ltr'><strong>jure</strong></span> <span class='ocrx_word' id='word_1_619' title='bbox 2364 2792 2669 2863; x_wconf 85' lang='lat' dir='ltr'><strong>fungamur.</strong></span> 
     </span>
    </p>
   </div>
   <div class='ocr_carea' id='block_1_87' title="bbox 2541 2963 2853 3019">
    <p class='ocr_par' dir='ltr' id='par_1_87' title="bbox 2541 2963 2853 3019">
     <span class='ocr_line' id='line_1_87' title="bbox 2541 2963 2853 3019; baseline 0 -2"><span class='ocrx_word' id='word_1_620' title='bbox 2541 2963 2619 3019; x_wconf 87' lang='lat' dir='ltr'><strong>SC</strong></span> <span class='ocrx_word' id='word_1_621' title='bbox 2626 2963 2826 3019; x_wconf 77' lang='lat' dir='ltr'><strong>HOLIA</strong></span> <span class='ocrx_word' id='word_1_622' title='bbox 2838 3004 2853 3018; x_wconf 96' lang='lat'><strong>.</strong></span> 
     </span>
    </p>
   </div>
   <div class='ocr_carea' id='block_1_88' title="bbox 1976 3054 3493 3127">
    <p class='ocr_par' dir='ltr' id='par_1_88' title="bbox 1976 3054 3493 3127">
     <span class='ocr_line' id='line_1_88' title="bbox 1976 3054 3493 3127; baseline -0.004 -15"><span class='ocrx_word' id='word_1_623' title='bbox 1976 3058 2179 3126; x_wconf 79' lang='lat' dir='ltr'><strong>Regalis</strong></span> <span class='ocrx_word' id='word_1_624' title='bbox 2215 3058 2390 3127; x_wconf 83' lang='lat' dir='ltr'><strong>itaque</strong></span> <span class='ocrx_word' id='word_1_625' title='bbox 2428 3072 2661 3127; x_wconf 77' lang='lat' dir='ltr'><strong>purpura</strong></span> <span class='ocrx_word' id='word_1_626' title='bbox 2700 3057 2819 3125; x_wconf 84' lang='lat' dir='ltr'><strong>quia</strong></span> <span class='ocrx_word' id='word_1_627' title='bbox 2852 3055 3091 3127; x_wconf 82' lang='lat' dir='ltr'><strong>unicolor</strong></span> <span class='ocrx_word' id='word_1_628' title='bbox 3128 3064 3235 3121; x_wconf 80' lang='lat' dir='ltr'><strong>est,</strong></span> <span class='ocrx_word' id='word_1_629' title='bbox 3275 3054 3493 3127; x_wconf 65' lang='lat' dir='ltr'><strong>t&#39;iliperr-</strong></span> 
     </span>
    </p>
   </div>
   <div class='ocr_carea' id='block_1_89' title="bbox 1903 3125 3488 3194">
    <p class='ocr_par' dir='ltr' id='par_1_89' title="bbox 1903 3125 3488 3194">
     <span class='ocr_line' id='line_1_89' title="bbox 1903 3125 3488 3194; baseline -0.003 -13"><span class='ocrx_word' id='word_1_630' title='bbox 1903 3125 2081 3189; x_wconf 72' lang='lat' dir='ltr'><strong>ditur;</strong></span> <span class='ocrx_word' id='word_1_631' title='bbox 2111 3128 2273 3194; x_wconf 84' lang='lat' dir='ltr'><strong>pallia</strong></span> <span class='ocrx_word' id='word_1_632' title='bbox 2303 3125 2419 3179; x_wconf 71' lang='lat' dir='ltr'><strong>vero</strong></span> <span class='ocrx_word' id='word_1_633' title='bbox 2448 3126 2666 3179; x_wconf 72' lang='lat' dir='ltr'><strong>diversis</strong></span> <span class='ocrx_word' id='word_1_634' title='bbox 2692 3127 2868 3193; x_wconf 75' lang='lat' dir='ltr'><strong>fucata</strong></span> <span class='ocrx_word' id='word_1_635' title='bbox 2909 3126 3183 3185; x_wconf 82' lang='lat' dir='ltr'><strong>nitoribus.</strong></span> <span class='ocrx_word' id='word_1_636' title='bbox 3219 3126 3287 3178; x_wconf 87' lang='lat' dir='ltr'><strong>ad</strong></span> <span class='ocrx_word' id='word_1_637' title='bbox 3324 3125 3488 3194; x_wconf 79' lang='lat' dir='ltr'><strong>subli-</strong></span> 
     </span>
    </p>
   </div>
   <div class='ocr_carea' id='block_1_90' title="bbox 1903 3193 3487 3259">
    <p class='ocr_par' dir='ltr' id='par_1_90' title="bbox 1903 3193 3487 3259">
     <span class='ocr_line' id='line_1_90' title="bbox 1903 3193 3487 3259; baseline 0.001 -12"><span class='ocrx_word' id='word_1_638' title='bbox 1903 3199 2001 3250; x_wconf 82' lang='lat' dir='ltr'><strong>mis</strong></span> <span class='ocrx_word' id='word_1_639' title='bbox 2041 3193 2216 3248; x_wconf 83' lang='lat' dir='ltr'><strong>lectuli</strong></span> <span class='ocrx_word' id='word_1_640' title='bbox 2254 3197 2573 3259; x_wconf 81' lang='lat' dir='ltr'><strong>deputantur</strong></span> <span class='ocrx_word' id='word_1_641' title='bbox 2606 3206 2867 3248; x_wconf 81' lang='lat' dir='ltr'><strong>ornatum.</strong></span> <span class='ocrx_word' id='word_1_642' title='bbox 2904 3194 2977 3247; x_wconf 81' lang='lat' dir='ltr'><strong>Ex</strong></span> <span class='ocrx_word' id='word_1_643' title='bbox 3027 3195 3127 3248; x_wconf 88' lang='lat' dir='ltr'><strong>hoc</strong></span> <span class='ocrx_word' id='word_1_644' title='bbox 3168 3196 3284 3250; x_wconf 90' lang='lat' dir='ltr'><strong>loco</strong></span> <span class='ocrx_word' id='word_1_645' title='bbox 3328 3193 3487 3249; x_wconf 82' lang='lat' dir='ltr'><strong>facile</strong></span> 
     </span>
    </p>
   </div>
   <div class='ocr_carea' id='block_1_91' title="bbox 1828 3238 3499 3335">
    <p class='ocr_par' dir='ltr' id='par_1_91' title="bbox 1828 3238 3499 3335">
     <span class='ocr_line' id='line_1_91' title="bbox 1828 3238 3499 3335; baseline -0.004 -14"><span class='ocrx_word' id='word_1_646' title='bbox 1828 3238 1872 3297; x_wconf 65' lang='grc' dir='ltr'><strong>Ο</strong></span> <span class='ocrx_word' id='word_1_647' title='bbox 1902 3238 2171 3335; x_wconf 56' lang='lat' dir='ltr'><strong>colligitur</strong></span> <span class='ocrx_word' id='word_1_648' title='bbox 2196 3238 2361 3318; x_wconf 51' lang='lat' dir='ltr'><strong>multi)</strong></span> <span class='ocrx_word' id='word_1_649' title='bbox 2392 3274 2517 3335; x_wconf 77' lang='lat' dir='ltr'><strong>ante</strong></span> <span class='ocrx_word' id='word_1_650' title='bbox 2544 3238 3499 3335; x_wconf 25' lang='lat' dir='ltr'><strong>quam.recentioresfaliq&#39;tio’tallii;</strong></span> 
     </span>
    </p>
   </div>
   <div class='ocr_carea' id='block_1_92' title="bbox 1906 3332 3482 3404">
    <p class='ocr_par' dir='ltr' id='par_1_92' title="bbox 1906 3332 3482 3404">
     <span class='ocr_line' id='line_1_92' title="bbox 1906 3332 3482 3404; baseline -0.003 -15"><span class='ocrx_word' id='word_1_651' title='bbox 1906 3332 2088 3391; x_wconf 86' lang='lat' dir='ltr'><strong>mant.</strong></span> <span class='ocrx_word' id='word_1_652' title='bbox 2140 3348 2430 3404; x_wconf 86' lang='lat' dir='ltr'><strong>purpuram</strong></span> <span class='ocrx_word' id='word_1_653' title='bbox 2595 3333 2661 3385; x_wconf 73' lang='grc' dir='ltr'><strong>Β.</strong></span> <span class='ocrx_word' id='word_1_654' title='bbox 2716 3334 2778 3387; x_wconf 88' lang='grc' dir='ltr'><strong>Ε.</strong></span> <span class='ocrx_word' id='word_1_655' title='bbox 2825 3332 3201 3404; x_wconf 83' lang='lat' dir='ltr'><strong>cardinalium</strong></span> <span class='ocrx_word' id='word_1_656' title='bbox 3240 3333 3482 3387; x_wconf 86' lang='lat' dir='ltr'><strong>habitum</strong></span> 
     </span>
    </p>
   </div>
   <div class='ocr_carea' id='block_1_93' title="bbox 1902 3402 3484 3471">
    <p class='ocr_par' dir='ltr' id='par_1_93' title="bbox 1902 3402 3484 3471">
     <span class='ocr_line' id='line_1_93' title="bbox 1902 3402 3484 3471; baseline -0.003 -14"><span class='ocrx_word' id='word_1_657' title='bbox 1902 3404 2100 3465; x_wconf 84' lang='lat' dir='ltr'><strong>fuisse,</strong></span> <span class='ocrx_word' id='word_1_658' title='bbox 2134 3402 2231 3457; x_wconf 85' lang='lat' dir='ltr'><strong>nec</strong></span> <span class='ocrx_word' id='word_1_659' title='bbox 2266 3419 2453 3458; x_wconf 88' lang='lat' dir='ltr'><strong>eorum</strong></span> <span class='ocrx_word' id='word_1_660' title='bbox 2494 3402 2778 3465; x_wconf 81' lang='lat' dir='ltr'><strong>duntaxat,</strong></span> <span class='ocrx_word' id='word_1_661' title='bbox 2816 3404 2908 3471; x_wconf 91' lang='lat' dir='ltr'><strong>qui</strong></span> <span class='ocrx_word' id='word_1_662' title='bbox 2944 3418 3009 3457; x_wconf 86' lang='lat' dir='ltr'><strong>ex</strong></span> <span class='ocrx_word' id='word_1_663' title='bbox 3040 3402 3361 3457; x_wconf 85' lang='lat' dir='ltr'><strong>clericorum</strong></span> <span class='ocrx_word' id='word_1_664' title='bbox 3390 3417 3484 3454; x_wconf 88' lang='lat' dir='ltr'><strong>or-</strong></span> 
     </span>
    </p>
   </div>
   <div class='ocr_carea' id='block_1_94' title="bbox 1902 3471 3492 3541">
    <p class='ocr_par' dir='ltr' id='par_1_94' title="bbox 1902 3471 3492 3541">
     <span class='ocr_line' id='line_1_94' title="bbox 1902 3471 3492 3541; baseline -0.003 -14"><span class='ocrx_word' id='word_1_665' title='bbox 1902 3476 2027 3528; x_wconf 88' lang='lat' dir='ltr'><strong>dine</strong></span> <span class='ocrx_word' id='word_1_666' title='bbox 2078 3473 2145 3526; x_wconf 90' lang='lat' dir='ltr'><strong>ad</strong></span> <span class='ocrx_word' id='word_1_667' title='bbox 2193 3483 2300 3526; x_wconf 89' lang='lat' dir='ltr'><strong>tam</strong></span> <span class='ocrx_word' id='word_1_668' title='bbox 2353 3472 2581 3525; x_wconf 88' lang='lat' dir='ltr'><strong>sublime</strong></span> <span class='ocrx_word' id='word_1_669' title='bbox 2618 3473 2899 3541; x_wconf 80' lang='lat' dir='ltr'><strong>fastigium</strong></span> <span class='ocrx_word' id='word_1_670' title='bbox 2948 3472 3336 3541; x_wconf 87' lang='lat' dir='ltr'><strong>evehebantur,</strong></span> <span class='ocrx_word' id='word_1_671' title='bbox 3388 3471 3492 3541; x_wconf 72' lang='lat' dir='ltr'><strong>sed</strong></span> 
     </span>
    </p>
   </div>
   <div class='ocr_carea' id='block_1_95' title="bbox 1901 3538 3484 3597">
    <p class='ocr_par' dir='ltr' id='par_1_95' title="bbox 1901 3538 3484 3597">
     <span class='ocr_line' id='line_1_95' title="bbox 1901 3538 3484 3597; baseline -0.003 0"><span class='ocrx_word' id='word_1_672' title='bbox 1901 3544 2065 3597; x_wconf 86' lang='lat' dir='ltr'><strong>etiam</strong></span> <span class='ocrx_word' id='word_1_673' title='bbox 2108 3541 2490 3594; x_wconf 86' lang='lat' dir='ltr'><strong>monachorum</strong></span> <span class='ocrx_word' id='word_1_674' title='bbox 2534 3556 2565 3593; x_wconf 91' lang='lat' dir='ltr'><strong>e</strong></span> <span class='ocrx_word' id='word_1_675' title='bbox 2606 3539 2663 3594; x_wconf 91' lang='lat' dir='ltr'><strong>S.</strong></span> <span class='ocrx_word' id='word_1_676' title='bbox 2703 3538 2775 3594; x_wconf 57' lang='grc' dir='ltr'><strong>ΡΣ</strong></span> <span class='ocrx_word' id='word_1_677' title='bbox 2812 3541 3082 3595; x_wconf 86' lang='lat' dir='ltr'><strong>Benedicti</strong></span> <span class='ocrx_word' id='word_1_678' title='bbox 3125 3540 3375 3593; x_wconf 88' lang='lat' dir='ltr'><strong>claustris</strong></span> <span class='ocrx_word' id='word_1_679' title='bbox 3416 3538 3484 3593; x_wconf 87' lang='lat' dir='ltr'><strong>ad</strong></span> 
     </span>
    </p>
   </div>
   <div class='ocr_carea' id='block_1_96' title="bbox 1901 3608 3486 3678">
    <p class='ocr_par' dir='ltr' id='par_1_96' title="bbox 1901 3608 3486 3678">
     <span class='ocr_line' id='line_1_96' title="bbox 1901 3608 3486 3678; baseline -0.001 -15"><span class='ocrx_word' id='word_1_680' title='bbox 1901 3627 2021 3665; x_wconf 91' lang='lat' dir='ltr'><strong>eam</strong></span> <span class='ocrx_word' id='word_1_681' title='bbox 2067 3611 2382 3677; x_wconf 78' lang='lat' dir='ltr'><strong>dignitatem</strong></span> <span class='ocrx_word' id='word_1_682' title='bbox 2408 3620 2849 3678; x_wconf 19' lang='lat' dir='ltr'><strong>iassumptornm.</strong></span> <span class='ocrx_word' id='word_1_683' title='bbox 2920 3610 3144 3665; x_wconf 86' lang='lat' dir='ltr'><strong>Constat</strong></span> <span class='ocrx_word' id='word_1_684' title='bbox 3201 3608 3343 3678; x_wconf 86' lang='lat' dir='ltr'><strong>enim</strong></span> <span class='ocrx_word' id='word_1_685' title='bbox 3391 3623 3486 3662; x_wconf 90' lang='lat' dir='ltr'><strong>eos</strong></span> 
     </span>
    </p>
   </div>
   <div class='ocr_carea' id='block_1_97' title="bbox 1902 3677 3486 3748">
    <p class='ocr_par' dir='ltr' id='par_1_97' title="bbox 1902 3677 3486 3748">
     <span class='ocr_line' id='line_1_97' title="bbox 1902 3677 3486 3748; baseline -0.001 -14"><span class='ocrx_word' id='word_1_686' title='bbox 1902 3682 1969 3734; x_wconf 87' lang='lat' dir='ltr'><strong>ad</strong></span> <span class='ocrx_word' id='word_1_687' title='bbox 2004 3696 2139 3748; x_wconf 90' lang='lat' dir='ltr'><strong>quos</strong></span> <span class='ocrx_word' id='word_1_688' title='bbox 2171 3679 2363 3733; x_wconf 82' lang='lat' dir='ltr'><strong>Petrus</strong></span> <span class='ocrx_word' id='word_1_689' title='bbox 2402 3677 2577 3748; x_wconf 50' lang='lat' dir='ltr'><strong>Dom.</strong></span> <span class='ocrx_word' id='word_1_690' title='bbox 2601 3677 2825 3748; x_wconf 71' lang='lat' dir='ltr'><strong>Scribit,</strong></span> <span class='ocrx_word' id='word_1_691' title='bbox 2872 3678 3164 3732; x_wconf 88' lang='lat' dir='ltr'><strong>monachos</strong></span> <span class='ocrx_word' id='word_1_692' title='bbox 3212 3677 3376 3731; x_wconf 84' lang='lat' dir='ltr'><strong>fuisse</strong></span> <span class='ocrx_word' id='word_1_693' title='bbox 3416 3693 3486 3732; x_wconf 87' lang='lat' dir='ltr'><strong>ex</strong></span> 
     </span>
    </p>
   </div>
   <div class='ocr_carea' id='block_1_98' title="bbox 1902 3745 3483 3815">
    <p class='ocr_par' dir='ltr' id='par_1_98' title="bbox 1902 3745 3483 3815">
     <span class='ocr_line' id='line_1_98' title="bbox 1902 3745 3483 3815; baseline -0.002 -12"><span class='ocrx_word' id='word_1_694' title='bbox 1902 3745 2077 3803; x_wconf 80' lang='lat' dir='ltr'><strong>sancti</strong></span> <span class='ocrx_word' id='word_1_695' title='bbox 2108 3747 2384 3801; x_wconf 84' lang='lat' dir='ltr'><strong>Benedicti</strong></span> <span class='ocrx_word' id='word_1_696' title='bbox 2415 3745 2638 3809; x_wconf 87' lang='lat' dir='ltr'><strong>familia,</strong></span> <span class='ocrx_word' id='word_1_697' title='bbox 2671 3747 2867 3814; x_wconf 89' lang='lat' dir='ltr'><strong>quibus</strong></span> <span class='ocrx_word' id='word_1_698' title='bbox 2897 3757 3072 3801; x_wconf 88' lang='lat' dir='ltr'><strong>tamen</strong></span> <span class='ocrx_word' id='word_1_699' title='bbox 3103 3749 3175 3801; x_wconf 84' lang='lat' dir='ltr'><strong>ita</strong></span> <span class='ocrx_word' id='word_1_700' title='bbox 3210 3747 3483 3815; x_wconf 89' lang='lat' dir='ltr'><strong>loquitur:</strong></span> 
     </span>
    </p>
   </div>
   <div class='ocr_carea' id='block_1_99' title="bbox 1908 3815 3487 3883">
    <p class='ocr_par' dir='ltr' id='par_1_99' title="bbox 1908 3815 3487 3883">
     <span class='ocr_line' id='line_1_99' title="bbox 1908 3815 3487 3883; baseline 0.001 -15"><span class='ocrx_word' id='word_1_701' title='bbox 1908 3837 1927 3868; x_wconf 77' lang='grc' dir='ltr'><strong>ι</strong></span> <span class='ocrx_word' id='word_1_702' title='bbox 1959 3819 2023 3872; x_wconf 84' lang='grc' dir='ltr'><strong>Ει</strong></span> <span class='ocrx_word' id='word_1_703' title='bbox 2058 3833 2177 3871; x_wconf 89' lang='lat' dir='ltr'><strong>cum</strong></span> <span class='ocrx_word' id='word_1_704' title='bbox 2211 3815 2490 3870; x_wconf 87' lang='lat' dir='ltr'><strong>domestici</strong></span> <span class='ocrx_word' id='word_1_705' title='bbox 2528 3816 2761 3879; x_wconf 84' lang='lat' dir='ltr'><strong>murices</strong></span> <span class='ocrx_word' id='word_1_706' title='bbox 2792 3817 2990 3871; x_wconf 87' lang='lat' dir='ltr'><strong>nostris</strong></span> <span class='ocrx_word' id='word_1_707' title='bbox 3032 3816 3340 3883; x_wconf 89' lang='lat' dir='ltr'><strong>aspectibus</strong></span> <span class='ocrx_word' id='word_1_708' title='bbox 3368 3831 3487 3869; x_wconf 87' lang='lat' dir='ltr'><strong>sor-</strong></span> 
     </span>
    </p>
   </div>
   <div class='ocr_carea' id='block_1_100' title="bbox 1901 3886 3486 3955">
    <p class='ocr_par' dir='ltr' id='par_1_100' title="bbox 1901 3886 3486 3955">
     <span class='ocr_line' id='line_1_100' title="bbox 1901 3886 3486 3955; baseline -0.001 -14"><span class='ocrx_word' id='word_1_709' title='bbox 1901 3888 2096 3948; x_wconf 88' lang='lat' dir='ltr'><strong>deaut,</strong></span> <span class='ocrx_word' id='word_1_710' title='bbox 2147 3886 2631 3955; x_wconf 85' lang='lat' dir='ltr'><strong>transmarinornm</strong></span> <span class='ocrx_word' id='word_1_711' title='bbox 2677 3886 2874 3955; x_wconf 89' lang='lat' dir='ltr'><strong>pelles,</strong></span> <span class='ocrx_word' id='word_1_712' title='bbox 2915 3887 3038 3953; x_wconf 89' lang='lat' dir='ltr'><strong>quia</strong></span> <span class='ocrx_word' id='word_1_713' title='bbox 3080 3900 3273 3955; x_wconf 87' lang='lat' dir='ltr'><strong>magno</strong></span> <span class='ocrx_word' id='word_1_714' title='bbox 3311 3886 3486 3954; x_wconf 88' lang='lat' dir='ltr'><strong>pretio</strong></span> 
     </span>
    </p>
   </div>
   <div class='ocr_carea' id='block_1_101' title="bbox 1900 3953 3484 4019">
    <p class='ocr_par' dir='ltr' id='par_1_101' title="bbox 1900 3953 3484 4019">
     <span class='ocr_line' id='line_1_101' title="bbox 1900 3953 3484 4019; baseline -0.004 -8"><span class='ocrx_word' id='word_1_715' title='bbox 1900 3964 2239 4017; x_wconf 84' lang='lat' dir='ltr'><strong>coemuntur,</strong></span> <span class='ocrx_word' id='word_1_716' title='bbox 2280 3953 2575 4007; x_wconf 86' lang='lat' dir='ltr'><strong>oblectant.</strong></span> <span class='ocrx_word' id='word_1_717' title='bbox 2614 3972 2632 4003; x_wconf 82' lang='grc' dir='ltr'><strong>ι</strong></span> <span class='ocrx_word' id='word_1_718' title='bbox 2671 3954 2771 4019; x_wconf 90' lang='lat' dir='ltr'><strong>Qui</strong></span> <span class='ocrx_word' id='word_1_719' title='bbox 2802 3956 3060 4016; x_wconf 86' lang='lat' dir='ltr'><strong>arbitror,</strong></span> <span class='ocrx_word' id='word_1_720' title='bbox 3102 3953 3484 4019; x_wconf 49' lang='lat' dir='ltr'><strong>ut‘direbam,</strong></span> 
     </span>
    </p>
   </div>
   <div class='ocr_carea' id='block_1_102' title="bbox 1900 4021 3484 4094">
    <p class='ocr_par' dir='ltr' id='par_1_102' title="bbox 1900 4021 3484 4094">
     <span class='ocr_line' id='line_1_102' title="bbox 1900 4021 3484 4094; baseline -0.004 -16"><span class='ocrx_word' id='word_1_721' title='bbox 1900 4025 2059 4094; x_wconf 89' lang='lat' dir='ltr'><strong>longe</strong></span> <span class='ocrx_word' id='word_1_722' title='bbox 2082 4025 2439 4092; x_wconf 86' lang='lat' dir='ltr'><strong>antiquiorem</strong></span> <span class='ocrx_word' id='word_1_723' title='bbox 2470 4036 2721 4094; x_wconf 71' lang='lat' dir='ltr'><strong>purpura:</strong></span> <span class='ocrx_word' id='word_1_724' title='bbox 2744 4023 3069 4094; x_wconf 84' lang='lat' dir='ltr'><strong>usuminter</strong></span> <span class='ocrx_word' id='word_1_725' title='bbox 3090 4023 3147 4094; x_wconf 84' lang='lat' dir='ltr'><strong>S.</strong></span> <span class='ocrx_word' id='word_1_726' title='bbox 3171 4021 3235 4094; x_wconf 66' lang='grc' dir='ltr'><strong>Β.</strong></span> <span class='ocrx_word' id='word_1_727' title='bbox 3266 4022 3323 4076; x_wconf 82' lang='grc' dir='ltr'><strong>Ε.</strong></span> <span class='ocrx_word' id='word_1_728' title='bbox 3350 4038 3484 4094; x_wconf 63' lang='lat' dir='ltr'><strong>pra;-</strong></span> 
     </span>
    </p>
   </div>
   <div class='ocr_carea' id='block_1_103' title="bbox 1899 4092 3489 4160">
    <p class='ocr_par' dir='ltr' id='par_1_103' title="bbox 1899 4092 3489 4160">
     <span class='ocr_line' id='line_1_103' title="bbox 1899 4092 3489 4160; baseline -0.002 -11"><span class='ocrx_word' id='word_1_729' title='bbox 1899 4092 2046 4149; x_wconf 80' lang='lat' dir='ltr'><strong>sules</strong></span> <span class='ocrx_word' id='word_1_730' title='bbox 2075 4094 2272 4156; x_wconf 86' lang='lat' dir='ltr'><strong>fuisse,</strong></span> <span class='ocrx_word' id='word_1_731' title='bbox 2303 4106 2461 4160; x_wconf 88' lang='lat' dir='ltr'><strong>quam</strong></span> <span class='ocrx_word' id='word_1_732' title='bbox 2493 4092 2823 4146; x_wconf 80' lang='lat' dir='ltr'><strong>recentiores</strong></span> <span class='ocrx_word' id='word_1_733' title='bbox 2853 4093 3017 4159; x_wconf 89' lang='lat' dir='ltr'><strong>aliqui</strong></span> <span class='ocrx_word' id='word_1_734' title='bbox 3050 4092 3379 4145; x_wconf 81' lang='lat' dir='ltr'><strong>existiment.</strong></span> <span class='ocrx_word' id='word_1_735' title='bbox 3418 4092 3489 4146; x_wconf 84' lang='lat' dir='ltr'><strong>Et</strong></span> 
     </span>
    </p>
   </div>
   <div class='ocr_carea' id='block_1_104' title="bbox 1899 4160 3486 4232">
    <p class='ocr_par' dir='ltr' id='par_1_104' title="bbox 1899 4160 3486 4232">
     <span class='ocr_line' id='line_1_104' title="bbox 1899 4160 3486 4232; baseline -0.001 -16"><span class='ocrx_word' id='word_1_736' title='bbox 1899 4164 2118 4232; x_wconf 77' lang='lat' dir='ltr'><strong>quidem</strong></span> <span class='ocrx_word' id='word_1_737' title='bbox 2146 4163 2190 4215; x_wconf 89' lang='lat' dir='ltr'><strong>si</strong></span> <span class='ocrx_word' id='word_1_738' title='bbox 2222 4162 2274 4215; x_wconf 91' lang='lat' dir='ltr'><strong>in</strong></span> <span class='ocrx_word' id='word_1_739' title='bbox 2306 4162 2453 4215; x_wconf 90' lang='lat' dir='ltr'><strong>hisce</strong></span> <span class='ocrx_word' id='word_1_740' title='bbox 2481 4160 2642 4213; x_wconf 89' lang='lat' dir='ltr'><strong>rebus</strong></span> <span class='ocrx_word' id='word_1_741' title='bbox 2672 4172 3051 4231; x_wconf 83' lang='lat' dir='ltr'><strong>argumentum</strong></span> <span class='ocrx_word' id='word_1_742' title='bbox 3084 4161 3223 4232; x_wconf 80' lang='lat' dir='ltr'><strong>valet</strong></span> <span class='ocrx_word' id='word_1_743' title='bbox 3250 4176 3284 4232; x_wconf 5' lang='lat' dir='ltr'><strong>ag</strong></span> <span class='ocrx_word' id='word_1_744' title='bbox 3310 4162 3486 4232; x_wconf 81' lang='lat' dir='ltr'><strong>pictu-</strong></span> 
     </span>
    </p>
   </div>
   <div class='ocr_carea' id='block_1_105' title="bbox 1900 4230 3480 4298">
    <p class='ocr_par' dir='ltr' id='par_1_105' title="bbox 1900 4230 3480 4298">
     <span class='ocr_line' id='line_1_105' title="bbox 1900 4230 3480 4298; baseline -0.002 -13"><span class='ocrx_word' id='word_1_745' title='bbox 1900 4230 1976 4287; x_wconf 70' lang='lat' dir='ltr'><strong>ris</strong></span> <span class='ocrx_word' id='word_1_746' title='bbox 1998 4232 2359 4298; x_wconf 88' lang='lat' dir='ltr'><strong>desumptum,</strong></span> <span class='ocrx_word' id='word_1_747' title='bbox 2386 4245 2637 4298; x_wconf 76' lang='lat' dir='ltr'><strong>purpura:</strong></span> <span class='ocrx_word' id='word_1_748' title='bbox 2662 4230 2816 4288; x_wconf 86' lang='lat' dir='ltr'><strong>usum</strong></span> <span class='ocrx_word' id='word_1_749' title='bbox 2846 4246 2951 4282; x_wconf 89' lang='lat' dir='ltr'><strong>non</strong></span> <span class='ocrx_word' id='word_1_750' title='bbox 2979 4230 3139 4282; x_wconf 88' lang='lat' dir='ltr'><strong>modo</strong></span> <span class='ocrx_word' id='word_1_751' title='bbox 3164 4230 3216 4283; x_wconf 93' lang='lat' dir='ltr'><strong>in</strong></span> <span class='ocrx_word' id='word_1_752' title='bbox 3240 4230 3480 4293; x_wconf 87' lang='lat' dir='ltr'><strong>clericis,</strong></span> 
     </span>
    </p>
   </div>
   <div class='ocr_carea' id='block_1_106' title="bbox 1898 4298 3487 4368">
    <p class='ocr_par' dir='ltr' id='par_1_106' title="bbox 1898 4298 3487 4368">
     <span class='ocr_line' id='line_1_106' title="bbox 1898 4298 3487 4368; baseline -0.002 -13"><span class='ocrx_word' id='word_1_753' title='bbox 1898 4302 1995 4355; x_wconf 87' lang='lat' dir='ltr'><strong>sed</strong></span> <span class='ocrx_word' id='word_1_754' title='bbox 2033 4301 2195 4355; x_wconf 87' lang='lat' dir='ltr'><strong>etiam</strong></span> <span class='ocrx_word' id='word_1_755' title='bbox 2230 4301 2281 4352; x_wconf 90' lang='lat' dir='ltr'><strong>iu</strong></span> <span class='ocrx_word' id='word_1_756' title='bbox 2313 4298 2592 4368; x_wconf 76' lang='lat' dir='ltr'><strong>iuonachis</strong></span> <span class='ocrx_word' id='word_1_757' title='bbox 2629 4298 2794 4368; x_wconf 80' lang='lat' dir='ltr'><strong>fuisse</strong></span> <span class='ocrx_word' id='word_1_758' title='bbox 2822 4299 3260 4368; x_wconf 82' lang='lat' dir='ltr'><strong>antiquissimum</strong></span> <span class='ocrx_word' id='word_1_759' title='bbox 3294 4302 3487 4367; x_wconf 80' lang='lat' dir='ltr'><strong>probat</strong></span> 
     </span>
    </p>
   </div>
   <div class='ocr_carea' id='block_1_107' title="bbox 1897 4366 3485 4425">
    <p class='ocr_par' dir='ltr' id='par_1_107' title="bbox 1897 4366 3485 4425">
     <span class='ocr_line' id='line_1_107' title="bbox 1897 4366 3485 4425; baseline -0.002 0"><span class='ocrx_word' id='word_1_760' title='bbox 1897 4372 2062 4425; x_wconf 88' lang='lat' dir='ltr'><strong>etiam</strong></span> <span class='ocrx_word' id='word_1_761' title='bbox 2088 4378 2278 4422; x_wconf 89' lang='lat' dir='ltr'><strong>auctor</strong></span> <span class='ocrx_word' id='word_1_762' title='bbox 2301 4366 2422 4422; x_wconf 91' lang='lat' dir='ltr'><strong>libri</strong></span> <span class='ocrx_word' id='word_1_763' title='bbox 2448 4366 2608 4420; x_wconf 87' lang='lat' dir='ltr'><strong>beato</strong></span> <span class='ocrx_word' id='word_1_764' title='bbox 2636 4367 2915 4423; x_wconf 89' lang='lat' dir='ltr'><strong>Desiderio</strong></span> <span class='ocrx_word' id='word_1_765' title='bbox 2939 4366 3121 4422; x_wconf 81' lang='lat' dir='ltr'><strong>abbati</strong></span> <span class='ocrx_word' id='word_1_766' title='bbox 3145 4378 3201 4421; x_wconf 88' lang='lat' dir='ltr'><strong>et</strong></span> <span class='ocrx_word' id='word_1_767' title='bbox 3220 4366 3485 4422; x_wconf 83' lang='lat' dir='ltr'><strong>cardinali</strong></span> 
     </span>
    </p>
   </div>
   <div class='ocr_carea' id='block_1_108' title="bbox 1895 4436 3483 4508">
    <p class='ocr_par' dir='ltr' id='par_1_108' title="bbox 1895 4436 3483 4508">
     <span class='ocr_line' id='line_1_108' title="bbox 1895 4436 3483 4508; baseline 0.001 -17"><span class='ocrx_word' id='word_1_768' title='bbox 1895 4454 2064 4508; x_wconf 86' lang='lat' dir='ltr'><strong>prope</strong></span> <span class='ocrx_word' id='word_1_769' title='bbox 2090 4454 2288 4492; x_wconf 90' lang='lat' dir='ltr'><strong>annum</strong></span> <span class='ocrx_word' id='word_1_770' title='bbox 2312 4436 2520 4508; x_wconf 83' lang='lat' dir='ltr'><strong>Domini</strong></span> <span class='ocrx_word' id='word_1_771' title='bbox 2553 4436 2687 4508; x_wconf 67' lang='lat'><strong>1060</strong></span> <span class='ocrx_word' id='word_1_772' title='bbox 2710 4438 2961 4508; x_wconf 65' lang='lat' dir='ltr'><strong>dedicati,</strong></span> <span class='ocrx_word' id='word_1_773' title='bbox 2989 4448 3042 4491; x_wconf 85' lang='lat' dir='ltr'><strong>et</strong></span> <span class='ocrx_word' id='word_1_774' title='bbox 3066 4454 3133 4491; x_wconf 85' lang='lat' dir='ltr'><strong>ex</strong></span> <span class='ocrx_word' id='word_1_775' title='bbox 3157 4436 3483 4508; x_wconf 86' lang='lat' dir='ltr'><strong>bibliotheca</strong></span> 
     </span>
    </p>
   </div>
   <div class='ocr_carea' id='block_1_109' title="bbox 1896 4506 3479 4563">
    <p class='ocr_par' dir='ltr' id='par_1_109' title="bbox 1896 4506 3479 4563">
     <span class='ocr_line' id='line_1_109' title="bbox 1896 4506 3479 4563; baseline -0.002 0"><span class='ocrx_word' id='word_1_776' title='bbox 1896 4506 2176 4563; x_wconf 82' lang='lat' dir='ltr'><strong>Casineusi</strong></span> <span class='ocrx_word' id='word_1_777' title='bbox 2212 4524 2333 4561; x_wconf 90' lang='lat' dir='ltr'><strong>cum</strong></span> <span class='ocrx_word' id='word_1_778' title='bbox 2367 4506 2487 4559; x_wconf 90' lang='lat' dir='ltr'><strong>aliis</strong></span> <span class='ocrx_word' id='word_1_779' title='bbox 2528 4506 2710 4561; x_wconf 89' lang='lat' dir='ltr'><strong>multis</strong></span> <span class='ocrx_word' id='word_1_780' title='bbox 2747 4508 2797 4559; x_wconf 91' lang='lat' dir='ltr'><strong>iu</strong></span> <span class='ocrx_word' id='word_1_781' title='bbox 2827 4506 3143 4560; x_wconf 85' lang='lat' dir='ltr'><strong>Vaticanam</strong></span> <span class='ocrx_word' id='word_1_782' title='bbox 3188 4507 3430 4559; x_wconf 85' lang='lat' dir='ltr'><strong>translati</strong></span> <span class='ocrx_word' id='word_1_783' title='bbox 3466 4526 3479 4560; x_wconf 93' lang='lat'>:</span> 
     </span>
    </p>
   </div>
   <div class='ocr_carea' id='block_1_110' title="bbox 1900 4576 3484 4644">
    <p class='ocr_par' dir='ltr' id='par_1_110' title="bbox 1900 4576 3484 4644">
     <span class='ocr_line' id='line_1_110' title="bbox 1900 4576 3484 4644; baseline -0.001 -12"><span class='ocrx_word' id='word_1_784' title='bbox 1900 4578 1953 4632; x_wconf 85' lang='lat' dir='ltr'><strong>in</strong></span> <span class='ocrx_word' id='word_1_785' title='bbox 1983 4576 2135 4642; x_wconf 85' lang='lat' dir='ltr'><strong>cujus</strong></span> <span class='ocrx_word' id='word_1_786' title='bbox 2166 4577 2359 4637; x_wconf 87' lang='lat' dir='ltr'><strong>fronte,</strong></span> <span class='ocrx_word' id='word_1_787' title='bbox 2395 4578 2528 4644; x_wconf 87' lang='lat' dir='ltr'><strong>ipse,</strong></span> <span class='ocrx_word' id='word_1_788' title='bbox 2562 4576 2811 4644; x_wconf 84' lang='lat' dir='ltr'><strong>inquam,</strong></span> <span class='ocrx_word' id='word_1_789' title='bbox 2848 4577 3154 4630; x_wconf 89' lang='lat' dir='ltr'><strong>Desiderins</strong></span> <span class='ocrx_word' id='word_1_790' title='bbox 3186 4577 3484 4631; x_wconf 86' lang='lat' dir='ltr'><strong>monachus</strong></span> 
     </span>
    </p>
   </div>
   <div class='ocr_carea' id='block_1_111' title="bbox 1898 4645 3486 4706">
    <p class='ocr_par' dir='ltr' id='par_1_111' title="bbox 1898 4645 3486 4706">
     <span class='ocr_line' id='line_1_111' title="bbox 1898 4645 3486 4706; baseline -0.003 -5"><span class='ocrx_word' id='word_1_791' title='bbox 1898 4656 1952 4701; x_wconf 91' lang='lat' dir='ltr'><strong>et</strong></span> <span class='ocrx_word' id='word_1_792' title='bbox 1974 4646 2142 4701; x_wconf 88' lang='lat' dir='ltr'><strong>abbas</strong></span> <span class='ocrx_word' id='word_1_793' title='bbox 2164 4648 2303 4700; x_wconf 87' lang='lat' dir='ltr'><strong>sacri</strong></span> <span class='ocrx_word' id='word_1_794' title='bbox 2334 4646 2647 4698; x_wconf 89' lang='lat' dir='ltr'><strong>monasterii</strong></span> <span class='ocrx_word' id='word_1_795' title='bbox 2673 4646 3006 4706; x_wconf 84' lang='lat' dir='ltr'><strong>Casineusis,</strong></span> <span class='ocrx_word' id='word_1_796' title='bbox 3037 4661 3100 4699; x_wconf 91' lang='lat' dir='ltr'><strong>ac</strong></span> <span class='ocrx_word' id='word_1_797' title='bbox 3126 4646 3264 4697; x_wconf 90' lang='lat' dir='ltr'><strong>tituli</strong></span> <span class='ocrx_word' id='word_1_798' title='bbox 3291 4645 3350 4699; x_wconf 93' lang='lat' dir='ltr'><strong>S.</strong></span> <span class='ocrx_word' id='word_1_799' title='bbox 3375 4646 3486 4698; x_wconf 74' lang='lat' dir='ltr'><strong>Ca!-</strong></span> 
     </span>
    </p>
   </div>
   <div class='ocr_carea' id='block_1_112' title="bbox 1898 4714 3481 4785">
    <p class='ocr_par' dir='ltr' id='par_1_112' title="bbox 1898 4714 3481 4785">
     <span class='ocr_line' id='line_1_112' title="bbox 1898 4714 3481 4785; baseline -0.004 -14"><span class='ocrx_word' id='word_1_800' title='bbox 1898 4718 2037 4772; x_wconf 75' lang='lat' dir='ltr'><strong>cilire</strong></span> <span class='ocrx_word' id='word_1_801' title='bbox 2064 4716 2348 4785; x_wconf 81' lang='lat' dir='ltr'><strong>presbyter</strong></span> <span class='ocrx_word' id='word_1_802' title='bbox 2375 4714 2668 4785; x_wconf 84' lang='lat' dir='ltr'><strong>cardinalis</strong></span> <span class='ocrx_word' id='word_1_803' title='bbox 2696 4715 2892 4785; x_wconf 86' lang='lat' dir='ltr'><strong>duplici</strong></span> <span class='ocrx_word' id='word_1_804' title='bbox 2926 4726 3098 4776; x_wconf 88' lang='lat' dir='ltr'><strong>veste,</strong></span> <span class='ocrx_word' id='word_1_805' title='bbox 3130 4715 3321 4768; x_wconf 89' lang='lat' dir='ltr'><strong>stricta</strong></span> <span class='ocrx_word' id='word_1_806' title='bbox 3352 4730 3481 4777; x_wconf 86' lang='lat' dir='ltr'><strong>una,</strong></span> 
     </span>
    </p>
   </div>
   <div class='ocr_carea' id='block_1_113' title="bbox 1899 4783 3477 4851">
    <p class='ocr_par' dir='ltr' id='par_1_113' title="bbox 1899 4783 3477 4851">
     <span class='ocr_line' id='line_1_113' title="bbox 1899 4783 3477 4851; baseline -0.004 -12"><span class='ocrx_word' id='word_1_807' title='bbox 1899 4786 2055 4839; x_wconf 85' lang='lat' dir='ltr'><strong>talari</strong></span> <span class='ocrx_word' id='word_1_808' title='bbox 2089 4783 2277 4846; x_wconf 80' lang='lat' dir='ltr'><strong>altera,</strong></span> <span class='ocrx_word' id='word_1_809' title='bbox 2314 4793 2364 4837; x_wconf 91' lang='lat' dir='ltr'><strong>et</strong></span> <span class='ocrx_word' id='word_1_810' title='bbox 2399 4783 2552 4851; x_wconf 88' lang='lat' dir='ltr'><strong>quasi</strong></span> <span class='ocrx_word' id='word_1_811' title='bbox 2591 4784 2856 4837; x_wconf 88' lang='lat' dir='ltr'><strong>consulari</strong></span> <span class='ocrx_word' id='word_1_812' title='bbox 2897 4799 3164 4851; x_wconf 86' lang='lat' dir='ltr'><strong>purpurea</strong></span> <span class='ocrx_word' id='word_1_813' title='bbox 3208 4794 3435 4851; x_wconf 80' lang='lat' dir='ltr'><strong>utraque</strong></span> <span class='ocrx_word' id='word_1_814' title='bbox 3464 4824 3477 4844; x_wconf 84' lang='lat'><strong>,</strong></span> 
     </span>
    </p>
   </div>
   <div class='ocr_carea' id='block_1_114' title="bbox 1900 4852 3481 4921">
    <p class='ocr_par' dir='ltr' id='par_1_114' title="bbox 1900 4852 3481 4921">
     <span class='ocr_line' id='line_1_114' title="bbox 1900 4852 3481 4921; baseline -0.003 -15"><span class='ocrx_word' id='word_1_815' title='bbox 1900 4856 2140 4921; x_wconf 86' lang='lat' dir='ltr'><strong>vittaque</strong></span> <span class='ocrx_word' id='word_1_816' title='bbox 2168 4868 2327 4906; x_wconf 87' lang='lat' dir='ltr'><strong>aurea</strong></span> <span class='ocrx_word' id='word_1_817' title='bbox 2365 4854 2415 4905; x_wconf 93' lang='lat' dir='ltr'><strong>in</strong></span> <span class='ocrx_word' id='word_1_818' title='bbox 2445 4852 2670 4921; x_wconf 88' lang='lat' dir='ltr'><strong>singulis</strong></span> <span class='ocrx_word' id='word_1_819' title='bbox 2701 4854 3138 4906; x_wconf 87' lang='lat' dir='ltr'><strong>extremitatibus</strong></span> <span class='ocrx_word' id='word_1_820' title='bbox 3173 4862 3361 4903; x_wconf 84' lang='lat' dir='ltr'><strong>ornata</strong></span> <span class='ocrx_word' id='word_1_821' title='bbox 3398 4852 3481 4902; x_wconf 66' lang='grc' dir='ltr'>ἰιια</span> 
     </span>
    </p>
   </div>
   <div class='ocr_carea' id='block_1_115' title="bbox 1901 4920 3482 4994">
    <p class='ocr_par' dir='ltr' id='par_1_115' title="bbox 1901 4920 3482 4994">
     <span class='ocr_line' id='line_1_115' title="bbox 1901 4920 3482 4994; baseline -0.003 -17"><span class='ocrx_word' id='word_1_822' title='bbox 1901 4920 2144 4994; x_wconf 79' lang='lat' dir='ltr'><strong>spicitur.</strong></span> <span class='ocrx_word' id='word_1_823' title='bbox 2174 4923 2280 4994; x_wconf 69' lang='lat' dir='ltr'><strong>Nec</strong></span> <span class='ocrx_word' id='word_1_824' title='bbox 2306 4921 2523 4994; x_wconf 78' lang='lat' dir='ltr'><strong>est,dub</strong></span> <span class='ocrx_word' id='word_1_825' title='bbox 2542 4920 2765 4975; x_wconf 84' lang='lat' dir='ltr'><strong>tandum</strong></span> <span class='ocrx_word' id='word_1_826' title='bbox 2795 4923 2923 4991; x_wconf 92' lang='lat' dir='ltr'><strong>quin</strong></span> <span class='ocrx_word' id='word_1_827' title='bbox 2955 4924 3170 4975; x_wconf 86' lang='lat' dir='ltr'><strong>vivente</strong></span> <span class='ocrx_word' id='word_1_828' title='bbox 3205 4920 3482 4994; x_wconf 83' lang='lat' dir='ltr'><strong>Desiderio</strong></span> 
     </span>
    </p>
   </div>
   <div class='ocr_carea' id='block_1_116' title="bbox 1900 4990 3480 5061">
    <p class='ocr_par' dir='ltr' id='par_1_116' title="bbox 1900 4990 3480 5061">
     <span class='ocr_line' id='line_1_116' title="bbox 1900 4990 3480 5061; baseline -0.004 -13"><span class='ocrx_word' id='word_1_829' title='bbox 1900 4990 1963 5048; x_wconf 71' lang='lat' dir='ltr'><strong>ea</strong></span> <span class='ocrx_word' id='word_1_830' title='bbox 1998 4995 2200 5061; x_wconf 88' lang='lat' dir='ltr'><strong>pictura</strong></span> <span class='ocrx_word' id='word_1_831' title='bbox 2232 4991 2371 5045; x_wconf 83' lang='lat' dir='ltr'><strong>facta</strong></span> <span class='ocrx_word' id='word_1_832' title='bbox 2403 4991 2503 5053; x_wconf 83' lang='lat' dir='ltr'><strong>sit;</strong></span> <span class='ocrx_word' id='word_1_833' title='bbox 2528 5008 2660 5061; x_wconf 88' lang='lat' dir='ltr'><strong>nam</strong></span> <span class='ocrx_word' id='word_1_834' title='bbox 2695 4990 3052 5061; x_wconf 62' lang='lat' dir='ltr'><strong>praeterquam</strong></span> <span class='ocrx_word' id='word_1_835' title='bbox 3087 4990 3229 5060; x_wconf 85' lang='lat' dir='ltr'><strong>quod</strong></span> <span class='ocrx_word' id='word_1_836' title='bbox 3267 5004 3480 5061; x_wconf 80' lang='lat' dir='ltr'><strong>versus,</strong></span> 
     </span>
    </p>
   </div>
   <div class='ocr_carea' id='block_1_117' title="bbox 1900 5008 3484 5131">
    <p class='ocr_par' dir='ltr' id='par_1_117' title="bbox 1900 5008 3484 5131">
     <span class='ocr_line' id='line_1_117' title="bbox 1900 5008 3480 5061; baseline -0.004 -13"><span class='ocrx_word' id='word_1_837' title='bbox 1900 5008 1963 5048; x_wconf 86' lang='lat' dir='ltr'><strong>ea</strong></span> <span class='ocrx_word' id='word_1_838' title='bbox 1998 5008 2200 5061; x_wconf 80' lang='lat' dir='ltr'><strong>pictura</strong></span> <span class='ocrx_word' id='word_1_839' title='bbox 2232 5008 2371 5045; x_wconf 83' lang='lat' dir='ltr'><strong>taeta</strong></span> <span class='ocrx_word' id='word_1_840' title='bbox 2403 5008 2503 5053; x_wconf 82' lang='lat' dir='ltr'><strong>su;</strong></span> <span class='ocrx_word' id='word_1_841' title='bbox 2538 5008 2660 5043; x_wconf 87' lang='lat' dir='ltr'><strong>nam</strong></span> <span class='ocrx_word' id='word_1_842' title='bbox 2695 5008 2889 5059; x_wconf 60' lang='grc' dir='ltr'>ιιι-αξιοι·</span> <span class='ocrx_word' id='word_1_843' title='bbox 2931 5008 3052 5044; x_wconf 88' lang='lat' dir='ltr'><strong>nam</strong></span> <span class='ocrx_word' id='word_1_844' title='bbox 3087 5008 3229 5060; x_wconf 85' lang='lat' dir='ltr'><strong>quon</strong></span> <span class='ocrx_word' id='word_1_845' title='bbox 3267 5008 3480 5051; x_wconf 76' lang='lat' dir='ltr'><strong>versus,</strong></span> 
     </span>
     <span class='ocr_line' id='line_1_118' title="bbox 1900 5008 3484 5131; baseline -0.003 -15"><span class='ocrx_word' id='word_1_846' title='bbox 1900 5064 1989 5131; x_wconf 88' lang='lat' dir='ltr'><strong>qui</strong></span> <span class='ocrx_word' id='word_1_847' title='bbox 2027 5064 2142 5115; x_wconf 89' lang='lat' dir='ltr'><strong>libri</strong></span> <span class='ocrx_word' id='word_1_848' title='bbox 2192 5060 2452 5131; x_wconf 85' lang='lat' dir='ltr'><strong>principio</strong></span> <span class='ocrx_word' id='word_1_849' title='bbox 2488 5060 2557 5113; x_wconf 88' lang='lat' dir='ltr'><strong>ab</strong></span> <span class='ocrx_word' id='word_1_850' title='bbox 2589 5075 2856 5131; x_wconf 77' lang='lat' dir='ltr'><strong>anonymo</strong></span> <span class='ocrx_word' id='word_1_851' title='bbox 2891 5008 2981 5113; x_wconf 67' lang='lat' dir='ltr'><strong>illo</strong></span> <span class='ocrx_word' id='word_1_852' title='bbox 3012 5060 3290 5115; x_wconf 88' lang='lat' dir='ltr'><strong>Casiuensi</strong></span> <span class='ocrx_word' id='word_1_853' title='bbox 3338 5059 3484 5125; x_wconf 78' lang='lat' dir='ltr'><strong>ejus-</strong></span> 
     </span>
    </p>
   </div>
   <div class='ocr_carea' id='block_1_118' title="bbox 1899 5130 3485 5199">
    <p class='ocr_par' dir='ltr' id='par_1_118' title="bbox 1899 5130 3485 5199">
     <span class='ocr_line' id='line_1_119' title="bbox 1899 5130 3485 5199; baseline -0.005 -14"><span class='ocrx_word' id='word_1_854' title='bbox 1899 5130 2019 5185; x_wconf 84' lang='lat' dir='ltr'><strong>dem</strong></span> <span class='ocrx_word' id='word_1_855' title='bbox 2050 5132 2170 5184; x_wconf 87' lang='lat' dir='ltr'><strong>libri</strong></span> <span class='ocrx_word' id='word_1_856' title='bbox 2196 5130 2455 5198; x_wconf 78' lang='lat' dir='ltr'><strong>Scriptnrc</strong></span> <span class='ocrx_word' id='word_1_857' title='bbox 2480 5130 2845 5199; x_wconf 61' lang='lat' dir='ltr'><strong>praeﬁguntur,</strong></span> <span class='ocrx_word' id='word_1_858' title='bbox 2872 5131 3045 5198; x_wconf 89' lang='lat' dir='ltr'><strong>ipsum</strong></span> <span class='ocrx_word' id='word_1_859' title='bbox 3072 5140 3323 5198; x_wconf 87' lang='lat' dir='ltr'><strong>tanquam</strong></span> <span class='ocrx_word' id='word_1_860' title='bbox 3351 5144 3485 5199; x_wconf 75' lang='lat' dir='ltr'><strong>pra:-</strong></span> 
     </span>
    </p>
   </div>
   <div class='ocr_carea' id='block_1_119' title="bbox 1898 5197 3476 5268">
    <p class='ocr_par' dir='ltr' id='par_1_119' title="bbox 1898 5197 3476 5268">
     <span class='ocr_line' id='line_1_120' title="bbox 1898 5197 3476 5268; baseline -0.004 -14"><span class='ocrx_word' id='word_1_861' title='bbox 1898 5211 2105 5255; x_wconf 87' lang='lat' dir='ltr'><strong>sentem</strong></span> <span class='ocrx_word' id='word_1_862' title='bbox 2144 5197 2490 5267; x_wconf 74' lang='lat' dir='ltr'><strong>alquuuntur</strong></span> <span class='ocrx_word' id='word_1_863' title='bbox 2530 5217 2542 5251; x_wconf 94' lang='lat'><strong>:</strong></span> <span class='ocrx_word' id='word_1_864' title='bbox 2589 5197 2651 5252; x_wconf 81' lang='lat' dir='ltr'><strong>id</strong></span> <span class='ocrx_word' id='word_1_865' title='bbox 2682 5201 2844 5253; x_wconf 83' lang='lat' dir='ltr'><strong>etiam</strong></span> <span class='ocrx_word' id='word_1_866' title='bbox 2896 5197 3156 5268; x_wconf 64' lang='lat' dir='ltr'><strong>praeterea</strong></span> <span class='ocrx_word' id='word_1_867' title='bbox 3204 5197 3476 5268; x_wconf 80' lang='lat' dir='ltr'><strong>ostendit,</strong></span> 
     </span>
    </p>
   </div>
   <div class='ocr_carea' id='block_1_120' title="bbox 1897 5265 3481 5339">
    <p class='ocr_par' dir='ltr' id='par_1_120' title="bbox 1897 5265 3481 5339">
     <span class='ocr_line' id='line_1_121' title="bbox 1897 5265 3481 5339; baseline -0.003 -17"><span class='ocrx_word' id='word_1_868' title='bbox 1897 5273 2039 5339; x_wconf 85' lang='lat' dir='ltr'><strong>quod</strong></span> <span class='ocrx_word' id='word_1_869' title='bbox 2072 5265 2378 5324; x_wconf 80' lang='lat' dir='ltr'><strong>Desiderins</strong></span> <span class='ocrx_word' id='word_1_870' title='bbox 2407 5269 2470 5321; x_wconf 86' lang='lat' dir='ltr'><strong>ad</strong></span> <span class='ocrx_word' id='word_1_871' title='bbox 2503 5269 2703 5339; x_wconf 84' lang='lat' dir='ltr'><strong>capitis</strong></span> <span class='ocrx_word' id='word_1_872' title='bbox 2731 5265 2948 5338; x_wconf 81' lang='lat' dir='ltr'><strong>tergum</strong></span> <span class='ocrx_word' id='word_1_873' title='bbox 2968 5270 3287 5339; x_wconf 71' lang='lat' dir='ltr'><strong>quadratam</strong></span> <span class='ocrx_word' id='word_1_874' title='bbox 3319 5265 3481 5319; x_wconf 88' lang='lat' dir='ltr'><strong>habet</strong></span> 
     </span>
    </p>
   </div>
   <div class='ocr_carea' id='block_1_121' title="bbox 1898 5338 3480 5407">
    <p class='ocr_par' dir='ltr' id='par_1_121' title="bbox 1898 5338 3480 5407">
     <span class='ocr_line' id='line_1_122' title="bbox 1898 5338 3480 5407; baseline -0.002 -15"><span class='ocrx_word' id='word_1_875' title='bbox 1898 5338 2177 5403; x_wconf 83' lang='lat' dir='ltr'><strong>tabellam,</strong></span> <span class='ocrx_word' id='word_1_876' title='bbox 2205 5355 2324 5407; x_wconf 84' lang='lat' dir='ltr'><strong>qua:</strong></span> <span class='ocrx_word' id='word_1_877' title='bbox 2353 5338 2608 5407; x_wconf 87' lang='lat' dir='ltr'><strong>iudicium</strong></span> <span class='ocrx_word' id='word_1_878' title='bbox 2649 5353 2711 5391; x_wconf 87' lang='lat' dir='ltr'><strong>ea</strong></span> <span class='ocrx_word' id='word_1_879' title='bbox 2744 5348 3064 5407; x_wconf 87' lang='lat' dir='ltr'><strong>tempestate</strong></span> <span class='ocrx_word' id='word_1_880' title='bbox 3094 5338 3321 5391; x_wconf 88' lang='lat' dir='ltr'><strong>viventis</strong></span> <span class='ocrx_word' id='word_1_881' title='bbox 3357 5350 3480 5389; x_wconf 79' lang='lat' dir='ltr'><strong>esse</strong></span> 
     </span>
    </p>
   </div>
   <div class='ocr_carea' id='block_1_122' title="bbox 1895 5406 3479 5476">
    <p class='ocr_par' dir='ltr' id='par_1_122' title="bbox 1895 5406 3479 5476">
     <span class='ocr_line' id='line_1_123' title="bbox 1895 5406 3479 5476; baseline -0.003 -14"><span class='ocrx_word' id='word_1_882' title='bbox 1895 5410 2070 5462; x_wconf 84' lang='lat' dir='ltr'><strong>solere</strong></span> <span class='ocrx_word' id='word_1_883' title='bbox 2098 5450 2111 5471; x_wconf 85' lang='lat'><strong>,</strong></span> <span class='ocrx_word' id='word_1_884' title='bbox 2148 5406 2457 5476; x_wconf 67' lang='lat' dir='ltr'><strong>pel-vetusta</strong></span> <span class='ocrx_word' id='word_1_885' title='bbox 2500 5406 2660 5460; x_wconf 87' lang='lat' dir='ltr'><strong>Urbis</strong></span> <span class='ocrx_word' id='word_1_886' title='bbox 2695 5406 3076 5471; x_wconf 85' lang='lat' dir='ltr'><strong>monumenta,</strong></span> <span class='ocrx_word' id='word_1_887' title='bbox 3111 5422 3338 5473; x_wconf 86' lang='lat' dir='ltr'><strong>quorum</strong></span> <span class='ocrx_word' id='word_1_888' title='bbox 3378 5420 3479 5476; x_wconf 80' lang='lat' dir='ltr'><strong>nos</strong></span> 
     </span>
    </p>
   </div>
   <div class='ocr_carea' id='block_1_123' title="bbox 1898 5474 3482 5535">
    <p class='ocr_par' dir='ltr' id='par_1_123' title="bbox 1898 5474 3482 5535">
     <span class='ocr_line' id='line_1_124' title="bbox 1898 5474 3482 5535; baseline -0.004 -4"><span class='ocrx_word' id='word_1_889' title='bbox 1898 5480 2065 5531; x_wconf 86' lang='lat' dir='ltr'><strong>multa</strong></span> <span class='ocrx_word' id='word_1_890' title='bbox 2096 5474 2531 5535; x_wconf 83' lang='lat' dir='ltr'><strong>observavimus,</strong></span> <span class='ocrx_word' id='word_1_891' title='bbox 2562 5478 2935 5529; x_wconf 79' lang='lat' dir='ltr'><strong>demonstrant</strong></span> <span class='ocrx_word' id='word_1_892' title='bbox 2967 5496 2978 5530; x_wconf 90' lang='lat'>:</span> <span class='ocrx_word' id='word_1_893' title='bbox 3011 5488 3059 5530; x_wconf 90' lang='lat' dir='ltr'><strong>et</strong></span> <span class='ocrx_word' id='word_1_894' title='bbox 3100 5476 3334 5530; x_wconf 82' lang='lat' dir='ltr'><strong>Joannes</strong></span> <span class='ocrx_word' id='word_1_895' title='bbox 3357 5474 3482 5525; x_wconf 87' lang='lat' dir='ltr'><strong>dia-</strong></span> 
     </span>
    </p>
   </div>
   <div class='ocr_carea' id='block_1_124' title="bbox 1896 5543 3572 5617">
    <p class='ocr_par' dir='ltr' id='par_1_124' title="bbox 1896 5543 3572 5617">
     <span class='ocr_line' id='line_1_125' title="bbox 1896 5543 3572 5617; baseline -0.005 -15"><span class='ocrx_word' id='word_1_896' title='bbox 1896 5564 2067 5602; x_wconf 87' lang='lat' dir='ltr'><strong>conus</strong></span> <span class='ocrx_word' id='word_1_897' title='bbox 2101 5546 2388 5601; x_wconf 83' lang='lat' dir='ltr'><strong>cardinalis</strong></span> <span class='ocrx_word' id='word_1_898' title='bbox 2419 5548 2468 5598; x_wconf 87' lang='lat' dir='ltr'><strong>itt</strong></span> <span class='ocrx_word' id='word_1_899' title='bbox 2504 5547 2619 5599; x_wconf 72' lang='lat' dir='ltr'><strong>Vita</strong></span> <span class='ocrx_word' id='word_1_900' title='bbox 2650 5548 2705 5599; x_wconf 70' lang='grc' dir='ltr'><strong>ὃ.</strong></span> <span class='ocrx_word' id='word_1_901' title='bbox 2735 5546 2959 5617; x_wconf 75' lang='lat' dir='ltr'><strong>Gregor.</strong></span> <span class='ocrx_word' id='word_1_902' title='bbox 2995 5547 3087 5617; x_wconf 66' lang='lat' dir='ltr'><strong>lii).</strong></span> <span class='ocrx_word' id='word_1_903' title='bbox 3121 5560 3194 5606; x_wconf 86' lang='lat' dir='ltr'><strong>tv,</strong></span> <span class='ocrx_word' id='word_1_904' title='bbox 3231 5560 3350 5612; x_wconf 85' lang='lat' dir='ltr'><strong>cap.</strong></span> <span class='ocrx_word' id='word_1_905' title='bbox 3384 5543 3480 5608; x_wconf 61' lang='grc'><strong>84,</strong></span> <span class='ocrx_word' id='word_1_906' title='bbox 3560 5607 3572 5617; x_wconf 46' lang='grc'><strong><em>.</em></strong></span> 
     </span>
    </p>
   </div>
   <div class='ocr_carea' id='block_1_125' title="bbox 1897 5615 3476 5685">
    <p class='ocr_par' dir='ltr' id='par_1_125' title="bbox 1897 5615 3476 5685">
     <span class='ocr_line' id='line_1_126' title="bbox 1897 5615 3476 5685; baseline -0.003 -16"><span class='ocrx_word' id='word_1_907' title='bbox 1897 5627 2142 5671; x_wconf 84' lang='lat' dir='ltr'><strong>testatur.</strong></span> <span class='ocrx_word' id='word_1_908' title='bbox 2174 5617 2431 5685; x_wconf 81' lang='lat' dir='ltr'><strong>Amplius,</strong></span> <span class='ocrx_word' id='word_1_909' title='bbox 2468 5617 2608 5669; x_wconf 83' lang='lat' dir='ltr'><strong>sicut</strong></span> <span class='ocrx_word' id='word_1_910' title='bbox 2636 5616 2937 5685; x_wconf 83' lang='lat' dir='ltr'><strong>cardinales</strong></span> <span class='ocrx_word' id='word_1_911' title='bbox 2965 5617 3016 5669; x_wconf 90' lang='lat' dir='ltr'><strong>in</strong></span> <span class='ocrx_word' id='word_1_912' title='bbox 3050 5615 3476 5685; x_wconf 72' lang='lat' dir='ltr'><strong>locutusettalus</strong></span> 
     </span>
    </p>
   </div>
   <div class='ocr_carea' id='block_1_126' title="bbox 1894 5683 3476 5755">
    <p class='ocr_par' dir='ltr' id='par_1_126' title="bbox 1894 5683 3476 5755">
     <span class='ocr_line' id='line_1_127' title="bbox 1894 5683 3476 5755; baseline -0.003 -17"><span class='ocrx_word' id='word_1_913' title='bbox 1894 5686 2100 5755; x_wconf 86' lang='lat' dir='ltr'><strong>antiqui</strong></span> <span class='ocrx_word' id='word_1_914' title='bbox 2131 5683 2580 5755; x_wconf 40' lang='lat' dir='ltr'><strong>successeretita</strong></span> <span class='ocrx_word' id='word_1_915' title='bbox 2616 5683 2780 5755; x_wconf 87' lang='lat' dir='ltr'><strong>multo</strong></span> <span class='ocrx_word' id='word_1_916' title='bbox 2812 5695 2971 5738; x_wconf 86' lang='lat' dir='ltr'><strong>antea</strong></span> <span class='ocrx_word' id='word_1_917' title='bbox 3002 5700 3162 5753; x_wconf 89' lang='lat' dir='ltr'><strong>quam</strong></span> <span class='ocrx_word' id='word_1_918' title='bbox 3197 5684 3248 5737; x_wconf 90' lang='lat' dir='ltr'><strong>hi</strong></span> <span class='ocrx_word' id='word_1_919' title='bbox 3283 5697 3476 5735; x_wconf 76' lang='lat' dir='ltr'><strong>recen-</strong></span> 
     </span>
    </p>
   </div>
   <div class='ocr_carea' id='block_1_127' title="bbox 1895 5754 3479 5827">
    <p class='ocr_par' dir='ltr' id='par_1_127' title="bbox 1895 5754 3479 5827">
     <span class='ocr_line' id='line_1_128' title="bbox 1895 5754 3479 5827; baseline -0.004 -18"><span class='ocrx_word' id='word_1_920' title='bbox 1895 5754 2056 5827; x_wconf 82' lang='lat' dir='ltr'><strong>tiores</strong></span> <span class='ocrx_word' id='word_1_921' title='bbox 2076 5755 2386 5827; x_wconf 78' lang='lat' dir='ltr'><strong>opinautnr,</strong></span> <span class='ocrx_word' id='word_1_922' title='bbox 2414 5770 2443 5806; x_wconf 89' lang='lat' dir='ltr'><strong>a</strong></span> <span class='ocrx_word' id='word_1_923' title='bbox 2466 5754 2731 5827; x_wconf 50' lang='lat' dir='ltr'><strong>Romanis</strong></span> <span class='ocrx_word' id='word_1_924' title='bbox 2754 5755 3098 5827; x_wconf 70' lang='lat' dir='ltr'><strong>pontificibus</strong></span> <span class='ocrx_word' id='word_1_925' title='bbox 3119 5768 3213 5808; x_wconf 87' lang='lat' dir='ltr'><strong>eos</strong></span> <span class='ocrx_word' id='word_1_926' title='bbox 3238 5764 3479 5827; x_wconf 62' lang='lat' dir='ltr'><strong>purpura</strong></span> 
     </span>
    </p>
   </div>
   <div class='ocr_carea' id='block_1_128' title="bbox 1890 5818 3475 5889">
    <p class='ocr_par' dir='ltr' id='par_1_128' title="bbox 1890 5818 3475 5889">
     <span class='ocr_line' id='line_1_129' title="bbox 1890 5818 3475 5889; baseline -0.004 -7"><span class='ocrx_word' id='word_1_927' title='bbox 1890 5818 2129 5882; x_wconf 74' lang='lat' dir='ltr'><strong>donatos&#39;</strong></span> <span class='ocrx_word' id='word_1_928' title='bbox 2151 5818 2324 5881; x_wconf 83' lang='lat' dir='ltr'><strong>fuisse</strong></span> <span class='ocrx_word' id='word_1_929' title='bbox 2368 5818 2815 5879; x_wconf 71' lang='lat' dir='ltr'><strong>vcrisimillimuin</strong></span> <span class='ocrx_word' id='word_1_930' title='bbox 2859 5822 2938 5878; x_wconf 87' lang='lat' dir='ltr'><strong>lit.</strong></span> <span class='ocrx_word' id='word_1_931' title='bbox 2974 5824 3080 5879; x_wconf 83' lang='lat' dir='ltr'><strong>Sed</strong></span> <span class='ocrx_word' id='word_1_932' title='bbox 3102 5864 3120 5889; x_wconf 87' lang='lat'><strong>,</strong></span> <span class='ocrx_word' id='word_1_933' title='bbox 3151 5832 3203 5878; x_wconf 92' lang='lat' dir='ltr'><strong>ct</strong></span> <span class='ocrx_word' id='word_1_934' title='bbox 3235 5818 3361 5876; x_wconf 76' lang='lat' dir='ltr'><strong>cum</strong></span> <span class='ocrx_word' id='word_1_935' title='bbox 3390 5818 3475 5875; x_wconf 54' lang='lat' dir='ltr'><strong>dit-</strong></span> 
     </span>
    </p>
   </div>
  </div>
