5664 6648
0 0 1736 230 v-

24 6373 1423 6648 με

2271 448 2376 504 5ιῦ

2269 569 2395 613 cant
2423 558 2792 612 innocentium
2825 555 2888 609 IV
2927 570 3067 607 anno
3095 553 3292 608 Christi
3327 551 3465 606 ΕΗ
3505 551 3757 605 statuisse
3787 557 3845 603 ut
3874 557 3918 614 Α

2268 630 2572 686 cardinales
2598 642 2735 692 equo
2765 629 2815 678 in
2846 625 3113 692 publicum
3143 624 3298 686 vecti,
3329 623 3512 692 galero
3543 623 3701 692 rubro
3732 631 3845 674 nte-

2273 708 2487 760 lentur;
2521 710 2575 750 et
2618 690 2903 749 Danlum'll
2951 709 3089 746 anno
3120 693 3272 745 Dom.
3316 690 3450 746 [464
3494 707 3590 744 suo
3623 690 3846 743 Decreto

2275 768 2560 822 mandasse
2589 775 2644 816 ut
2695 763 3051 816 cardinalium
3085 762 3248 830 'galeri
3279 776 3343 814 ex
3379 762 3554 830 serico
3570 760 3847 830 _coccineo

2272 841 2492 893 tierent,
2527 835 2722 902 quibus
2752 833 2925 902 etiam
2958 827 3134 902 panno
3173 831 3411 902 ejusdem
3449 827 3608 898 554
3653 829 3849 882 coloris

2272 911 2412 958 dono
2449 901 2612 964 datis,
2641 901 2762 969 equi
2794 902 2874 952 vel
2905 901 3064 954 mula:
3088 915 3273 954 eorum
3294 940 3306 960 ,
3349 901 3473 969 dunt
3505 901 3808 969 equitarent
3833 938 3847 960 ,

2271 984 2331 1026 ut
2370 968 2738 1024 sternerentur
2776 971 3038 1032 voluisse;
3086 972 3279 1022 mirum
3336 968 3547 1018 videtur
3583 968 3849 1033 quomodo

2270 1043 2360 1093 alii
2406 1041 2648 1094 historici
2692 1041 2934 1093 scribant
2972 1039 3273 1092 cardinales
3315 1047 3555 1100 tempore
3597 1037 3848 1089 Clemen-

2271 1112 2344 1165 tis
2372 1108 2436 1162 Vl
2464 1111 2605 1162 circa
2637 1124 2834 1161 annum
2865 1109 3063 1163 Christi
3097 1107 3236 1160 1555
3262 1116 3313 1158 et
3346 1105 3483 1158 l558
3514 1121 3690 1173 panno
3723 1122 3848 1174 pur-

2271 1194 2462 1246 pureo,
2495 1188 2598 1230 tam
2635 1179 2797 1244 ipsos.
2833 1194 2992 1246 quam
3025 1180 3252 1244 ipsorum
3295 1189 3465 1295 pauos
3505 1176 3753 1235 indutos,
3787 1191 3851 1227 ac

2271 1257 2590 1295 perornatus
2619 1248 2802 1295 fuisse.
2833 1257 2889 1295 ut
2914 1249 2980 1295 de
3010 1244 3263 1295 cardinali
3337 1258 3348 1274 ⁴
3368 1245 3508 1295 uidio
3535 1245 3849 1295 Alboruotio

2271 1244 2590 1316 perornatos
2619 1248 2802 1305 fuisse.
2833 1244 2889 1298 ut
2914 1249 2980 1299 de
3010 1244 3264 1316 cardinali
3295 1244 3508 1316 Egidiu
3535 1245 3849 1316 Alboruutio

2273 1311 2527 1370 iestatum
2560 1317 2772 1384 reliquit
2799 1317 2949 1369 illius
2969 1315 3140 1367 inlatis
3164 1311 3709 1384 SCfiptOl‘__D_I:tllh:DllS
3740 1312 3846 1364 Vil-

2271 1386 2430 1438 lanus
2455 1381 2956 1443 Chroanlorentq
2995 1384 3085 1435 lib.
3133 1399 3212 1444 ιιι,
3246 1399 3362 1450 cap.
3406 1381 3492 1439 5-l.
3525 1393 3576 1434 et
3614 1383 3705 1433 lib.
3742 1397 3845 1442 \‘ll.,

2271 1471 2394 1521 cap.
2430 1454 2544 1512 lOU.
2570 1464 2626 1507 et
2645 1464 2882 1521 assertor
2911 1454 3030 1505 vita:
3055 1456 3191 1504 beati
3222 1451 3362 1504 Petri
3392 1452 3458 1504 de
3481 1451 3849 1520 Lucemburgu

2271 1517 2561 1577 cardinalis
2588 1524 2757 1576 creati
2793 1517 2858 1575 a'd
2888 1537 3086 1574 annum
3125 1522 3288 1584 1536,
3322 1522 3530 1573 tametsi
3565 1536 3591 1572 a
3622 1517 3855 1588 pseudo.

2270 1606 2408 1662 papa
2448 1606 2551 1643 non
2591 1591 2760 1662 solum
2792 1591 2956 1660 galeri
3004 1591 3152 1644 rubei
3177 1633 3190 1654 ,
3239 1591 3411 1662 sedet
3440 1605 3626 1662 caput:
3675 1589 3849 1662 rubeat

2270 1658 2481 1713 duobus
2514 1662 2564 1714 in
2597 1660 2730 1714 locis
2762 1658 2893 1715 satis
2919 1671 3104 1729 aperte
3145 1660 3406 1713 meminit.
3440 1658 3635 1710 Verum
3666 1669 3718 1708 ιιι
3751 1659 3849 1710 huc

2270 1731 2392 1782 loco
2433 1730 2557 1782 illttd
2603 1731 2766 1784 etiam
2807 1747 2910 1782 non
2959 1741 3340 1798 praetereamus
3365 1770 3378 1791 ,
3427 1729 3648 1782 abbates
3687 1738 3846 1778 etiam

2270 1799 2603 1852 Benedictini
2659 1799 2864 1853 ordinis
2913 1800 3169 1866 quosdam
3233 1799 3510 1866 dignitatis
3572 1812 3846 1849 commou-

2271 1869 2506 1949 strandau
2537 1869 2703 1949 gratia
2739 1869 2885 1949 (licet
2915 1883 3098 1949 eorum
3132 1868 3377 1920 monachi
3418 1868 3582 1932 nigris
3613 1869 3846 1918 vestibus
3880 1895 3918 1949 η

2273 1938 2446 1990 induti
2491 1937 2832 2004 incederent)
2879 1938 3116 1988 violaceo
3161 1952 3288 1989 usus
3327 1951 3478 1995 esse;
3529 1945 3586 1988 nt
3634 1945 3843 1987 constat

2269 2005 2649 2074 antiquissimo
2689 2007 2998 2059 monasterii
3040 2005 3318 2058 Farfensis
3350 2007 3596 2070 registro,
3639 2020 3701 2056 ex
3742 2020 3844 2071 quo

2271 2073 2557 2128 manifeste
2589 2085 2806 2142 apparet
2837 2076 3071 2142 quinque
3117 2091 3176 2128 ac
3213 2076 3426 2142 triginta
3473 2076 3584 2126 fere
3627 2089 3846 2124 numero

2272 2144 2498 2196 aI-bates
2529 2144 2592 2196 ad
2627 2144 2964 2210 Supponent,
2999 2145 3088 2211 qui
3125 2159 3262 2195 anno
3293 2143 3496 2195 Domini
3532 2143 3842 2201 i0l0.vixjt,

2274 2213 2363 2266 his
2415 2213 2649 2265 vestibus
2698 2214 2910 2264 indutos
2961 2215 3342 2266 monasterium
3397 2215 3618 2266 rexisse.
3677 2212 3843 2277 Quem

2272 2278 2569 2334 violaceum
2596 2282 2825 2334 colorem
2860 2282 3141 2333 abbatibus
3160 2321 3173 2341 ,
3204 2291 3256 2332 et
3291 2283 3522 2334 maxime
3552 2281 3734 2333 linum:
3757 2284 3850 2333 de-

2271 2349 2554 2418 gentibus,
2593 2351 2749 2417 quive
2779 2365 2934 2402 sacro
2967 2351 3459 2401 illustrissimorum
3492 2351 3845 2404 cardinalium

2273 2419 2619 2480 consistorio,
2657 2433 2720 2472 ac
2765 2433 2974 2471 summo
3019 2418 3258 2485 pontitici
3302 2429 3496 2485 pnesto
3543 2421 3762 2477 adesse,
3797 2430 3851 2470 et

2274 2487 2428 2558 quasi
2455 2502 2485 2540 a
2513 2489 2678 2543 latere
2707 2502 2825 2541 esse
2849 2497 3260 2549 consueverant,
3293 2497 3346 2540 et
3375 2497 3697 2556 temporum,
3733 2487 3850 2539 bet-

2696 442 2754 498 S.
2787 441 2989 497 PETRI
3029 438 3307 494 DAMIANI
3349 437 3498 493 OPP.
3533 435 3770 493 TOMUS
3809 434 3938 490 SEU
3982 434 4161 491 PARS
4203 436 4283 490 ιιι.
4315 467 4383 476 -
4409 436 4768 494 OPUSCULA
4809 437 5037 493 V'AlilA.

5401 442 5485 496 ειι

3950 552 4118 605 lorum
4156 561 4570 626 accmterorum
4613 553 4913 626 huiusmodi
4962 552 5186 626 initgias
5216 553 5486 626 hominum.

3949 638 4052 690 que
4083 623 4336 674 malitiam
4368 623 4634 675 ademisse
4665 623 4822 675 facile
4850 622 5111 676 creditum
5139 632 5242 674 est.
5279 622 5376 674 Nec
5405 625 5484 678 hoc

3950 693 4161 758 quidem
4197 693 4387 744 mirum
4409 731 4422 751 ,
4455 707 4574 743 cum
4606 692 4935 745 Benedictini
4970 693 5175 744 ordinis
5203 691 5489 758 professori-

3950 760 4049 814 bus
4081 775 4144 812 ex
4174 761 4498 813 sanetissimi
4546 763 4625 813 sui
4667 762 4834 827 patris
4861 761 5040 828 regula
5091 776 5397 828 quocunque
5426 764 5488 815 uti

3949 831 4125 882 colore
4158 830 4474 895 permissum
4521 829 4699 882 fuerit.
4734 829 5069 898 Quapropter
5101 844 5221 882 cum
5267 831 5488 883 cardina-

3951 899 4059 950 litia
4099 901 4178 951 vel
4215 900 4405 966 quavis
4439 899 4540 951 alia
4598 897 4862 968 dignitate
4903 897 5192 966 fulgebant,
5224 909 5279 951 ιιι
5320 914 5489 967 purpu-

3952 982 4094 1019 ream
4140 968 4220 1020 vel
4246 968 4535 1020 violaceam
4564 969 4896 1036 chlamydem
4926 977 5217 1035 gestarent,
5243 969 5491 1036 dispensa-

3953 1038 4092 1088 tione
4115 1037 4307 1089 summi
4332 1037 4600 1104 pontificis
4622 1041 4701 1102 (ut
4719 1037 4938 1089 alterius
4956 1037 5179 1088 instituti
5202 1046 5490 1098 sectatores,

3951 1106 4332 1182 quibusaliter
4361 1107 4513 1182 inuui
4556 1116 4781 1182 cautunt
4804 1117 4896 1182 est
4919 1107 5122 1182 regula)
5167 1121 5270 1158 non
5299 1107 5494 1182 _indige-
5610 1124 5611 1182 ι

3949 1175 4094 1228 bant.
4150 1175 4403 1239 Quamvis
4453 1190 4579 1227 vero
4632 1174 4689 1227 S.
4747 1173 4804 1228 P.
4862 1173 5180 1228 Benedictus
5230 1174 5342 1228 suis
5387 1173 5492 1228 cum

3950 1208 4094 1228 υιΙΙΙιο
4150 1208 4403 1239 ριισιηιτιῠ
4459 1208 4532 1227 'Ll
4548 1208 4579 1225 11
4633 1208 4689 1227 υο
4747 1208 4766 1228 ι
4792 1215 4804 1226 ι
4862 1208 5180 1228 υῡιιῠυιιιυδ
5230 1208 5342 1228 ῦυιθ
5387 1208 5492 1228 ιυιιι

3950 1247 4229 1297 monachis
4258 1246 4306 1296 in
4342 1254 4484 1297 veste
4511 1247 4659 1312 nigra
4693 1244 4985 1305 incederet,
5009 1243 5301 1312 generatim
5332 1253 5508 1297 tamen.
5611 1208 5613 1278 ι

3951 1315 4061 1366 lucc
4093 1314 4330 1381 pnccipit
4363 1333 4374 1365 z
4417 1333 4431 1363 ι
4467 1314 4539 1366 De
4567 1290 4804 1380 (quarum
4835 1290 5281 1366 rertu'noomnium
5310 1314 5492 1374 colore,
5613 1290 5615 1344 Ι

3950 1391 4041 1436 aut
4071 1374 4438 1450 grossiiudine
4461 1397 4563 1435 nOu
4592 1374 4879 1435 causentur
4910 1383 5185 1443 monachi;
5215 1382 5306 1435 sed
5329 1382 5494 1450 quales
5615 1374 5617 1426 Ι

3949 1449 4173 1504 inveniri
4201 1462 4420 1518 possunt
4447 1453 4496 1503 in
4527 1453 4814 1519 provincia,
4835 1451 4885 1504 in
4913 1465 5014 1519 qua
5042 1451 5331 1504 habitant.)
5362 1449 5495 1506 Unde
5617 1458 5619 1502 l

3948 1520 4146 1573 Paulus
4184 1520 4451 1572 Diaconns
4474 1521 4782 1574 Casineusis
4808 1521 5045 1589 apposite
5073 1521 5212 1573 hunc
5240 1519 5406 1572 locum
5431 1521 5497 1589 ita
5619 1540 5621 1574 |

3949 1591 4180 1656 explicat
4209 1605 4223 1642 ε
4261 1608 4278 1639 ι
4302 1589 4414 1641 Non
4447 1591 4641 1643 debent
4676 1587 4920 1643 monachi
4951 1603 5193 1652 causare,
5225 1592 5268 1642 si
5301 1587 5498 1657 pedules

3949 1661 4052 1712 albi
4090 1660 4305 1720 fuerint,
4337 1669 4386 1712 et
4417 1659 4608 1712 tuniczr
4640 1658 4818 1721 fuscae,
4852 1660 4902 1711 id
4929 1669 5039 1721 est,
5072 1659 5117 1713 si
5143 1658 5353 1726 pcdules
5376 1657 5496 1711 alte-

3950 1731 4062 1782 rius
4091 1730 4286 1781 coloris
4315 1729 4534 1790 fuerint,
4565 1737 4616 1780 ct
4645 1728 4870 1785 alterius,
4892 1729 5082 1794 tunica:
5113 1736 5269 1794 atque
5295 1727 5499 1780 alterius

3949 1799 4170 1851 cucule.
4206 1817 4221 1848 ι
4253 1799 4313 1850 Et
4340 1798 4626 1855 Ferriolus.
4655 1797 4950 1867 Smaragdo
4983 1791 5456 1867 abbate:referente
5485 1814 5494 1847 :

3955 1885 3972 1916 ι
4001 1867 4241 1919 Colorem
4272 1870 4454 1929 etiam,
4488 1868 4681 1935 inquit,
4718 1867 4769 1919 in
4800 1864 4883 1923 his
4913 1867 5088 1919 album
5119 1864 5200 1920 vel
5231 1865 5384 1918 nimis
5417 1881 5499 1917 ru-

3950 1939 4089 1996 lum,
4123 1952 4216 2004 per
4245 1952 4402 2005 quem
4441 1952 4580 2002 saepe
4608 1937 4813 2005 species
4847 1937 5088 2005 corporis
5128 1935 5197 2005 ad
5225 1935 5500 2005 perniciem

3949 2020 4098 2058 suam
4124 2002 4427 2058 videntibus
4457 2002 4888 2066 commendatur,
4929 2002 5080 2059 vitet.
5107 2023 5126 2056 ι
5161 2004 5282 2058 Haec
5308 2002 5504 2057 Ferrio-

3950 2077 4050 2129 lus.
4081 2076 4170 2142 qui
4203 2076 4352 2142 quasi
4382 2089 4450 2128 ex
4477 2074 4702 2127 consilio
4726 2073 4987 2139 ejusmodi
5014 2075 5303 2128 monachos
5335 2073 5504 2142 admo-

3951 2141 4128 2197 nebat.
4163 2141 4366 2208 Quibus
4395 2143 4652 2210 inspectis
4682 2143 4964 2199 manifeste
4996 2152 5206 2196 constat
5231 2141 5506 2194 monachos

3951 2215 4003 2266 in
4045 2214 4294 2268 claustris
4325 2215 4580 2280 degentes
4608 2251 4621 2272 .
4669 2213 4710 2265 si
4756 2214 4933 2265 omnis
4974 2212 5168 2266 coloris
5209 2212 5505 2280 indumento

3952 2283 4054 2349 tegi
4092 2292 4358 2350 poterant,
4392 2278 4579 2350 majori
4603 2280 4724 2347 jure
4761 2281 5012 2334 Ecclesiae
5042 2278 5508 2350 proceresconsti-

3953 2347 4123 2430 lnios,
4165 2351 4368 2430 injussu
4400 2347 4491 2430 ἐι-ι’
4546 2352 4764 2430 impune
4816 2347 5107 2430 purpureis
5146 2350 5227 2404 vel
5267 2347 5521 2404 violaceia

3951 2423 4192 2476 vestibus
4219 2420 4461 2489 insigniri
4496 2434 4652 2489 posse
4678 2419 4798 2486 quis
4816 2419 5075 2472 'dnltitat?

4293 2490 4376 2544 Sit
4405 2506 4589 2542 nomen
4624 2489 4829 2542 Domini
4855 2489 5198 2543 benedictum.

2287 2715 5505 2739 mw

2351 2871 3551 3009 5555560PUSCULUM
3642 2898 4536 3014 TRICESIMUM
4619 2897 5431 3012 SECUNDUM.

2356 3131 2462 3191 DE
2503 3131 3129 3205 QUADRAGESIMA
3184 3135 3284 3194 ΕΤ
3343 3131 3931 3206 QUADRAGINTA
3973 3133 4280 3196 DUABUS
4322 3134 4838 3196 HEBREORUM
4880 3134 5433 3200 MANSIONIBUS.

2270 3445 2668 3501 Διθυιίειιτωι.
2694 3471 2764 3483 -
2788 3441 3392 3509 Occasionecnjusdam
3421 3441 3510 3510 qui

3588 3455 3644 3494 er
3673 3442 4028 3511 quadraginta
4065 3444 4204 3505 dies,
4235 3457 4338 3496 non
4370 3442 4528 3495 modo
4559 3452 4686 3496 tunc
4737 3457 4859 3496 cum
4891 3442 4956 3495 ab
4987 3441 5222 3496 Ecclesia
5253 3445 5518 3500 sancitum

2341 3524 2445 3575 est,
2478 3515 2571 3566 sed
2601 3513 2720 3566 aliis
2753 3514 2916 3566 etiam
2947 3512 3069 3564 anni
3104 3512 3453 3579 temporibus,
3487 3512 3973 3582 cibislautioribus
4002 3513 4335 3571 abstinebat,
4374 3512 4786 3580 quadragenarii
4819 3512 4975 3582 hujus
5006 3512 5207 3582 numeri
5264 3517 5515 3582 mysteria

2347 3595 2401 3638 et
2429 3583 2689 3660 quasdam
2718 3582 3284 3660 quasi‘praerogativas
3312 3595 3377 3633 ex
3409 3581 3590 3660 sacris.
3611 3580 3816 3660 litteris
3841 3582 4062 3660 colligit.
4096 3582 4296 3635 Deinde
4326 3582 4678 3660 quadraginta
4711 3582 4815 3634 duo
4843 3580 5072 3660 lo.ca,.in
5104 3581 5295 3649 quibus
5321 3580 5519 3660 morati

2346 3650 2469 3706 sunt
2500 3653 2768 3720 paulisper
2798 3651 3004 3704 Hebrzei
3043 3661 3328 3717 antequam
3359 3651 3423 3702 ad
3457 3651 3721 3703 destinata
3755 3650 3855 3720 sibi
3889 3651 4145 3703 divinitus
4171 3665 4300 3720 arva
4334 3650 4710 3717 pervenirent,
4743 3651 4965 3720 mystice
5001 3650 5413 3718 interpretatur;
5449 3654 5521 3705 ita

2346 3732 2402 3772 nt
2432 3717 2528 3788 per
2561 3736 2620 3773 ea
2655 3717 2909 3773 virtutum
2938 3720 3258 3787 quibusdam
3291 3720 3543 3789 gradibus
3572 3720 3636 3770 ad
3665 3719 4049 3787 perfectionem
4077 3730 4130 3773 ct
4159 3719 4470 3774 felicitatem
4511 3717 4837 3784 tendentem,
4868 3717 5158 3774 Christiani
5187 3720 5414 3776 hominis
5442 3723 5523 3774 vi-

2351 3801 2457 3843 tam
2491 3790 2699 3844 occulte
2730 3790 3021 3858 signiﬁcari
3053 3789 3170 3842 luce
3201 3789 3398 3842 clarius
3429 3790 3698 3842 ostendat.

2350 3965 2808 4022 Reverentissimo
2848 3964 2998 4018 fratri
3040 3964 3456 4027 lluneeanwo,
3491 3962 3704 4016 Penus
3732 3975 3858 4030 pec-
3886 3965 3930 4025 C
3961 3963 4156 4033 piscit,
4214 3963 4302 4018 ille
4351 3965 4594 4033 protinus
4639 3965 4845 4020 frenum
4893 3966 5228 4020 abstinentia:
5274 3966 5526 4023 faucibus

2278 4067 2431 4110 cator
2459 4054 2752 4107 monachus
2785 4053 2986 4105 intima:
3015 4052 3316 4104 dilectionis
3341 4049 3608 4103 affectum.

2346 4146 2498 4212 Quod
2533 4160 2631 4213 ego
2669 4143 2825 4198 simul
2861 4153 2914 4196 et
2977 4154 3056 4207 tu,
3085 4143 3406 4197 venerabilis
3437 4142 3626 4205 frater,
3658 4143 3859 4197 vicaria

2281 4251 2452 4306 nuper
2483 4235 2890 4290 interlocutione
2931 4234 3254 4288 contulimus
3279 4273 3294 4298 ,
3346 4248 3450 4286 non
3494 4234 3724 4287 otiosum
3779 4230 3858 4285 vel

2285 4324 2608 4397 superﬂuum
2641 4325 2885 4390 ducimus
2923 4325 2968 4378 si
3021 4339 3116 4393 per
3153 4323 3385 4376 titularis
3417 4324 3580 4376 etiam
3622 4322 3744 4392 styli
3777 4338 3860 4376 se-

2282 4416 2412 4469 rietn
2457 4415 2750 4484 digeratur.
2794 4413 2911 4466 Dixi
2958 4413 3222 4480 siquidem
3250 4452 3264 4475 ,
3309 4411 3352 4466 si
3395 4399 3594 4464 oblitus
3627 4426 3731 4464 non
3761 4425 3856 4474 es,

2279 4519 2436 4558 nosse
2465 4519 2550 4556 me
2584 4517 2796 4556 servum
2831 4501 2919 4554 Dei
2943 4543 2956 4563 ,
2991 4502 3080 4570 qui
3123 4510 3316 4571 prmter
3355 4501 3473 4554 illas
3500 4500 3859 4570 Quadragesi—

2280 4609 2415 4656 mas,
2449 4609 2566 4664 qua:
2594 4593 2799 4646 scilicet
2824 4608 2853 4644 a
2884 4591 3135 4646 Patribus
3165 4593 3447 4655 institutze,
3480 4592 3693 4660 suisque
3717 4591 3857 4644 litui-

2282 4686 2421 4738 tibus
2449 4701 2543 4753 per
2571 4685 2694 4737 anni
2727 4683 2988 4737 circulum
3033 4692 3160 4736 sunt
3189 4683 3452 4751 praefixa,
3487 4682 3619 4735 alias
3650 4681 3856 4736 occulte

2281 4773 2492 4825 carinas
2521 4771 2586 4842 [Ῑ.
2625 4771 2890 4842 cartinas]
2921 4770 3194 4834 celebrat,
3220 4771 3414 4838 quibus
3452 4771 3658 4825 scilicet
3690 4771 3861 4825 illices

2283 4862 2573 4915 carnalium
2604 4862 2912 4931 passionum
2943 4861 3212 4929 appetitus
3253 4861 3491 4930 frangat,
3523 4875 3585 4914 ac
3613 4861 3857 4929 prurien-

2283 4963 2361 5006 tes
2408 4953 2688 5006 mstnantis
2735 4952 3004 5006 illeceltra:
3047 4953 3512 5021 concupiscentias
3555 4952 3856 5020 crnciligat.

2285 5041 2437 5095 Modo
2466 5042 2661 5109 quippe
2692 5056 2788 5110 per
2813 5040 3169 5109 quadraginta
3200 5041 3409 5094 dierum
3442 5041 3672 5109 spatium
3702 5041 3857 5108 pisci-

2283 5131 2380 5184 bus
2409 5133 2678 5194 abstinet,
2724 5131 2883 5184 modo
2926 5145 2984 5184 se
3031 5130 3110 5183 vel
3142 5145 3171 5182 a
3217 5145 3495 5199 pomorum
3525 5171 3544 5195 ,
3572 5130 3655 5183 vel
3698 5131 3855 5183 etiam

2284 5221 2511 5282 olerum,
2542 5235 2661 5287 quae
2689 5221 2902 5274 sibimet
2933 5221 3137 5289 aptiora
3163 5232 3308 5285 sunt,
3338 5223 3680 5292 perceptione
3705 5236 3859 5275 coer-

3963 4055 4162 4124 injicit;
4211 4071 4313 4110 non
4354 4057 4537 4127 utique
4609 4059 4972 4113 condemnans
5014 4060 5161 4114 cibos
5206 4075 5339 4129 quos
5380 4060 5524 4114 Deus

3961 4146 4163 4198 creavit
4203 4146 4268 4198 ad
4320 4147 4716 4215 percipiendum
4755 4163 4874 4202 cum
4901 4150 5189 4218 gratiarum
5226 4149 5436 4205 actione
5465 4149 5527 4203 li-

3961 4233 4200 4297 dclibus;
4227 4248 4324 4288 nec
4356 4234 4601 4304 ignorans
4632 4236 4752 4304 quia
4777 4237 4950 4290 omnis
4975 4247 5213 4290 creatura
5242 4237 5330 4291 Dei
5362 4239 5525 4302 bona,

3959 4331 4011 4374 et
4038 4322 4165 4375 nihil
4192 4323 4534 4391 rcjiciendum
4558 4325 4838 4393 quodcum
4862 4326 5150 4396 gratiarum
5173 4326 5382 4380 actione
5401 4342 5525 4394 per-

3958 4412 4154 4480 cipitur
4182 4411 4267 4482 (ll
4303 4411 4434 4466 Tim.
4481 4413 4578 4484 iv).
4609 4414 4740 4469 Cum
4781 4416 4958 4468 omnia
5004 4415 5201 4470 scilicet
5243 4417 5528 4470 comedere

3959 4503 4104 4571 prius
4133 4503 4385 4571 incipiat,
4419 4519 4722 4573 quanquam
4754 4519 4876 4560 esus
4903 4507 4989 4560 ille
5019 4508 5184 4576 magis
5215 4507 5275 4560 ad
5314 4508 5532 4561 crucia-

3961 4602 4066 4644 tum
4095 4607 4254 4661 quam
4284 4593 4347 4645 ad
4397 4593 4765 4648 oblectationis
4790 4595 5144 4648 emolumenta
5176 4593 5436 4664 proficiat.
5469 4595 5530 4649 ln

3958 4681 4056 4735 hac
4087 4683 4249 4749 igitur
4274 4682 4590 4736 abstinentia
4621 4683 4752 4753 gula:
4781 4683 5043 4753 frangitur
5069 4683 5358 4753 appetitus.
5397 4699 5532 4737 con—

3956 4772 4296 4840 cupiscentim
4322 4771 4499 4826 fervor
4520 4773 4897 4842 exstinguitur,
4925 4790 5027 4828 non
5053 4773 5164 4836 Dei,
5187 4775 5323 4842 quod
5342 4775 5523 4828 absit!

3956 4869 4201 4914 creatura
4229 4862 4512 4915 damnatur
4540 4877 4552 4915 :
4583 4872 4635 4916 et
4673 4864 4723 4916 in
4762 4863 4860 4918 hoc
4883 4864 5094 4917 uberior
5121 4864 5374 4917 mercedis
5409 4863 5529 4917 fru-

3957 4962 4073 5004 ctus
4102 4951 4417 5018 acquiritur,
4444 4952 4582 5019 quod
4620 4953 4732 5007 haec
4757 4955 4906 5022 quasi
4942 4954 5116 5006 vilium
5149 4969 5322 5007 rerum
5348 4955 5527 5008 abs3i-

3958 5041 4134 5093 nentia
4183 5055 4286 5094 non
4335 5040 4567 5107 famosa,
4613 5043 4694 5095 vel
4744 5043 4990 5105 celebris,
5042 5041 5196 5114 [sed]
5241 5053 5290 5095 et
5337 5043 5527 5112 palam

3957 5132 4175 5199 geritur,
4203 5142 4255 5185 et
4281 5142 4457 5186 tamen
4491 5133 4634 5186 velut
4659 5134 4865 5188 occulta
4891 5135 5142 5188 nescitur.
5177 5136 5339 5200 Quem
5371 5134 5526 5187 vide-

3956 5222 4103 5284 licet,
4147 5222 4383 5287 fratres,
4431 5225 4473 5277 si
4512 5227 4632 5293 quis
4677 5242 4771 5280 cnr
4837 5227 4936 5280 hoc
4988 5226 5067 5281 vel
5115 5226 5202 5280 illo
5244 5226 5363 5280 cibo
5413 5243 5523 5281 non

2290 5320 2391 5364 cet.
2426 5309 2729 5377 Aliquando
2758 5310 3020 5378 siquidem
3051 5326 3354 5363 cerasorum
3393 5311 3657 5378 primitias
3681 5327 3864 5365 come-
3893 5317 3935 5374 Ι)
3964 5321 4162 5377 utatur,
4194 5314 4457 5381 inquirat;
4494 5315 4778 5384 respondet
4830 5317 4970 5370 illico
4998 5316 5119 5384 quia
5147 5317 5256 5369 suis
5291 5315 5524 5369 illfil‘mi'

2289 5401 2402 5464 dit,
2452 5399 2742 5468 aliquando
2791 5407 3098 5470 peponu'm,
3164 5402 3449 5469 aliquando
3519 5402 3717 5456 ticuum
3772 5403 3854 5456 vel

2292 5506 2539 5555 uvarum,
2569 5492 2649 5544 vel
2678 5492 2936 5560 quidquid
2965 5489 3088 5543 illud
3121 5500 3204 5544 est
3228 5492 3366 5559 quod
3394 5491 3671 5546 delicatius
3693 5494 3851 5561 sapit.

2290 5582 2391 5636 Sed
2432 5598 2552 5636 mox
2581 5594 2638 5635 ut
2665 5584 2780 5651 gula
2810 5595 3154 5653 provocatur,
3190 5593 3248 5638 ut
3277 5587 3542 5648 comedat,
3575 5587 3853 5655 disciplina

2291 5676 2530 5740 protinus
2557 5675 2856 5738 adhibetur,
2887 5692 2954 5731 ne
2984 5676 3282 5730 desiderata
3313 5677 3623 5747 contingat;
3651 5689 3702 5732 et
3728 5678 3852 5747 quia

2292 5766 2428 5830 quod
2463 5766 2626 5821 ardor
2672 5765 2866 5821 edendi
2898 5764 3009 5836 jam
3040 5776 3384 5837 gustaverat,
3421 5767 3629 5822 avidius
3659 5783 3854 5824 concu-

3963 5404 4158 5458 tatibus
4196 5405 4336 5458 hunc
4367 5406 4581 5457 noxium
4624 5422 4727 5458 non
4769 5406 4994 5476 ignorat.
5027 5407 5172 5471 Quod
5213 5415 5384 5458 tamen
5418 5407 5527 5458 iste

3961 5495 4024 5547 de
4059 5495 4400 5564 languoribus
4430 5497 4620 5548 animae
4654 5495 4910 5565 loquitur,
4951 5497 5050 5552 hoc
5093 5496 5174 5550 ille
5204 5495 5267 5549 de
5307 5495 5519 5548 incom-

3963 5585 4217 5637 moditate
4251 5586 4491 5652 corporis
4533 5587 4838 5640 arbitratur.
4871 5587 4938 5640 Et
4979 5588 5112 5641 hanc
5157 5602 5250 5656 per
5279 5584 5527 5652 singulos

3955 5675 4070 5729 illos
4099 5676 4251 5729 cibos
4282 5676 4655 5730 abstinentiam
4685 5678 5024 5751 quadragena
5068 5693 5274 5748 semper
5309 5678 5517 5732 dierum

3955 5764 4154 5819 circulo
4181 5774 4364 5820 tenere
4389 5767 4682 5820 consuevit.
