4540 6408
172 429 279 491 555
1072 426 1316 484 OPUSC.
1360 423 1573 480 XXXII.
1600 450 1671 462 —-
1700 418 1786 473 DE
1825 418 2395 490 QUADRACESIMA,
2436 423 2590 481 ETC.
3354 428 3461 483 κιο

708 542 933 600 caper
972 542 1260 598 ennium.
1562 608 1565 609 ν

173 639 334 711 Ωιιοά
369 640 424 694 in
458 637 613 692 rebus
650 635 1049 704 despicabilibus
1080 635 1291 704 gravior
1320 641 1398 685 est
1432 632 1770 684 abstinentia.

247 727 373 798 Ipse
409 739 626 797 quoque
665 724 798 777 mihi
853 738 1022 790 nuper
1062 721 1343 775 confessus
1404 735 1464 774 es
1520 718 1775 787 quoniam

174 817 301 875 ideo
329 826 386 871 te
426 814 673 869 funditus
703 827 737 866 ιι
770 826 1054 881 porrorum
1113 810 1227 864 sive
1269 824 1537 878 cmparum
1592 821 1777 877 perce-

174 908 364 977 ptione
386 902 714 971 compescis,
742 900 865 969 quia
896 900 1144 954 videlicet
1176 898 1260 952 his
1284 897 1626 951 acuminibus
1649 897 1781 951 ube-

176 997 293 1053 rius
320 994 641 1050 delectaris.
679 992 735 1045 ln
764 992 848 1046 his
877 992 1059 1060 itaque
1088 989 1505 1058 despicabilibus
1540 990 1699 1043 rebus
1724 995 1778 1042 et

177 1089 402 1162 gravior
440 1085 773 1141 abstinentia
798 1124 812 1148 ,
870 1092 926 1139 et
966 1084 1144 1137 minor
1178 1091 1261 1137 est
1306 1083 1496 1152 gloria.
1542 1081 1779 1136 Facilius

175 1179 324 1235 enim
360 1190 569 1242 carne,
615 1190 776 1245 quam
822 1174 937 1228 sale
964 1173 1087 1242 quis
1129 1172 1395 1238 abstinet;
1437 1172 1657 1241 gravius
1698 1179 1779 1225 cst

177 1267 421 1336 abjieere
470 1264 683 1320 fructus
726 1264 1022 1326 arborum,
1071 1278 1232 1332 quam
1282 1277 1533 1330 aspersas
1583 1262 1780 1330 patinis

180 1357 519 1428 fragrantias
546 1355 964 1424 pigmentorum.
988 1352 1308 1419 Quanquam
1332 1361 1386 1404 et
1410 1360 1659 1419 parentes
1686 1366 1780 1403 no-

180 1457 326 1502 stros
370 1445 440 1500 de
465 1444 737 1515 (paradiso
781 1457 998 1512 pomum
1048 1439 1334 1511 projecerit
1365 1439 1518 1510 (Gen.
1561 1441 1733 1509 χχχιι)
1762 1480 1775 1502 ,

179 1552 285 1589 ιιοη
327 1536 691 1605 pigmentum.
740 1531 875 1597 Quia
909 1546 1013 1585 non
1048 1540 1130 1584 est
1160 1531 1211 1583 in
1251 1530 1409 1599 culpa
1440 1530 1580 1599 quod
1612 1531 1779 1599 pluris

176 1623 313 1686 emi,
350 1622 450 1677 sed
483 1622 628 1689 quod
658 1620 837 1690 possit
862 1619 1079 1672 avidius
1110 1619 1439 1687 concupisci.
1471 1618 1577 1672 Sed
1607 1619 1779 1687 potio-

177 1730 296 1769 rum
336 1728 526 1767 rerum
549 1711 885 1765 abstinentia
923 1709 1111 1779 plausu
1150 1710 1351 1764 favoris
1388 1709 1671 1772 attollitur,
1702 1709 1780 1763 vi-

176 1803 307 1858 lium
340 1819 475 1856 vero
512 1809 854 1869 contemptus
880 1800 1074 1868 dignus
1112 1801 1380 1868 prmconio
1410 1816 1513 1852 non
1542 1799 1774 1852 videtur.

182 1893 337 1950 Unde
383 1894 443 1945 tit
482 1901 543 1944 nt
603 1891 745 1958 quod
791 1890 1015 1944 minoris
1054 1900 1137 1943 est
1168 1889 1391 1943 honeris
1432 1889 1484 1942 in
1527 1888 1775 1957 publco,

181 1982 411 2051 majoris
452 1981 639 2052 gloriae
710 1980 917 2049 pondus
990 1980 1187 2033 habeat
1249 1979 1301 2032 in
1359 1978 1591 2033 occulto.
1657 1978 1774 2033 Sic-

174 2082 235 2127 ut
273 2072 351 2125 ait
418 2070 752 2139 pnedicator
803 2068 1094 2138 egregius:
1166 2067 1371 2132 «Quod
1434 2065 1595 2136 557
1658 2082 1774 2121 mo-

174 2173 549 2223 mentaneum,
601 2158 804 2227 inquit,
854 2166 909 2211 et
956 2162 1070 2211 leve
1114 2165 1198 2211 est
1254 2156 1621 2211 tribulationis
1679 2172 1775 2211 nc-

175 2266 325 2319 strze,
372 2268 543 2322 supra
588 2253 807 2305 modum
864 2252 914 2303 in
970 2248 1303 2303 sublimitate
1358 2258 1620 2303 internum
1660 2250 1775 2315 glo-

175 2343 271 2399 ria:
320 2343 540 2413 pondus
579 2348 837 2408 operatur
866 2338 918 2391 in
949 2338 1103 2391 nobis
1144 2336 1225 2408 (Il
1255 2337 1374 2390 Cor.
1404 2338 1499 2407 tv).
1533 2356 1551 2388 ι
1586 2336 1771 2389 Enim—

178 2454 305 2494 vero
350 2438 486 2492 mihi
533 2437 749 2490 videtur
781 2448 973 2488 servus
1020 2433 1109 2487 ille
1154 2433 1264 2500 Dei,
1313 2448 1472 2503 quem
1513 2432 1771 2499 diximus,

180 2529 247 2584 de
294 2530 471 2584 sancti
526 2527 765 2597 Spiritus
813 2525 916 2578 hoc
966 2523 1232 2577 infusione
1276 2525 1581 2593 concipere,
1631 2524 1774 2593 quod

180 2632 394 2687 Semper
436 2616 556 2669 vult
603 2615 670 2667 de
719 2614 1141 2683 Quadragesima
1190 2613 1241 2666 in
1292 2614 1775 2682 Quadragesimaui

180 2722 275 2776 per
335 2708 524 2761 varias
577 2704 920 2761 snccedentis
974 2705 1317 2759 abstinentia:
1376 2706 1778 2759 vicissitudines

181 2814 425 2863 currere,
472 2806 531 2853 et
570 2810 846 2863 nunquam
878 2794 1005 2848 velit
1032 2810 1060 2847 a
1093 2795 1363 2864 proposita
1392 2798 1586 2850 sacrati
1617 2796 1776 2863 hujus

186 2890 393 2943 numeri
428 2888 576 2940 linea
610 2884 905 2939 declinare.
945 2884 1044 2938 llic
1071 2893 1149 2938 est
1174 2885 1320 2938 enim
1352 2902 1631 2949 numerus,
1669 2903 1775 2954 quo

184 2979 381 3032 coelum
418 2976 790 3045 cataclysmus
819 2976 1059 3044 aperuit;
1094 2990 1237 3037 cum,
1272 2975 1489 3028 abolitis
1519 2976 1775 3043 iniquita-

185 3075 294 3119 tum
321 3066 599 3127 sordibus,
634 3063 816 3117 mundi
848 3062 1039 3116 faciem
1067 3052 1242 3116 divina
1272 3064 1445 3131 pietas
1496 3063 1777 3117 innovavit

189 3157 338 3227 (Cen.
376 3157 494 3224 vn).
550 3155 659 3209 Per
691 3155 849 3224 hujus
884 3156 1093 3209 numeri
1134 3155 1518 3210 continentiam
1566 3155 1776 3227 Moyses

1807 1887 1854 1946 B

1803 551 1846 606 Α
1882 540 2119 595 rationes
2170 543 2605 611 quattuordecim,
2655 556 2685 596 a
2734 544 3208 613 transmigratione
3234 544 3465 616 Babylo-

1880 630 1965 683 nis
2012 645 2183 698 usque
2221 629 2287 683 ad
2330 628 2607 683 Christum
2646 632 3027 700 generationes
3050 622 3463 702 quatuordecim

1884 717 2102 787 (Mattlt.
2129 718 2222 787 1).»
2259 717 2378 786 Ipso
2408 732 2537 786 ergo
2586 733 2812 772 numero
2856 720 3118 775 Dominus
3155 722 3209 774 in
3241 720 3466 792 {Egypti

1882 808 2045 878 hujus
2090 809 2196 862 ima
2243 808 2543 872 descendit,
2575 824 2684 878 quo
2716 810 2944 879 populus
2971 810 3133 867 Israel
3165 812 3233 867 ad
3264 822 3466 868 terrain

1881 906 2318 976 repromissionis
2342 906 2607 961 ascendit.
2652 906 2961 970 Descendit,
2992 906 3236 976 inquam,
3269 908 3378 973 ille,
3410 917 3471 964 ut

1883 994 1982 1047 iste
1995 993 2430 1048 ascenderetJlle
2442 994 2719 1047 servitutis
2731 993 2903 1067 induit
2918 992 3168 1064 formam(
3178 993 3468 1063 Philipnt),

1880 1092 1942 1136 ut
1963 1083 2063 1137 iste
2089 1084 2157 1137 de
2185 1082 2463 1137 servitutis
2488 1082 2760 1152 ergastulo
2791 1082 2929 1136 liber
2956 1084 3149 1136 exiret.
3184 1083 3251 1138 Et
3278 1083 3469 1137 obser-

1881 1184 2072 1252 vanter
2116 1172 2332 1243 Moyses
2381 1173 2583 1242 posuit,
2630 1172 2865 1227 dicens:
2900 1172 3316 1226 «Ascenderunt
3368 1172 3464 1226 lilii

1882 1264 2044 1317 Israel
2071 1280 2195 1319 cum
2226 1266 2428 1319 virtute
2455 1279 2551 1319 sua
2586 1262 2784 1334 (Exod.
2816 1263 2959 1334 xm).
2992 1282 3010 1313 ι
3047 1263 3178 1339 Qua:
3207 1272 3290 1317 est
3319 1263 3466 1318 enim

1882 1353 2180 1407 electorum
2226 1354 2418 1419 virtus,
2463 1354 2563 1409 nisi
2603 1354 2874 1419 Christus,
2903 1353 2994 1423 qui
3024 1363 3108 1407 est
3135 1354 3306 1408 virtus
3336 1354 3469 1409 Dei?

1885 1447 1933 1515 (1
1976 1448 2099 1501 Cor.
2140 1450 2206 1519 ι.)
2252 1449 2355 1515 Qui
2405 1464 2536 1519 ergo
2584 1447 2854 1512 ascendit,
2909 1462 3031 1501 cum
3074 1447 3189 1516 ipso
3226 1447 3467 1503 ascendit

1883 1538 1975 1605 qui
2003 1538 2068 1591 ad
2101 1553 2198 1591 nos
2242 1554 2349 1592 non
2392 1538 2741 1602 necessitate,
2782 1536 2878 1591 sed
2911 1536 3222 1607 dignatione
3246 1534 3474 1591 descen-

1884 1627 1997 1690 dit;
2042 1635 2101 1680 ut
2155 1628 2284 1681 illud
2328 1642 2517 1681 verum
2560 1641 2681 1681 esse
2711 1641 2816 1679 non
2843 1624 3139 1688 dubitetur,
3191 1626 3335 1694 quod
3373 1640 3471 1694 per

1882 1715 2197 1784 Apostolum
2247 1717 2487 1772 dicitur:
2525 1734 2543 1767 ι
2566 1716 2669 1781 Qui
2706 1713 3012 1777 descendit,
3045 1714 3158 1782 ipse
3194 1722 3352 1767 estet
3376 1713 3471 1782 qui

1884 1806 2133 1860 ascendit
2176 1820 2342 1874 super
2370 1820 2561 1862 omnes
2590 1805 2782 1871 cmlos,
2831 1814 2892 1858 ut
2931 1803 3256 1874 adimpleret
3286 1804 3472 1859 omnia

1885 1896 2101 1969 (Epltes.
2130 1896 2227 1968 tv).
2257 1915 2275 1949 ι

2500 1984 2731 2041 CAPUT
2769 1984 2835 2039 ll.

1879 2077 2077 2133 Contra
2104 2095 2190 2133 eos
2217 2080 2306 2149 qui
2331 2076 2872 2197 litteratiterutantu‘m
2908 2093 3119 2131 sacram
3142 2074 3475 2149 Scripturans

2523 2157 2630 2198 mle
2676 2162 2799 2215 rgun
2830 2183 2845 2198 .

1950 2240 2059 2296 Sed
2108 2240 2234 2310 quia
2283 2254 2385 2295 nos
2436 2254 2505 2293 ex
2560 2239 2850 2292 occasione
2896 2237 3143 2306 praedicti
3188 2235 3374 2291 fratris
3416 2237 3473 2293 in

1877 2330 2164 2386 materiam
2210 2326 2371 2396 hujus
2420 2327 2802 2396 disputationis
2833 2324 3144 2391 incidimus,
3175 2324 3340 2395 553
3367 2341 3478 2382 non

1876 2427 2110 2481 otiosum
2155 2424 2428 2479 credimus
2471 2423 2518 2475 si
2563 2421 2617 2474 in
2661 2435 2725 2477 ea
2770 2419 2933 2488 paulo
2967 2420 3171 2489 diutius
3219 2420 3477 2473 immore-

1877 2532 2045 2580 mur;
2108 2514 2412 2585 praesertim
2472 2527 2596 2567 cum
2652 2510 2925 2574 nonnulli,
2973 2509 3171 2565 divinae
3248 2510 3478 2565 rationis

1877 2606 2073 2676 ignari.
2106 2604 2358 2658 frivolum
2388 2608 2797 2671 c'onquerantur
2827 2608 2991 2668 atque
3042 2596 3372 2668 superﬂuum
3419 2605 3479 2652 ut

1878 2696 1934 2749 in
1974 2692 2214 2749 Ecclesia
2253 2691 2465 2761 legatur
2510 2692 2739 2745 istarum
2780 2687 3075 2757 descriptio
3112 2687 3475 2741 mansionum.

1875 2783 2228 2837 Arbitrantur
2276 2781 2422 2835 enim
2457 2781 2572 2834 hmc
2606 2780 2751 2833 scire
2787 2778 2872 2832 vel
2931 2777 3111 2848 legere
3148 2777 3223 2831 nil
3257 2776 3476 2847 penitus

1878 2872 2130 2927 utilitatis
2171 2870 2368 2925 atl‘erre
2397 2888 2411 2923 :
2443 2879 2699 2938 putantes
2733 2868 2880 2938 quod
2929 2882 3044 2920 rem
3102 2868 3477 2921 tantummodo

1878 2976 2085 3041 gestam
2137 2970 2325 3016 narret
2377 2961 2639 3023 historia,
2699 2968 2753 3013 et
2807 2958 2952 3011 hanc
3002 2972 3125 3010 cum
3176 2956 3293 3024 ipsa
3349 2964 3479 3009 tunc

1878 3066 2151 3111 vetustate
2182 3056 2465 3119 transisse,
2511 3069 2690 3122 neque
2732 3068 2875 3107 nunc
2906 3052 2969 3105 ad
2996 3060 3242 3105 nostram
3270 3050 3479 3121 aliqua-

1880 3157 2037 3201 tenus
2097 3146 2348 3200 notitiam
2406 3146 2703 3214 pertinere.
2758 3144 2867 3197 Sed
2920 3143 2965 3197 si
3024 3141 3300 3196 subtiliter
3357 3142 3477 3212 ipsa

182 3220 378 3315 scripta
424 3220 601 3317 digito
648 3220 917 3314 Deivlegis
964 3245 1213 3298 mandata
1247 3247 1547 3314 promeruit
1575 3220 1772 3315 (and.
1804 3226 1849 3287 (ἶ
1883 3237 2181 3306 Scriptura:
2225 3237 2389 3291 verba
2435 3236 2847 3305 perpendimus,
2891 3220 3054 3304 qitam
3097 3242 3357 3289 extremae
3383 3235 3479 3289 dc-

186 3341 330 3405 xxrv)
360 3356 373 3391 :
403 3352 501 3407 per
532 3336 672 3390 hanc
708 3345 762 3389 et
792 3334 940 3389 Elias
978 3350 1151 3403 usque
1179 3336 1245 3389 ad
1278 3344 1514 3389 montem
1546 3337 1638 3390 Dei
1669 3337 1775 3391 Ho-

187 3431 279 3484 reb
318 3430 591 3484 indeticua
644 3442 923 3496 gressuum
952 3426 1194 3493 agilitate
1226 3428 1469 3494 pervenit
1496 3425 1615 3493 (III
1641 3425 1771 3496 Rrg.

186 3520 316 3589 xu).
349 3519 739 3574 Accedit'hnic
771 3533 995 3571 numero
1025 3518 1181 3586 longe
1205 3518 1404 3573 clarior
1433 3520 1619 3587 gloria,
1654 3534 1772 3571 cum

188 3618 241 3661 et
270 3610 380 3678 ipse
424 3608 693 3664 Dominus
723 3618 775 3659 et
805 3608 1166 3677 quadraginta
1210 3608 1401 3661 diebus
1426 3608 1691 3675 jejunavit
1721 3608 1774 3661 in

189 3698 400 3752 deserto
445 3696 667 3765 (Matth.
717 3695 812 3765 tv),
864 3705 917 3749 et
960 3696 1182 3749 totidem
1230 3695 1381 3748 horis
1433 3697 1773 3764 postmodum

185 3786 364 3855 jacere
405 3788 665 3856 dignatus
709 3794 791 3839 est
825 3785 878 3839 in
927 3784 1175 3853 sepulcro
1204 3784 1398 3853 (Marc.
1426 3786 1490 3857 ι).
1514 3785 1643 3840 Post
1671 3785 1777 3839 Re-

191 3878 584 3931 surrectionem
610 3889 822 3945 quoque
848 3875 1203 3945 quadraginta
1237 3876 1427 3929 diebus
1464 3893 1586 3929 cum
1618 3876 1781 3929 ιΙὶευὶ-

193 3966 326 4033 pulis
372 3967 561 4035 degunt
607 3961 758 4033 (Luc.
784 3969 883 4032 tv),
914 3964 1087 4017 donec
1118 3966 1182 4016 ad
1210 3964 1506 4030 majestatis
1537 3976 1775 4035 paterna:

190 4072 501 4113 consessum
540 4056 715 4109 victor
745 4054 988 4109 ascendit
1013 4054 1151 4125 (Act.
1177 4056 1237 4125 ι).

258 4145 408 4212 Quod
441 4159 576 4215 ergo
612 4142 781 4197 frater
809 4143 896 4197 illo
922 4144 1081 4211 hujus
1108 4145 1253 4197 sacri
1280 4146 1493 4199 numeri
1520 4148 1778 4214 mysterio

192 4233 585 4289 delectabiliter
610 4232 872 4300 pascitur,
898 4241 955 4285 ut
980 4233 1118 4286 intra
1147 4243 1344 4287 metam
1371 4234 1486 4302 ejus
1514 4252 1610 4305 per
1635 4238 1799 4291 salu-i

192 4322 323 4377 taris
350 4336 574 4389 semper
599 4321 940 4374 abstinentiae
966 4322 1367 4377 vicissitudines
1397 4325 1775 4392 transferatur,

193 4412 353 4467 divini
400 4410 596 4481 procul
643 4410 807 4465 dubio
847 4409 1084 4478 Spiritus
1116 4422 1469 4480 promovetur
1498 4414 1776 4481 instinctu,

194 4508 271 4565 ut,
298 4501 424 4553 dmn
456 4500 603 4553 intra
637 4500 1047 4568 quadragenarii
1079 4502 1288 4554 numeri
1329 4504 1543 4557 modum
1579 4504 1780 4574 jngitcr

192 4590 455 4656 graditur,
485 4604 557 4644 ex
588 4586 824 4659 IEgypto
856 4604 976 4643 cum
1007 4590 1268 4646 lsraelitis
1306 4593 1371 4645 ad
1432 4595 1663 4662 patriam
1721 4614 1778 4653 se

192 4692 480 4748 preperare
531 4688 781 4733 testctur.
814 4679 919 4734 Per
946 4681 1090 4735 hunc
1120 4683 1265 4736 enim
1293 4699 1576 4739 numerum
1606 4688 1778 4743 Israe-

195 4767 369 4822 liticus
405 4767 642 4838 pepulus
685 4776 884 4821 terram
922 4772 1364 4832 repromissionis
1397 4774 1675 4845 ingressus
1696 4787 1779 4832 est

194 4854 375 4923 (Num.
408 4874 531 4922 xrv;
579 4855 736 4909 Deut.
762 4872 927 4922 utr;
960 4858 1075 4911 Jos.
1108 4867 1182 4927 ν).
1234 4861 1331 4927 Ει,
1375 4878 1407 4916 o
1450 4880 1615 4933 quam
1656 4882 1779 4935 pro-

197 4944 362 5011 fundi,
395 4960 681 5017 quamqne‘
706 4948 1041 5003 admirabilis
1082 4951 1309 5005 altitudo
1346 4958 1617 5023 mysterii!
1653 4962 1778 5026 quia

195 5048 287 5103 per
330 5051 491 5104 quam
522 5038 855 5090 sacramenti
885 5038 1081 5091 lineam
1109 5041 1251 5111 Deus
1279 5053 1363 5095 est
1390 5058 1684 5101 conversus
1712 5049 1777 5101 ad

201 5124 462 5189 homines,
505 5141 606 5194 per
637 5125 775 5179 hanc
802 5126 963 5181 homo
992 5143 1243 5183 reversus
1270 5142 1349 5183 est
1382 5134 1444 5184 ad
1476 5144 1773 5189 auctorem.

200 5213 251 5266 ln
311 5219 629 5287 egressione
677 5218 875 5287 quippe
936 5219 1166 5273 filiorum
1218 5221 1379 5275 Israel
1433 5241 1495 5277 ex
1543 5224 1778 5296 Aigypto

202 5308 553 5377 quadraginta
589 5310 707 5360 dure
750 5319 876 5362 sunt
920 5313 1248 5374 mansiones,
1297 5323 1346 5367 et
1380 5314 1640 5369 adventus
1678 5316 1779 5371 Do—

202 5396 326 5448 mini
369 5397 675 5450 Salvatoris
723 5398 775 5451 in
819 5401 1076 5453 mundum
1121 5418 1215 5470 per
1254 5405 1605 5473 quadraginta
1644 5408 1778 5463 duas

205 5484 549 5539 nihilominus
590 5488 964 5555 generationes
1017 5490 1307 5554 inducitur,
1356 5508 1491 5559 quas
1532 5494 1779 5550 videlfcet

204 5577 522 5645 evangelista
554 5578 838 5632 Matthmus
864 5592 1164 5643 enumerat,
1195 5584 1378 5636 dicens
1407 5606 1418 5635 ς
1455 5602 1471 5633 ι
1501 5586 1580 5638 Ab
1607 5586 1778 5639 Abra-

209 5661 326 5718 bam
360 5683 529 5735 usque
560 5667 630 5719 ad
681 5668 845 5721 David
876 5674 1253 5738 generationes
1291 5674 1716 5740 quatuordccim,
1746 5691 1777 5729 a

212 5752 370 5811 David
410 5772 579 5828 uSqne
624 5759 691 5813 ad
731 5763 1262 5834 trausmigrationem
1296 5764 1579 5836 Babylonis
1605 5783 1771 5839 gene-

1880 3327 2097 3381 mentia:
2125 3326 2197 3379 sit
2227 3327 2331 3379 hoc
2359 3326 2567 3389 dicere,
2619 3324 2738 3378 luce
2772 3325 2976 3377 clarius
3020 3324 3348 3381 invenimus.
3384 3325 3479 3381 Ait

1878 3418 2022 3473 enim
2050 3417 2307 3471 historiCa
2348 3417 2559 3471 series:
2592 3432 2609 3465 ι
2643 3416 2711 3469 Ει
2758 3416 2841 3469 ha:
2882 3416 3197 3471 mansiones
3240 3416 3476 3473 filiorum

1883 3506 2072 3571 lsracl,
2110 3522 2178 3560 ex
2209 3522 2316 3574 quo
2346 3505 2597 3558 exierunt
2648 3506 2717 3559 de
2760 3515 2905 3558 terra
2943 3503 3164 3575 Egypti
3207 3522 3329 3561 cum
3361 3507 3475 3562 vir-

1881 3610 1996 3652 tute
2019 3613 2117 3651 sua
2148 3596 2202 3650 in
2237 3610 2400 3650 manu
2430 3594 2600 3665 Moysi
2630 3603 2687 3647 et
2732 3595 2948 3658 Aaron;
2971 3615 2987 3644 ι
3020 3611 3254 3664 moxque
3290 3597 3478 3653 subin-

1882 3689 2002 3744 tulit
2031 3706 2043 3740 :
2098 3705 2117 3738 ι
2140 3687 2203 3740 Et
2244 3686 2465 3753 scripsit
2506 3685 2718 3752 Moyses
2747 3684 3127 3753 profectiones
3162 3702 3349 3742 eorum
3380 3703 3479 3758 per

1879 3782 2104 3835 verbum
2137 3776 2352 3832 Domini
2386 3777 2577 3847 (Num.
2608 3776 2825 3847 χχχιιι).
2852 3797 2870 3827 ι

1952 3870 2194 3924 Audistis
2246 3870 2369 3936 quia
2413 3868 2635 3936 scripsit
2692 3869 2806 3921 haec
2857 3866 3067 3937 Moyses
3115 3883 3215 3938 per
3254 3870 3477 3925 verbum

1883 3959 2132 4013 Domini?
2170 3959 2236 4012 Et
2259 3957 2379 4025 quis
2411 3957 2516 4011 hoc
2544 3958 2746 4010 audeat
2777 3957 2995 4011 dicere?
3027 3956 3136 4011 imo
3162 3960 3284 4027 quis
3311 3969 3479 4015 teme-

1882 4053 2028 4105 rario
2075 4058 2367 4120 praesumat
2415 4063 2512 4102 ore
2568 4049 2780 4117 garrire
2826 4058 2883 4100 ut
2943 4050 3084 4117 quod
3126 4049 3356 4105 Domino
3384 4052 3477 4121 jn-

1879 4143 2045 4197 bente
2096 4140 2495 4204 conscribitur,
2556 4138 2632 4191 nil
2693 4140 2975 4202 utilitatis,
3028 4143 3179 4215 nulla
3233 4143 3479 4198 conferat

1881 4231 2247 4285 emolumenta
2289 4228 2520 4285 salutis?
2567 4229 2872 4299 Aggrediar
2897 4247 3049 4303 ergo,
3084 4232 3253 4287 frater
3289 4235 3383 4298 mi,
3429 4236 3477 4289 si

1883 4321 1979 4376 tibi
2008 4335 2301 4374 onerosum
2342 4334 2450 4374 non
2501 4328 2607 4378 est.
2648 4321 2999 4374 mansionum
3033 4320 3247 4375 illarum
3278 4323 3479 4392 figuras

1883 4413 2198 4468 summatim
2238 4428 2304 4467 ac
2348 4413 2632 4467 succincte
2676 4412 3072 4483 perstringere,
3122 4422 3177 4468 et
3221 4416 3362 4484 quod
3408 4432 3479 4471 es

1885 4504 2043 4557 dictis
2055 4502 2275 4556 Patrum
2294 4502 2553 4570 indagare
2563 4501 2855 4571 potuerim,
2871 4503 3274 4572 compendiosis
3295 4504 3478 4559 verbis

1808 4570 1857 4627 ο
1880 4595 2121 4649 breviter
2155 4597 2440 4657 annotare,
2470 4601 2530 4646 ut
2555 4591 2874 4659 querelesus
2908 4594 3176 4661 quispiam
3210 4606 3274 4647 ex
3316 4603 3475 4663 gustu

1883 4687 2149 4739 micarum
2172 4684 2469 4740 labentium
2494 4683 2719 4753 colligat
2741 4697 2917 4752 quam.
2955 4684 3227 4738 nectareis
3249 4684 3478 4754 dapibus

1882 4777 2026 4846 pleni
2062 4776 2251 4832 ferculi
2280 4789 2471 4831 mensa
2505 4776 2793 4837 redundat.

1956 4866 2263 4923 Notandum
2296 4877 2479 4921 autem
2534 4869 2791 4936 quoniam
2826 4867 3007 4921 omnis
3049 4866 3135 4921 ille
3171 4868 3473 4935 discursus,

1883 4967 1943 5013 ut
1974 4959 2234 5030 quidquid
2269 4959 2377 5013 illic
2402 4969 2613 5027 gestum
2642 4960 3004 5015 historialiter
3038 4960 3256 5029 legitur,
3298 4973 3472 5015 totum

1883 5050 1936 5107 in
1964 5050 2120 5103 nobis
2152 5064 2247 5118 per
2289 5050 2613 5119 mysterium
2662 5048 2962 5117 spiritualis
3010 5050 3315 5109 intellectus
3364 5051 3465 5105 im-

1881 5138 2081 5206 pletur.
2115 5137 2265 5204 Quod
2298 5139 2440 5192 extim
2476 5150 2602 5193 tunc
2631 5138 2922 5193 visibilizer
2945 5150 3155 5209 gestum
3183 5149 3283 5201 est,
3316 5142 3473 5196 nobis

1882 5244 1979 5297 per
2002 5228 2335 5296 spiritualem
2368 5229 2784 5299 intelligentiam
2808 5232 3083 5300 congruit,
3112 5241 3299 5284 nostro
3329 5241 3473 5284 tctu-

1884 5323 2001 5387 pori
2044 5337 2198 5376 vetus
2242 5323 2371 5376 illud
2420 5324 2675 5377 saeculum
2713 5326 2987 5380 militavit.
3035 5327 3157 5380 "LCC
3202 5332 3372 5390 enim,
3417 5336 3474 5383 ut

1887 5413 1963 5465 ait
2008 5411 2320 5480 Apostolus,
2354 5432 2369 5462 ι
2396 5414 2446 5464 in
2495 5413 2665 5482 ﬁgura
2720 5415 3105 5485 contingebant
3144 5415 3246 5469 illis
3272 5416 3319 5486 (Ι
3346 5417 3468 5471 Cor.

1886 5501 1965 5568 χ).
1996 5519 2012 5551 ι
2067 5500 2175 5554 Nos
2220 5502 2365 5555 enim
2421 5502 2486 5555 de
2541 5502 2764 5558 fornace
2815 5504 3149 5574 JEgyptiat'm
3199 5508 3473 5559 servitutis

1886 5592 2230 5661 egredimur,
2285 5603 2335 5647 et
2372 5602 2572 5648 terram
2628 5598 3067 5664 repromissionis
3117 5600 3319 5669 ingredi
3378 5614 3475 5665 per

1886 5680 2120 5750 plurima
2163 5684 2506 5737 mansionum
2556 5686 2691 5749 loca,
2726 5686 2826 5739 hoc
2854 5697 2958 5749 cst,
2996 5702 3092 5757 per
3125 5689 3334 5741 diversa
3367 5688 3474 5740 vir-

1887 5779 2063 5825 tutum
2109 5770 2447 5829 incrementa
2495 5788 2776 5829 conamur.
2817 5772 2926 5831 Sed
2962 5778 3217 5845 queniam
3268 5778 3475 5849 absque
