5664 6652
237 6435 769 6550 μμ

2254 441 2356 495 5η

238 8 1241 245 ..ι
2366 58 2475 63 ἲ

2366 58 2525 65 Et

2720 437 2777 491 S.
2806 434 3009 492 PETRI
3048 434 3328 490 DAillANl
3368 431 3499 489 OPP
3544 429 3777 489 TOMUS
3812 427 3943 485 εει)
3979 426 4158 484 PARS
4182 426 4278 484 Ill.
4310 457 4374 468 —
4401 426 4763 487 OPUSCULA
4804 429 5028 487 VAMA.

5374 442 5471 489 διδ

2254 554 2394 609 tribu
2422 542 2531 606 sola
2558 549 2707 613 Levi,
2733 548 2953 606 Patrum
2981 562 3113 617 pene
3143 548 3382 602 omnium
3414 547 3674 601 cadavera
3697 560 3821 613 ιιι-ος
3849 552 3896 609 Α
3928 542 4288 598 ascenderunt
4331 556 4427 611 per
4466 541 4819 611 quadraginta
4857 542 4988 595 duas
5032 540 5362 607 mansiones,
5400 545 5470 600 ita

2254 655 2424 699 strata
2467 650 2590 695 sunt
2621 642 2672 692 in
2706 640 2950 711 deserto,
2980 642 3045 693 ad
3077 648 3279 693 terram
3331 651 3509 691 autem
3550 636 3692 689 illam
3722 634 3818 689 lilii

2257 732 2625 788 tantummodo
2663 738 3051 799 pervenerunt,
3100 730 3319 799 expedit
3362 737 3419 781 ut
3463 738 3614 782 vetus
3660 728 3822 780 homo

2255 831 2441 884 uosmr
2469 820 2714 880 intercat,
2739 833 2795 872 et
2820 834 3013 881 novus,
3037 820 3127 888 qui
3157 819 3449 873 secundum
3477 816 3644 870 Deum
3669 832 3821 871 creao

2255 926 2343 967 tus
2369 913 2442 967 sit
2492 911 2705 980 (Epiros.
2736 909 2831 978 tv),
2881 908 2947 962 ad
2989 910 3337 965 obtinendam
3381 918 3581 963 terram
3630 910 3820 962 viven-

2252 1002 2387 1055 tium
2442 999 2799 1054 convalescat.
2857 996 3008 1064 Quod
3052 1008 3230 1053 autem
3295 998 3467 1051 tribus
3513 996 3642 1050 Levi
3697 1012 3820 1051 cum

2252 1089 2465 1145 exteris
2493 1088 2546 1141 in
2578 1088 2789 1142 deserto
2819 1102 2923 1141 non
2950 1088 3131 1155 periit,
3178 1086 3304 1142 hinc
3342 1084 3627 1140 manifeste
3671 1085 3819 1139 colli-

2252 1180 2417 1248 gitur,
2448 1176 2598 1247 quia,
2636 1184 2921 1245 po‘stquam
2953 1176 3190 1229 omnium
3232 1174 3597 1229 lsraelitarum
3628 1188 3818 1228 nume—

2253 1282 2346 1321 rus
2370 1281 2409 1319 'a
2440 1266 2630 1335 viginti
2654 1268 2827 1319 '-annis
2879 1272 2933 1319 et
2980 1279 3172 1333 supra,
3222 1263 3403 1334 Moyse
3456 1273 3814 1333 supputanle,

2253 1355 2560 1425 descriptus
2600 1348 2701 1415 est,
2749 1362 2945 1423 przesto
2994 1353 3332 1421 subjunctum
3374 1366 3457 1407 est
3502 1369 3517 1407 :
3568 1371 3589 1405 ι
3618 1352 3817 1409 Levita:

2255 1454 2438 1498 autem
2488 1445 2540 1497 in
2588 1443 2830 1497 tribubus
2888 1441 3212 1497 familiarum
3268 1457 3489 1497 suarum
3540 1457 3648 1496 non
3696 1450 3818 1496 sunt

2253 1532 2518 1585 numerati
2553 1536 2681 1585 cum
2704 1531 2783 1585 eis
2825 1529 3162 1601 (Num.u).s
3214 1530 3517 1586 Dicitenim
3565 1528 3820 1585 Dominus

2250 1623 2319 1675 ad
2346 1618 2560 1691 Moysen
2587 1638 2601 1673 :
2630 1619 2884 1674 «Tribum
2912 1619 3035 1674 Levi
3065 1620 3168 1674 noli
3200 1636 3503 1683 numerare,
3535 1634 3705 1690 neque
3725 1634 3818 1689 po-

2248 1700 2352 1764 nas
2404 1724 2669 1763 summam
2718 1724 2908 1763 eorum
2955 1726 3076 1764 cum
3120 1710 3244 1764 [iliis
3293 1711 3452 1766 Israel
3485 1710 3760 1781 (Nu-v.1).
3792 1728 3812 1763 ι

2256 1797 2603 1852 Postmodutn
2635 1812 2762 1853 vero
2786 1796 3060 1866 Scriptura
3088 1799 3218 1854 dicit
3244 1816 3257 1851 :
3291 1818 3310 1851 ι
3331 1798 3431 1853 Hie
3452 1809 3535 1854 est
3562 1815 3817 1854 numerus

3927 633 4172 688 Salvator
4200 641 4386 686 noster
4410 632 4465 686 in
4494 630 4783 702 Egyptum
4816 632 4999 685 mundi
5030 630 5183 698 hujus
5203 633 5474 693 descendit

3922 738 4016 794 per
4043 722 4260 776 totidem
4288 731 4490 789 patres.
4519 722 4669 789 Quod
4702 722 4747 775 si
4772 721 4885 788 jam
4924 721 5270 790 intelligimus
5309 739 5474 793 quan-

3926 823 4034 866 tum
4078 814 4401 867 sacramenti
4446 828 4701 868 numerus
4742 813 4842 867 iste
4871 813 5177 876 contineat,
5231 815 5473 871 humanae

3907 901 4126 957 scilicet
4157 902 4508 963 ascensionis,
4536 912 4593 956 et
4626 902 4817 957 divinae
4849 902 5229 968 descensionis,
5257 903 5474 973 incipia-

3921 996 4039 1044 mus
4062 990 4173 1059 jam
4208 986 4305 1059 per
4329 1006 4389 1044 ea
4420 1005 4539 1060 qua
4566 992 4840 1047 descendit
4886 989 5133 1045 Christus
5154 992 5470 1059 ascendere;

3918 1088 3974 1132 et
4014 1078 4244 1149 primam
4285 1080 4448 1136 nobis
4481 1095 4601 1135 eam
4628 1080 5000 1143 mansionem,
5044 1093 5202 1150 quam
5242 1082 5355 1151 ipse
5379 1098 5471 1137 no-

3921 1168 4195 1222 vissimam
4246 1168 4455 1233 habuit,
4502 1167 4788 1224 adiacere.
4837 1165 4894 1222 Si
4939 1169 5061 1229 quis
5097 1168 5236 1223 enim
5271 1170 5339 1225 ad
5376 1184 5471 1225 nos

3917 1272 4017 1329 per
4045 1257 4159 1315 loca
4188 1257 4439 1326 quaelibet
4466 1257 4665 1319 veniat,
4715 1269 4773 1308 ut
4821 1271 4944 1311 mox
4985 1256 5195 1312 rediens
5228 1271 5324 1327 per
5355 1258 5466 1311 loca

3918 1361 4020 1403 nos
4047 1346 4234 1401 eadem
4264 1349 4462 1411 ducat;
4496 1345 4584 1400 ubi
4616 1344 4809 1400 desinit
4854 1345 4961 1407 ille.
5009 1360 5108 1400 nos
5150 1347 5252 1401 iter
5288 1347 5470 1418 incipi-

3919 1452 4060 1500 mus,
4083 1443 4140 1491 et
4163 1436 4252 1491 ubi
4276 1436 4365 1490 ille
4386 1444 4647 1504 ceperat,
4672 1450 4769 1490 nos
4788 1434 5023 1491 ﬁnimus.
5047 1434 5225 1491 Prima
5272 1436 5473 1494 scilicet

3919 1525 4118 1582 Christi
4162 1525 4438 1593 generatio
4476 1523 4638 1591 capit
4683 1526 4751 1579 ab
4793 1525 5083 1587 Abraham,
5130 1525 5313 1579 ultima
5347 1540 5471 1583 vero

3920 1616 4065 1669 velut
4117 1622 4389 1680 postrema
4450 1615 4659 1668 mansio
4717 1612 5024 1667 terminavit
5077 1614 5130 1667 in
5182 1614 5465 1683 Virginem.

3920 1706 3986 1762 Et
4016 1706 4270 1775 quoniam
4300 1701 4577 1767 Abraham
4618 1703 5023 1773 interpretatur,
5053 1712 5199 1773 pater
5221 1702 5467 1765 castra.

3923 1814 4023 1856 nos
4060 1802 4164 1854 hoc
4207 1799 4312 1854 iter
4360 1798 4645 1867 incipimus
4681 1812 4712 1851 a
4756 1796 4989 1867 Virginis
5035 1804 5211 1864 partu,
5258 1802 5315 1848 ut
5353 1807 5471 1863 pcr-

2254 1885 2699 1948 nliorunrlsrael,
2727 1885 2820 1953 qui
2844 1885 3143 1953 descriptus
3168 1896 3253 1939 est
3284 1901 3315 1940 a
3347 1886 3530 1959 Moyse
3586 1897 3643 1940 et
3666 1887 3820 1941 Ειεςι-
3851 1873 3892 1930 Β
3921 1899 4173 1961 agt-antes
4214 1890 4497 1957 sequentia
4545 1888 4802 1956 deinceps
4837 1885 5172 1940 mansionum
5212 1884 5347 1947 loca,
5378 1897 5471 1953 po-

2255 1988 2384 2028 zaro
2428 1964 2728 2037 sacerdote,
2773 1974 2917 2027 inter
2958 1989 3096 2041 quos
3135 1974 3311 2029 nullus
3341 1973 3443 2028 fuit
3502 1990 3689 2029 eorum
3724 1975 3817 2043 qui

2253 2070 2414 2115 antea
2456 2062 2722 2114 numerati
2770 2069 2893 2113 sunt
2922 2062 3154 2132 aﬂoyse
3198 2072 3251 2116 et
3318 2062 3497 2118 Aaron
3538 2064 3592 2116 in
3636 2073 3817 2117 monte

2254 2148 2407 2208 Sinai
2458 2149 2666 2217 (Nam.
2724 2152 2900 2220 xxvr).
2929 2170 2947 2200 ι
2998 2150 3325 2205 Praedixerat
3371 2153 3537 2206 enim
3564 2150 3818 2205 Dominus

2252 2240 2396 2309 quod
2416 2254 2604 2293 omnes
2637 2248 2976 2293 morerentur
3014 2242 3067 2293 in
3104 2242 3409 2295 solitudine.
3437 2240 3643 2307 Quibus
3666 2242 3817 2295 ride-

2252 2327 2379 2381 lieet
2402 2326 2642 2380 historia:
2670 2328 2845 2382 verbis
2874 2336 3122 2396 patenter
3148 2329 3451 2382 ostenditur
3481 2329 3628 2397 quia,
3660 2338 3819 2387 caete-

2258 2416 2390 2471 teris
2415 2416 2468 2469 in
2499 2416 2711 2469 deserto
2737 2418 3041 2483 prostratis,
3064 2417 3129 2470 ad
3154 2418 3589 2485 repromissionis
3620 2426 3818 2470 terram

2254 2499 2382 2558 Levi
2412 2503 2580 2557 tribus
2609 2504 2891 2557 incolumis
2917 2515 2975 2558 et
3016 2506 3219 2559 illibata
3266 2507 3529 2575 pervenit.
3568 2506 3819 2572 Quisquis

2256 2606 2411 2662 ergo
2450 2606 2509 2645 se
2556 2596 2793 2661 potuerit
2849 2594 2902 2646 iu
2977 2595 3313 2648 sacerdotum
3378 2596 3460 2648 vel
3512 2594 3819 2647 Levitarum

2258 2682 2451 2735 ordine
2494 2682 2856 2745 constituere;
2893 2683 3137 2751 quisquis
3174 2684 3410 2738 noluerit
3447 2700 3568 2737 cum
3602 2684 3819 2752 reliqms

2256 2769 2566 2825 hominibus
2600 2770 2653 2823 in
2692 2780 2833 2823 terra
2874 2782 3076 2824 sortem
3123 2774 3474 2828 hmreditaria:
3500 2773 3661 2843 55.9
3698 2789 3819 2842 por-

2254 2858 2419 2913 tionis
2455 2874 2755 2927 acqmrerc,
2799 2862 2892 2913 sed
2920 2861 3091 2914 solum
3120 2871 3241 2915 eum
3277 2864 3415 2917 tribu
3443 2864 3570 2918 Levi
3598 2876 3818 2918 conten-

2254 2957 2342 3001 tus
2389 2949 2459 3002 sit
2509 2949 2789 3002 Dominum
2838 2951 3134 3018 possidere,
3166 2951 3267 3006 iste
3303 2953 3547 3021 proiecto
3579 2955 3630 3005 in
3664 2955 3821 3021 hujus

2258 3040 2443 3092 mundi
2492 3040 2704 3092 deserto
2746 3055 2849 3092 non
2886 3046 3134 3103 moritur,
3177 3043 3270 3095 sed
3310 3044 3825 3115 terramrepromis-

2254 3128 2429 3182 sionis
2465 3128 2667 3196 ingredi
2728 3129 2880 3181 vivus
2919 3141 2969 3181 et
3004 3130 3283 3184 incolumis
3320 3118 3677 3199 promeretur.
3719 3132 3819 3198 Qui

2255 3220 2325 3271 ad
2368 3219 2749 3288 premissiunes
2783 3233 2910 3288 ergo
2949 3220 3165 3272 Patrum
3209 3221 3489 3289 pervenire
3528 3221 3814 3285 desiderat,
3845 3209 3887 3267 (ἶ

2257 3306 2668 3383 hmrcditatisin
2698 3317 2838 3359 terra
2872 3309 3163 3361 funiculum
3201 3325 3321 3362 cum
3364 3310 3502 3383 tribu
3537 3308 3663 3361 Levi
3698 3325 3820 3377 pos~

2254 3387 2432 3448 sidere
2458 3382 2784 3449 contemnat.
2816 3396 2946 3449 Nam
2975 3398 3062 3465 qui
3087 3413 3142 3451 se
3168 3415 3263 3466 pro
3287 3382 3513 3454 terrenis
3541 3402 3592 3455 in
3619 3414 3819 3455 terram

2254 3485 2469 3554 dcjccit,
2504 3487 2596 3554 qui
2627 3476 2888 3547 seSe,'ubi.
2920 3502 3039 3539 cum
3065 3489 3420 3542 amaritudine
3447 3490 3652 3545 l'ascha
3682 3492 3823 3546 cele-

2255 3572 2520 3628 brandum
2542 3586 2643 3637 est,
2664 3588 2727 3626 ac
2762 3574 3007 3627 velociter
3030 3576 3435 3640 transeundum,
3464 3580 3666 3633 diutius
3687 3596 3820 3649 gauc

2260 3668 2386 3718 dere
2416 3665 2634 3717 conlidit
2664 3684 2677 3717 :
2712 3683 2728 3714 ι
2752 3666 2964 3728 Anima,
2995 3667 3260 3733 inquiens,
3296 3669 3459 3723 babes
3490 3670 3651 3723 multa
3682 3674 3819 3727 bona

2259 3756 2493 3831 reposita
2521 3757 2573 3807 in
2607 3772 2776 3808 annos
2806 3757 3023 3822 utullus,
3057 3746 3349 3825 requiesce,
3387 3768 3625 3825 comede,
3674 3762 3819 3831 bibe,

2257 3847 2515 3914 epulare;
2566 3861 2671 3898 non
2718 3851 2832 3900 sine
2876 3862 3037 3901 causa
3088 3844 3326 3903 meretur
3374 3853 3558 3905 audire
3586 3870 3598 3904 :
3626 3852 3817 3918 Stulte,

2261 3938 2359 3988 huc
2406 3945 2559 3988 nocte
2590 3947 2830 4005 repetent
2870 3938 3103 3989 animam
3154 3949 3295 3992 tuam
3324 3956 3352 3991 τι
3384 3950 3433 3991 te.
3459 3958 3473 4001 ;
3502 3957 3619 4009 qua:
3642 3952 3820 3997 autem

2261 4028 2483 4092 parasti,
2518 4025 2670 4091 cuius
2691 4027 2885 4080 erunt?
2904 4049 2921 4078 ι
2956 4029 3054 4080 llic
3080 4030 3257 4097 itaque
3286 4047 3387 4084 non
3415 4035 3522 4099 die,
3548 4036 3638 4088 sed
3668 4046 3821 4091 nocte

2262 4116 2571 4185 perimitur,
2598 4117 2736 4170 sicut
2760 4119 3112 4187 primogenita
3140 4121 3531 4191 [Egyptiorunn
3559 4123 3820 4178 Nimirum

2254 4206 2345 4272 qui
2393 4220 2494 4257 non
2544 4208 2745 4274 sprevit
2786 4206 3099 4277 JEgyptum,
3130 4214 3223 4264 sed
3252 4214 3565 4282 obsequium
3594 4214 3823 4279 prmbuit

2260 4297 2558 4350 meroribus
2605 4300 2968 4365 tenebrarum,
3021 4302 3109 4369 qui
3148 4312 3201 4354 et
3234 4303 3332 4371 ipsi
3385 4316 3539 4358 nocte
3586 4306 3819 4359 animam

2257 4384 2373 4453 ejus
2418 4395 2703 4452 repetunt;
2749 4389 3005 4454 quoniam
3045 4392 3210 4443 adivit
3247 4394 3573 4459 lucctu,‘nec
3592 4394 3821 4463 justitim

2262 4482 2581 4527 consecutus
2622 4483 2705 4527 est
2751 4478 3050 4530 veritatem.
3100 4479 3203 4532 Sed
3257 4483 3378 4534 dum
3430 4488 3710 4554 vagantius
3752 4485 3818 4538 ad

2255 4566 2525 4619 extcriora
2564 4568 2962 4635 progredimur.
2999 4569 3108 4635 jam
3146 4574 3295 4638 quasi
3340 4576 3626 4644 prmmissre
3655 4592 3816 4645 spon-

2258 4657 2426 4709 sioois
2471 4654 2645 4719 obliti,
2701 4672 2840 4709 nunc
2888 4661 2952 4709 ad
2986 4660 3347 4716 Israclitarum
3396 4666 3723 4730 mansiones,
3762 4668 3816 4720 in

2258 4746 2455 4811 quibus
2488 4743 2869 4810 aliquantulum
2897 4747 3273 4803 inunoraturos
3307 4768 3401 4807 cos
3428 4768 3549 4809 esse
3570 4757 3818 4823 promisi-

2260 4852 2402 4897 mus,
2450 4834 2557 4901 jam
2603 4838 2854 4905 quodam,
2902 4848 2959 4890 ut
3003 4841 3073 4893 ita
3113 4840 3327 4912 loquar,
3368 4846 3701 4915 postliminio
3737 4863 3821 4903 re-

2257 4929 2505 4977 deumus.

2842 5033 3065 5091 CAPUT
3121 5039 3203 5093 ill.

2258 5120 2413 5187 Quod
2446 5121 2708 5174 descensio
2741 5122 2929 5243 Chr‘i’sti
2961 5130 3028 5178 ad
3060 5146 3148 5249 “:5
3178 5130 3335 5198 fuerit
3360 5149 3450 5202 per
3478 5133 3826 5202 quadraginta

2880 5211 2943 5246 ιιο
2990 5214 3079 5249 ara
3122 5216 3202 5249 ιη.

2880 5211 2943 5246 tto
2990 5211 3202 5264 gradus.

2326 5279 2533 5347 itaque,
2574 5278 2713 5333 sicut
2747 5281 2942 5334 dictum
2990 5294 3086 5346 est,
3135 5288 3190 5339 in
3218 5289 3571 5360 quadraginta
3615 5290 3823 5345 duabus

2257 5370 2625 5423 mmsionihus
2674 5384 3034 5437 pervenerunt
3073 5375 3161 5427 liiii
3187 5378 3346 5432 lsrael
3373 5393 3540 5447 usque
3581 5383 3646 5436 ad
3678 5384 3823 5449 prin-

2259 5461 2457 5525 iipium
2506 5461 2774 5525 capienda:
2816 5462 3144 5517 limreditatis
3167 5465 3353 5521 (Num.
3378 5472 3587 5539 stult).
3620 5468 3823 5523 Prinei‘

2261 5552 2404 5616 pium
2438 5562 2561 5599 vero
2594 5551 2860 5616 capienda:
2895 5552 3225 5609 hmreditatts
3274 5558 3366 5611 fuit
3388 5600 3402 5621 ,
3433 5564 3517 5613 ubi
3551 5562 3733 5614 Ruben
3772 5571 3825 5614 ct

2260 5636 2375 5689 Gud
2419 5644 2471 5686 et
2534 5635 2751 5687 dimidia
2795 5638 2961 5692 tribus
3000 5640 3247 5696 .iiunasse
3315 5648 3583 5716 accipiunt
3625 5660 3819 5702 terram

2262 5724 2465 5781 G..laad
2525 5724 2575 5776 in
2632 5728 3046 5794 possessionem.
3102 5732 3271 5790 Porro
3331 5739 3696 5803 autem,siwt
3746 5738 3820 5793 illi

3920 1991 4122 2036 strerno
4164 1982 4232 2035 ad
4284 1980 4494 2044 Deum,
4550 1974 4767 2032 Patrem
4817 1977 5062 2030 videlicet
5107 1975 5471 2045 perveniamus

3916 2069 4209 2127 excelsum.
4258 2068 4449 2129 Partus
4493 2082 4622 2137 ergo
4654 2064 4887 2137 Virginis
4937 2064 5090 2117 nobis
5133 2078 5194 2117 ex
5244 2060 5470 2132 Egypt»

3916 2162 4066 2221 etire
4110 2158 4411 2213 volentilui
4455 2157 4511 2212 in
4556 2157 4745 2226 primis
4782 2151 5211 2216 occurrit,cum,
5240 2150 5471 2207 Verbum

3918 2249 4012 2301 Dei
4056 2263 4273 2301 carnem
4314 2246 4515 2300 factum
4556 2245 4609 2299 iu
4647 2244 4786 2297 hunc
4829 2242 5083 2297 mundum
5128 2242 5332 2295 venisse
5356 2255 5471 2295 cre-

3917 2340 4127 2400 dentes.
4175 2338 4379 2391 relictis
4416 2336 4665 2391 omnibus
4707 2332 4921 2388 caducis
4944 2340 4998 2385 et
5044 2330 5378 2392 transitoriis,
5420 2331 5469 2384 in

3917 2428 4008 2483 illo
4036 2427 4150 2482 solo
4180 2426 4583 2496 requiescimus.
4619 2426 4672 2479 in
4704 2423 4795 2477 illo
4824 2431 5019 2476 nostra:
5043 2422 5235 2490 quietis
5279 2429 5334 2474 et
5356 2421 5467 2489 spei

3918 2515 4277 2571 habitaculum
4316 2514 4658 2569 collocamus.
4697 2511 4824 2568 Post
4850 2510 5091 2579 haejam
5122 2509 5165 2563 si
5192 2508 5464 2578 perlicere,

3918 2620 3973 2666 et
4019 2612 4086 2665 ad
4131 2608 4366 2678 singulos
4416 2622 4655 2678 quosque
4709 2604 4830 2660 ﬁdei
4879 2612 4934 2658 et
4980 2604 5236 2656 virtutum
5274 2600 5466 2670 gradus

3920 2701 4210 2755 ascendere
4228 2700 4472 2763 nitimur,
4499 2697 4680 2751 tandiu
4701 2695 4959 2750 debemus
4979 2692 5275 2757 immorari,
5299 2689 5466 2745 donec

3917 2790 4131 2844 valeant
4180 2789 4407 2843 virtutes
4457 2789 4509 2842 in
4560 2786 5000 2842 consuetudinem
5048 2785 5201 2837 verti.
5240 2782 5304 2836 Et
5342 2791 5465 2837 tunc

3918 2895 4024 2935 non
4052 2879 4205 2946 quasi
4230 2890 4605 2932 transcurrere
4630 2873 4926 2945 spiritualis
4951 2873 5073 2931 vita:
5097 2873 5301 2927 deserta
5336 2885 5461 2925 con-

3919 2969 4197 3037 spicimur,
4230 2966 4391 3037 560
4426 2966 4522 3021 sed
4568 2968 4898 3020 mansionem
4943 2963 5139 3025 facere,
5190 2961 5269 3016 vel
5308 2961 5463 3014 etiam

3921 3058 4163 3112 habitare
4208 3058 4263 3109 in
4314 3059 4445 3126 ipsis
4487 3056 4742 3108 virtutum
4789 3051 5114 3124 profectibus
5150 3049 5461 3118 judicamur.

3922 3148 4055 3203 Nam
4089 3150 4180 3217 qui
4211 3150 4407 3202 bonum
4453 3161 4589 3216 opus
4636 3160 4743 3199 non
4786 3153 5216 3214 perseveraturus
5260 3141 5460 3208 incipit,

3919 3239 4072 3306 quasi
4107 3240 4244 3289 viam
4285 3238 4621 3305 properauit)
4652 3233 4997 3297 transcurrit;
5024 3233 5115 3302 qui
5164 3245 5289 3283 vero
5314 3231 5365 3282 in
5400 3244 5458 3282 ea

3919 3346 4079 3398 quam
4138 3329 4302 3382 semel
4352 3328 4581 3394 arripuit
4610 3366 4651 3389 ,Α
4691 3332 4971 3394 permanet
5021 3320 5341 3382 sanctitate,
5394 3319 5460 3372 ini

3921 3417 4318 3488 quodammodo
4369 3416 4600 3468 tedithat
4650 3412 5005 3466 mansionem.
5071 3408 5138 3462 Et
5183 3406 5463 3460 notandum

3922 3507 4047 3575 quia
4081 3520 4202 3558 eum
4231 3504 4332 3564 ire,
4360 3512 4415 3555 et
4444 3514 4683 3561 manere,
4711 3513 4773 3552 ac
4801 3514 4895 3568 per
4920 3498 5021 3551 hoc
5049 3496 5171 3559 iter,
5194 3504 5243 3549 et
5269 3492 5469 3547 mansio

3923 3608 3951 3644 a
4006 3606 4067 3644 se
4118 3591 4227 3645 sint
4276 3589 4491 3656 penitus
4546 3587 4790 3647 dissona.
4843 3601 4941 3638 nec
4989 3584 5199 3637 sibimet
5246 3580 5469 3634 invicem

3919 3686 4233 3749 congruant,
4282 3684 4568 3742 utrumque
4613 3684 4790 3727 tamen
4820 3673 4871 3726 in
4903 3671 4992 3726 illo
5015 3669 5301 3723 Israelitico
5328 3681 5454 3735 pro-

3920 3769 4097 3820 cinctu
4139 3766 4457 3820 convenisse
4499 3763 4785 3834 Scriptura
4821 3761 5122 3818 ccnlirmat,
5170 3767 5226 3810 ut
5267 3755 5337 3809 illi
5380 3768 5470 3824 per

3921 3854 4192 3907 desertum
4237 3860 4293 3905 et
4339 3856 4441 3905 iter
4490 3850 4740 3903 habuisse
4786 3848 5035 3899 dicantur
5064 3860 5118 3899 et
5147 3844 5465 3897 mansiones.

3920 3942 4053 4008 Quia
4101 3943 4355 3995 nimirum
4405 3954 4523 4002 uos,
4564 3940 4653 4007 qui
4699 3946 4898 3992 terram
4948 3936 5233 3990 viventium
5273 3938 5468 3987 intrare

3919 4034 4319 4095 contendimus,
4350 4042 4405 4089 et
4434 4044 4656 4085 manere
4672 4028 4934 4083 debemus
4964 4043 5055 4097 per
5084 4027 5241 4079 fixum
5274 4025 5469 4093 profes-

3922 4124 4088 4178 sionis
4117 4130 4311 4174 nostra:
4341 4120 4697 4187 propositum,
4725 4126 4778 4171 et
4810 4118 4887 4169 ire
4916 4130 5125 4184 semper
5161 4129 5252 4182 per
5286 4111 5468 4165 melio-

3921 4213 4099 4266 randa:
4130 4208 4557 4265 conversationis
4594 4216 4648 4261 et
4688 4206 4994 4261 cumulandi
5026 4202 5291 4272 profcczus
5316 4216 5470 4270 argu—

3919 4287 4180 4357 mentum.

3990 4395 4043 4447 ln
4070 4391 4257 4461 primis
4277 4405 4404 4460 ergo
4426 4388 4836 4460 proficiscuntur
4859 4382 5118 4439 liliilsrael
5141 4383 5203 4435 de
5219 4382 5466 4434 liamese.

3924 4481 4177 4543 Ramese,
4228 4482 4364 4532 sicut
4418 4478 4690 4533 nonnullis
4732 4477 4959 4531 videtur,
4992 4475 5042 4527 in
5069 4480 5243 4525 nostra
5276 4470 5471 4537 lingua.

3920 4571 4194 4623 commotio
4237 4568 4477 4630 turbida,
4526 4566 4606 4619 vel
4667 4564 4935 4617 commotio
4977 4564 5127 4614 tineis
5169 4560 5380 4612 dicitur.
5420 4557 5471 4609 lu

3924 4673 4031 4728 quo
4076 4640 4234 4710 daiur
4281 4654 4504 4723 intelligi
4552 4654 4692 4723 quod
4722 4652 4899 4705 omnia
4941 4664 5058 4718 qua:
5098 4646 5272 4702 mundi
5330 4656 5469 4707 sunt,

3925 4747 3987 4800 in
4030 4743 4478 4798 commotionibus
4521 4751 4575 4795 et
4627 4740 5124 4810 perturbationibus
5168 4736 5469 4797 constituta,

3925 4848 3982 4889 et
4036 4833 4383 4903 corruptela,
4435 4846 4597 4900 quam
4648 4831 4790 4883 tinea
4846 4828 5118 4897 designat.
5180 4829 5472 4895 pretantur

3928 4925 4181 4977 obnoxia.
4236 4920 4294 4980 lu
4346 4922 4541 4990 quibus
4592 4921 4774 4991 utique
4830 4932 4935 4972 non
4983 4924 5194 4985 oportet
5243 4915 5471 4969 animam

3928 5013 4206 5078 residere,
4258 5013 4353 5066 sed
4413 5012 4785 5065 incunctanter
4838 5010 5008 5063 exire.
5068 4997 5289 5074 Quidam
5350 5018 5473 5057 vero

3931 5106 4156 5168 [iamese
4208 5103 4549 5171 interpretari
4614 5100 5029 5163 commotionem,
5075 5095 5153 5149 vel
5194 5096 5473 5147 tonitruum

3927 5186 4268 5267 putaverunt.
4305 5192 4455 5259 Quod
4484 5191 4673 5269 utique.
4695 5189 4847 5243 nobis
4872 5187 5043 5256 aptari
5064 5198 5169 5241 non
5192 5185 5474 5252 incongrue

3928 5288 4156 5356 peterit,
4189 5286 4333 5354 quia.
4386 5284 4513 5337 dum
4558 5282 4625 5336 ad
4678 5278 5112 5349 praedicationem
5161 5275 5473 5341 evangelica:

3932 5378 4070 5429 tuba:
4115 5374 4369 5427 commoti
4418 5370 4699 5433 fuerimus,
4736 5368 4882 5424 velut
4911 5368 4978 5421 ad
5007 5367 5296 5420 tonitruum
5322 5364 5473 5419 cclc-

3931 5466 4091 5520 stium
4141 5463 4364 5518 nubium
4413 5461 4653 5521 excitati.
4704 5473 4772 5513 ex
4821 5456 5050 5527 Egypto
5095 5455 5275 5509 mundi
5321 5453 5471 5517 hujus

3929 5559 4155 5609 eximus.
4202 5551 4467 5606 Exierunt
4511 5560 4691 5605 autem
4733 5547 4805 5602 illi
4838 5562 5019 5600 mense
5047 5546 5237 5614 primo,
5270 5544 5471 5609 quinta-

3929 5647 4134 5702 decinia
4183 5645 4329 5707 luna,
4375 5644 4594 5711 in‘ipso
4638 5640 4844 5695 scilicet
4890 5636 5195 5708 plenilunio,
5239 5648 5302 5685 ac
5342 5632 5473 5683 veris

3928 5738 4170 5794 exordio.
4212 5736 4278 5790 Et
4320 5752 4419 5789 nos
4447 5749 4565 5789 cum
4603 5745 4827 5787 summa:
4874 5729 5003 5782 lueis
5046 5726 5206 5781 radiis
5250 5726 5472 5778 illustra-
