4540 6356
791 350 891 406 551

1246 347 1306 406 S.
1331 347 1534 404 PETRI
1564 346 1844 402 DAMIANI
1878 345 2029 401 OPP.
2052 344 2285 402 τοιιυε
2316 343 2450 400 SEU
2487 344 2667 399 PARS
2702 345 2787 399 ιιι.
2811 373 2881 386 —
2921 344 3039 401 OPl

1761 346 1844 400 ,Νι
1878 345 2029 401 OPP.
2052 344 2285 402 τοιιυε
2316 343 2450 400 SEU
2487 344 2667 399 PARS
2702 345 2787 399 ιιι.
2811 373 2881 386 —
2921 344 3281 401 OPUSCULA
3324 346 3554 401 VARIA.

3927 348 4031 404 558

793 478 1058 533 quaquam
1100 472 1275 521 tamen
1348 471 1525 522 motus
1566 462 1680 529 ejus
1724 468 1776 513 et
1822 460 2049 527 impetus
2096 457 2349 526 pertime-
2378 466 2425 522 Α
2454 472 2550 526 per
2582 456 2840 511 Ananiam
2870 465 3088 512 sanatus
3120 469 3203 511 eSt
3238 456 3436 511 Paulus
3468 457 3608 527 (Act.
3636 459 3742 527 Ix),
3777 468 3837 511 ut
3866 465 4034 516 couti-

794 564 962 619 scant.
998 551 1102 606 Nos
1135 554 1294 606 etiam
1327 563 1446 621 post
1477 549 1833 605 tentationum
1861 547 2068 609 ﬂuctus,
2101 554 2220 614 post
2250 562 2350 598 un-

792 642 963 697 disoni
1012 644 1177 695 maris
1226 640 1563 696 formidolosa
1615 637 1925 705 naufragia,
1971 636 2154 688 eadem
2209 649 2349 702 saepe

792 733 929 787 mala
984 747 1103 801 quae
1168 733 1675 801 pertulimus,.ante
1715 731 1895 784 oculos
1939 728 2181 797 ponimus
2228 744 2241 779 :
2292 735 2352 780 ut

786 821 915 889 jam,
931 824 1074 877 velut
1098 824 1147 875 iu
1173 824 1349 881 liuore
1370 822 1668 885 constituti,
1696 822 1883 891 dignas
1906 818 2139 887 ereptori
2165 826 2351 871 nostro

790 911 899 966 Deo
927 912 1125 980 gratias
1156 910 1474 965 referamus.

861 998 1092 1053 Profecti
1140 1015 1353 1067 quoque
1394 1002 1461 1053 de
1503 1000 1636 1054 mari
1679 998 1860 1052 Rubro
1888 996 2257 1066 applicuerunt
2294 995 2347 1048 in

788 1087 1057 1143 desertum
1100 1086 1215 1140 Sin.
1259 1087 1356 1141 Sin
1399 1089 1809 1156 interpretatur,
1857 1086 2040 1149 rubus,
2087 1086 2200 1139 sive
2242 1094 2349 1137 ten-

787 1177 933 1227 tatio.
980 1174 1171 1244 Incipit
1220 1192 1348 1243 ergo
1390 1176 1588 1229 Christi
1632 1176 1786 1229 militi
1822 1174 1935 1242 jam
1981 1174 2349 1243 prosperitatis

790 1277 915 1330 spes
944 1265 1202 1327 arridere,
1234 1275 1288 1317 et
1321 1265 1689 1319 collocationis
1716 1266 1908 1319 divina:
1945 1267 2100 1318 verba
2130 1265 2350 1331 promit-

792 1361 921 1405 tere.
955 1352 1030 1406 De
1057 1351 1208 1406 Rubo
1235 1354 1496 1422 siquidem
1528 1354 1785 1409 Dominus
1806 1354 2071 1423 apparuit,
2099 1362 2153 1407 et
2182 1352 2348 1423 Moysi

790 1440 856 1493 ad
886 1440 1020 1494 {illus
1048 1440 1205 1495 Israel
1232 1442 1469 1510 perferre
1494 1444 1745 1497 mandata
1777 1443 2023 1511 praecepit
2048 1441 2346 1511 (Exedit).

787 1529 898 1583 Illic
922 1544 1048 1601 ergo
1076 1532 1167 1584 tibi
1198 1531 1354 1584 datur
1378 1532 1655 1599 sperandae
1682 1531 1972 1585 clementize
2004 1530 2239 1597 signum,
2263 1529 2346 1583 ubi

788 1618 987 1673 factum
1019 1628 1101 1673 est
1142 1620 1443 1674 Israelitica:
1479 1622 1799 1675 visitatiouis
1833 1621 2063 1673 initium.
2103 1621 2208 1675 Sed
2244 1635 2346 1675 non

788 1710 960 1767 Otiose
988 1709 1079 1764 Sin
1112 1712 1273 1765 etiam
1305 1714 1523 1766 teutatio
1550 1713 1761 1765 dicitur.
1791 1711 1937 1765 Solet
1965 1710 2127 1764 etiam
2158 1711 2347 1780 saepius

2449 546 2570 599 nuis
2598 544 2933 614 postmodum
2966 544 3239 598 laboribus
3267 544 3563 597 insudaret.
3596 543 3739 597 Hinc
3766 554 3853 598 est
3894 549 4033 616 quod

2446 635 2619 690 eidem
2646 634 2868 687 Ananiae
2896 632 2962 685 de
2990 633 3079 687 illo
3101 633 3304 687 dictum
3336 641 3419 687 est
3446 651 3458 685 :
3487 650 3505 682 ι
3539 632 3652 703 Ego
3675 635 3828 688 enim
3857 645 4033 690 osten-

2449 724 2568 778 dam
2601 722 2675 775 illi
2707 732 2907 790 quauta
2954 731 3203 791 oporteat
3226 737 3349 775 eum
3392 736 3490 789 pro
3517 721 3741 776 nomine
3774 738 3896 777 meo
3926 724 4033 793 pati

2449 809 2659 879 (Matth.
2692 812 2830 876 xm).
2869 828 2887 859 ι
2924 810 3075 875 Quod
3103 819 3280 863 autem
3312 809 3477 863 Halus
3505 810 3675 864 etiam
3709 811 4035 867 fermentum

2446 899 2787 967 interpretari
2818 899 3034 962 dicitur,
3066 909 3121 953 et
3150 900 3274 953 hinc
3301 900 3456 952 nobis
3482 913 3741 968 congruae
3769 902 4040 971 significa-

2448 989 2611 1043 tionis
2632 988 2933 1043 intellectus
2963 989 3209 1045 olfertur.
3242 989 3366 1043 lltec
3399 996 3484 1043 est
3512 990 3659 1043 enim
3705 989 4037 1045 fermentum

2448 1081 2580 1136 illud
2627 1083 2771 1152 quod
2798 1082 2986 1137 tollens
3014 1082 3208 1135 mulier
3238 1083 3576 1137 commiscuit
3599 1083 3656 1136 in
3687 1084 3883 1139 farina:
3908 1084 4038 1140 satis

2449 1172 2641 1236 tribus,
2666 1172 2835 1226 donec
2860 1169 3277 1225 fermentaretur
3302 1180 3473 1224 totum
3495 1170 3650 1241 (Luc.
3678 1174 3831 1242 xm),
3858 1174 3911 1226 id
3934 1184 4033 1239 est,

2448 1270 2694 1316 sanctum
2748 1262 3113 1331 Evangelium.
3162 1263 3217 1316 lu
3266 1263 3367 1317 hac
3416 1264 3688 1331 siquidem
3720 1266 4041 1329 solitudine

2447 1349 2674 1419 populus
2712 1350 3087 1413 murmuravit,
3134 1359 3190 1404 et
3236 1366 3428 1405 manna
3457 1352 3617 1404 simul
3643 1361 3701 1407 et
3725 1356 4043 1410 coturnices

2450 1438 2673 1506 accepit.
2702 1438 2768 1491 Et
2792 1454 2913 1491 cum
2938 1453 3043 1491 non
3074 1440 3233 1492 modo
3254 1438 3606 1503 fermentum,
3634 1441 3732 1495 sed
3757 1451 3812 1496 et
3843 1458 4041 1496 manna

2449 1542 2659 1581 sacrum
2688 1526 2955 1596 significet
2980 1527 3347 1595 Evangelium,
3374 1529 3515 1582 miro
3542 1530 3703 1583 modo
3734 1532 3856 1586 haec
3881 1530 4042 1586 simul

2451 1617 2504 1672 in
2535 1617 2741 1671 decima
2774 1618 3053 1671 mansione
3078 1619 3407 1673 conveniunt
3440 1636 3452 1671 :
3488 1628 3545 1672 ut
3576 1631 3701 1689 post
3731 1620 3871 1687 legis
3907 1638 4045 1691 pra-

2450 1706 2627 1759 missa:
2658 1704 2966 1775 decalogum
2989 1746 3004 1767 ,
3039 1706 3195 1775 panis
3224 1706 3496 1777 Evangelii
3528 1711 3833 1765 succedere
3864 1712 4048 1767 videa-

788 1810 843 1854 et
879 1800 932 1853 in
961 1800 1251 1854 visionibus
1289 1801 1609 1854 intervenire
1655 1800 1894 1861 tentatio,
1940 1803 2064 1852 dum
2105 1814 2346 1852 nonnuu-
2378 1786 2421 1844 Β
2450 1804 2557 1847 tur.

786 1903 947 1957 quam
983 1890 1201 1956 spiritus
1244 1889 1539 1956 iniquitatis
1568 1891 1910 1959 transﬁgurat
1940 1904 1997 1943 se
2027 1891 2078 1942 in
2106 1888 2347 1957 angelum

714 1982 718 1987 '
787 1976 927 2046 lucis,
951 1976 1035 2045 (II
1062 1976 1181 2030 Cor.
1210 1976 1306 2045 vi).
1337 1977 1403 2029 Et
1438 1978 1556 2031 ideo
1583 1978 1849 2032 subtiliter
1876 1987 1959 2032 est
1988 1980 2268 2048 agendum.
2293 1985 2351 2030 ut

788 2064 1161 2118 discernantur
1202 2080 1396 2132 genera
1429 2065 1711 2119 visionum.
1756 2065 1907 2120 Sicut
1952 2078 2003 2121 et
2043 2066 2164 2120 Jesu
2206 2066 2350 2120 Nave

788 2167 910 2205 cum
939 2153 1184 2221 angelum
1214 2162 1475 2217 cerneret,
1503 2164 1555 2207 et
1592 2156 1912 2209 tentationes
1939 2157 2221 2225 aliquando
2251 2157 2349 2209 hu-

781 2240 1013 2309 iusmodi
1048 2244 1339 2297 visionibus
1371 2245 1543 2299 inesse
1576 2245 1875 2297 nullatenus
1906 2247 2192 2311 dubitaret,
2226 2262 2350 2315 pro-

788 2330 929 2383 tinus
956 2330 1022 2383 ab
1049 2344 1111 2383 eo
1136 2333 1225 2398 qui
1276 2332 1583 2399 apparebat,
1618 2333 1916 2400 requisivit,
1944 2334 2126 2388 dicens
2153 2352 2166 2388 :
2194 2354 2212 2386 ι
2243 2335 2346 2389 No~

787 2432 899 2477 ster
934 2438 1010 2487 es,
1040 2439 1106 2477 au
1144 2425 1601 2477 adversariorum?
1640 2424 1775 2493 (Jos.
1814 2426 1891 2493 ν.)
1932 2444 1949 2477 ι
1982 2424 2116 2479 Nam
2161 2435 2213 2481 et
2258 2443 2352 2495 per

788 2512 1098 2579 Apostolum
1154 2514 1407 2566 discretio
1460 2514 1742 2580 spirituum
1798 2515 1939 2568 inter
1988 2514 2124 2569 dona
2181 2517 2349 2570 sancti

789 2601 1020 2669 Spiritus
1053 2614 1398 2657 enumeratur
1427 2604 1475 2673 (1
1526 2605 1645 2658 Cor.
1682 2605 1799 2675 xu).
1841 2606 1990 2670 Quod
2034 2614 2211 2659 autem
2255 2607 2348 2660 Sin

785 2693 948 2746 etiam
982 2694 1156 2747 odium
1202 2695 1539 2762 interpretari
1571 2696 1783 2760 dicitur,
1815 2706 1984 2762 neque
2010 2697 2109 2749 hoc
2135 2698 2347 2763 quidem

788 2796 819 2833 a
852 2782 1113 2850 spirituali
1144 2783 1411 2837 exorbitat
1450 2784 1738 2837 intellectu.
1780 2783 2030 2854 Quisquis
2057 2787 2200 2840 enim
2224 2803 2352 2855 per-

788 2871 935 2924 venit
966 2872 1032 2923 ad
1076 2872 1337 2925 visionem
1362 2873 1446 2925 vel
1502 2873 1873 2927 allocutionem
1908 2875 2023 2938 Dei,
2069 2874 2350 2929 confestim

790 2957 1027 3027 concipit
1055 2958 1235 3012 odium
1267 2958 1471 3012 mundi.

1405 3065 1627 3121 CAPUT
1668 3068 1729 3120 V.

791 3155 944 3221 Quod
973 3154 1246 3223 languor“
1284 3154 1602 3233 animarfint
1634 3156 1786 3272 ltitia,
1818 3169 1955 3205 mors
1987 3170 2104 3206 vero
2137 3163 2345 3221 peccata

1414 3239 1627 3272 crmuna
1655 3240 1723 3272 ια.

1414 3239 1723 3275 crtnttnatta.

862 3310 967 3365 Sed
998 3318 1050 3365 et
1080 3311 1201 3364 inde
1237 3310 1523 3379 progressi,
1556 3318 1813 3364 venerunt
1846 3311 1895 3363 in
1922 3310 2155 3379 Deptbca
2191 3329 2202 3363 :
2237 3312 2349 3365 sive

788 3412 849 3454 ut
896 3400 997 3452 alia
1049 3402 1327 3453 translatio
1374 3400 1644 3469 perhibet,
1700 3399 1947 3466 Raphaca
1998 3400 2194 3468 (Exod.
2242 3400 2346 3467 tn).

791 3488 947 3557 563
980 3489 1210 3555 Dephtca
1240 3488 1465 3553 denique
1492 3486 1713 3555 pulsatio
1740 3488 1953 3541 dieitur.
1988 3487 2051 3539 Et
2076 3502 2173 3540 nos
2201 3496 2349 3555 post-

790 3590 949 3641 quam
1002 3576 1353 3643 pcrtiugimus
1403 3575 1467 3627 ad
1518 3574 1841 3636 Ecclesiam,
1892 3589 2050 3642 quam
2104 3576 2352 3631 videlicet

791 3661 975 3715 Rnbus
1010 3663 1095 3715 ille
1129 3662 1410 3727 significat,
1445 3662 1530 3713 nhi
1580 3663 1669 3715 Dei
1714 3672 1951 3716 meretur
1988 3667 2147 3718 homo
2188 3665 2349 3719 collo-

788 3750 995 3818 quium.
1036 3750 1121 3802 ubi
1168 3749 1301 3803 visio
1337 3751 1663 3817 conspicitur
1699 3752 2027 3820 angelorum,
2060 3762 2181 3809 tunc
2226 3756 2349 3808 inci-

790 3840 963 3908 pimus
1006 3849 1212 3908 petere,
1266 3856 1521 3908 qurcrere,
1563 3856 1625 3896 ac
1675 3843 1821 3911 regni
1872 3844 2105 3897 caelestis
2152 3861 2346 3900 arcana

790 3929 1020 3997 pulsare,
1046 3928 1267 3982 Domino
1292 3932 1628 3997 nrmcipieute
1675 3942 1727 3985 et
1753 3932 2053 3999 pollicente,
2076 3934 2165 4001 qui
2188 3936 2345 3987 dicit:

796 4036 814 4066 ι
850 4017 1081 4079 Pulsate,
1107 4027 1162 4070 et
1186 4020 1451 4086 aperietur
1481 4020 1629 4073 vobis
1656 4020 1867 4089 (Matth.
1901 4037 2001 4083 vn;
2032 4021 2159 4074 Luc.
2191 4026 2285 4091 XI).
2325 4042 2342 4073 ι

792 4104 848 4157 Si
894 4120 1019 4158 vero
1047 4106 1291 4173 Raphaca
1320 4108 1439 4173 quis
1472 4108 1620 4160 malit
1661 4108 1962 4171 admittere,
1994 4126 2111 4177 quae
2146 4112 2349 4164 sanitas

791 4192 1023 4245 dicitur:
1056 4193 1157 4245 hoc
1203 4208 1397 4247 nomen
1443 4196 1634 4247 animm
1680 4196 1878 4249 dudum
1927 4196 2206 4263 languidze,
2256 4199 2347 4254 sed

784 4276 893 4343 jam
931 4293 1023 4345 per
1049 4279 1243 4331 donum
1279 4290 1475 4333 sanctae
1516 4280 1767 4334 Ecclesia:
1807 4282 2077 4352 languoris
2123 4284 2347 4339 nexibus

792 4366 1047 4419 absoluta:
1076 4358 1453 4419 convenienter
1477 4376 1705 4434 aptatur.
1730 4367 1851 4421 Hmc
1881 4381 1965 4422 cst
2003 4370 2141 4423 enim
2170 4372 2343 4423 anima

788 4454 876 4508 cui
906 4454 1135 4508 dicitur:
1167 4473 1184 4505 ε
1217 4454 1460 4518 Benedic,
1481 4457 1680 4519 anima,
1707 4474 1817 4509 mea
1840 4460 2073 4521 Domino,
2101 4462 2343 4515 etomuia

792 4543 1045 4597 interiora
1106 4557 1221 4594 mea
1280 4543 1482 4597 nomini
1534 4554 1720 4598 sancto
1772 4544 1884 4611 ejus
1934 4546 2103 4614 (Pint.
2154 4552 2269 4617 cu).
2322 4570 2337 4600 ι

792 4631 979 4697 Quem,
1013 4647 1209 4699 qumso,
1240 4633 1556 4685 Dominum?
1595 4635 1691 4699 Qui
1736 4647 1905 4694 sanat.
1941 4638 2127 4704 inquit,
2162 4655 2345 4691 omnes

794 4719 1072 4787 langueres
1108 4732 1241 4783 tuos,
1274 4723 1362 4789 qui
1404 4724 1617 4775 redimit
1645 4725 1709 4777 de
1740 4725 1955 4778 interitu
1990 4726 2149 4779 tiéam
2180 4739 2340 4780 tuam.

794 4804 1042 4873 Languor
1066 4807 1266 4859 scilicet
1290 4809 1479 4861 animae
1510 4812 1632 4861 vitia
1661 4821 1803 4869 sunt,
1837 4827 1979 4865 mors
2006 4816 2199 4867 animae
2227 4830 2349 4881 pec-

795 4901 912 4945 cata
941 4892 1230 4945 criminalia
1258 4906 1395 4948 sunt.
1429 4917 1445 4945 ‹
1478 4898 1755 4950 Peccatum
1784 4901 1921 4952 enim
1951 4917 2069 4954 cum
2100 4917 2344 4956 consum-

795 4990 994 5034 matum
1025 4979 1205 5045 fuerit,
1236 4998 1450 5051 generat
1478 4996 1699 5039 mortem
1732 4987 1865 5055 (Jac.
1899 4990 1956 5053 ι).
1998 5008 2015 5039 ι

864 5070 1065 5123 Deinde
1092 5072 1311 5123 veniunt
1345 5073 1396 5125 in
1434 5072 1612 5126 llalus.
1646 5073 1807 5129 Ilalus
1836 5076 2231 5145 interpretatur,
2268 5078 2350 5132 la-

792 5161 953 5219 bores,
998 5161 1111 5213 sive
1149 5160 1475 5226 ferrumtum.
1525 5161 1589 5214 Et
1631 5176 1774 5217 certe
1818 5168 2097 5220 sanitatem
2139 5166 2347 5221 labores

794 5256 1111 5313 sequuntur.
1164 5250 1415 5317 quoniam
1455 5249 1519 5301 ad
1557 5251 1629 5302 nil
1670 5252 1807 5305 aliud
1844 5255 2121 5308 sanitatem
2163 5267 2344 5309 saneta

797 5335 953 5387 debet
1000 5338 1169 5387 anima
1206 5339 1605 5405 concupiscere,
1649 5341 1749 5392 nisi
1780 5351 1841 5394 ut
1865 5344 2068 5398 labores
2112 5362 2208 5414 pro
2243 5345 2351 5398 Deo

795 5426 970 5475 valeat
1016 5439 1393 5493 pressurasque
1458 5428 1715 5496 perferre.
1768 5430 1884 5483 Ideo
1932 5449 2119 5500 nempe
2168 5450 2352 5487 socrus

795 5511 939 5564 Petri
968 5514 1030 5565 de
1058 5514 1206 5567 febre
1245 5518 1531 5583 convaluit,
1562 5528 1618 5571 ut
1660 5520 1881 5573 Domino
1922 5537 2015 5589 per
2052 5524 2351 5578 sedulitatis

796 5602 1103 5671 obsequium
1148 5604 1473 5661 ministraret
1513 5608 1725 5675 (Matt/1.
1762 5626 1831 5678 t1;
1871 5610 2036 5665 Harc.
2069 5613 2184 5685 tu).
2229 5614 2351 5667 Ideo

2375 4416 2424 4474 D

2520 1882 2764 1937 Posthaac
2788 1884 3014 1937 veniunt
3042 1884 3092 1937 in
3118 1883 3402 1953 Raphidin.
3434 1886 3834 1957 Interpretatur
3859 1890 4049 1960 itaque

2450 1974 2711 2042 Raphidin
2743 1972 2859 2027 laus
2891 1974 3105 2041 judicii.
3143 1974 3209 2028 Et
3238 1984 3387 2029 certe
3423 1980 3557 2029 satis
3595 1992 3862 2048 congrue.
3897 1987 3961 2033 ut
3986 1986 4053 2035 ει.

2448 2062 2599 2117 labor
2623 2062 2907 2116 antecedat
2931 2063 3163 2129 laudem,
3189 2074 3244 2119 et
3271 2064 3389 2119 laus
3414 2068 3703 2135 proveniat
3729 2078 3858 2136 post
3886 2068 4048 2125 laba-

2450 2165 2581 2205 rem.
2614 2149 2811 2204 Verum
2844 2165 2953 2205 non
3000 2150 3368 2220 cujuscunque
3399 2154 3496 2214 rei,
3544 2154 3639 2209 sed
3683 2154 3807 2209 laus
3821 2155 4047 2223 iudicii,

2450 2241 2590 2314 [quae
2614 2242 2766 2313 add.]
2788 2242 3033 2297 videlicet
3059 2244 3125 2296 de
3160 2244 3382 2297 rationis
3408 2242 3619 2311 judicio
3647 2247 3905 2314 prodeat,
3936 2263 4047 2301 non
4124 2278 4129 2281 λ

2448 2330 2566 2384 laus
2621 2344 2739 2398 qua:
2776 2330 2842 2384 de
2885 2330 3152 2400 superbia:
3193 2332 3430 2385 vanitate
3472 2334 3758 2399 procedat.
3797 2352 3817 2384 ο
3859 2334 4047 2403 Spiri-

2446 2417 2609 2471 tualis
2638 2418 2780 2470 enim
2810 2418 2969 2471 homo
2991 2418 3194 2485 iudicat
3220 2419 3420 2483 omnia,
3448 2430 3503 2474 et
3527 2436 3555 2471 a
3585 2421 3804 2476 nemine
3827 2421 4050 2488 judica-

2451 2516 2536 2557 tur
2563 2503 2611 2573 (Ι
2643 2502 2765 2556 Cor.
2798 2504 2879 2574 ιι).
2915 2524 2933 2555 ι
2970 2504 3333 2572 Reperiuntur
3365 2516 3420 2559 et
3465 2507 3584 2560 alite
3630 2508 3825 2561 horum
3864 2509 4054 2565 nomi-

2449 2610 2575 2650 num
2607 2595 3110 2661 interpretationes;
3156 2595 3251 2649 sed
3282 2596 3327 2648 si
3370 2605 3588 2660 cuncta,
3620 2611 3743 2665 qua:
3783 2598 3951 2653 nobis
3989 2598 4052 2654 in

2451 2684 2549 2737 hac
2579 2685 2803 2738 materia
2834 2695 3146 2753 suggerunt,
3176 2686 3572 2754 amplectimur,
3604 2686 3720 2755 jam
3767 2703 3878 2741 non
3928 2703 4058 2745 ser-

2450 2774 2660 2827 vahitur
2687 2774 2994 2841 epistolaris
3020 2776 3151 2829 ordo
3176 2778 3501 2844 compendii,
3526 2781 3620 2832 sed
3654 2779 3877 2833 onerosi
3911 2795 4055 2835 con-

2450 2872 2633 2931 surget
2659 2863 2951 2916 enormitas
2982 2864 3127 2918 libri.
3172 2865 3537 2921 lsraelitarum
3567 2883 3698 2937 ergo
3720 2870 4054 2924 mansiones

2451 2953 2721 3007 succincte
2751 2954 3191 3019 transcurrimus,
3236 2971 3341 3008 nou
3390 2966 3451 3011 ut
3492 2973 3679 3011 earum
3723 2969 4054 3013 scrutemur

2452 3055 2646 3093 arcana
2680 3040 2946 3097 cubicula.
2994 3043 3086 3095 sed
3132 3052 3192 3097 ut
3238 3044 3292 3098 in
3320 3060 3507 3099 earum
3544 3047 3879 3108 nominibus.
3919 3059 4052 3102 tan-

2449 3144 2606 3198 quam
2638 3130 2907 3183 exteriora
2934 3132 3197 3198 parietum
3223 3132 3545 3201 simpliciter
3571 3137 3957 3193 ostendamus.

2518 3217 2719 3270 Deinde
2745 3219 2965 3272 veniunt
3000 3222 3053 3273 in
3082 3220 3349 3275 desertum
3378 3222 3549 3278 Sinai.
3581 3224 3717 3290 Sim,
3742 3242 3915 3294 quam
3946 3244 4051 3285 su-

2446 3305 2628 3372 perius
2656 3306 2906 3368 diximus,
2951 3317 3005 3360 et
3035 3307 3205 3371 Sinai,
3236 3326 3402 3365 ttnum
3430 3328 3539 3365 non
3584 3315 3885 3384 ambigitur
3914 3330 4054 3374 esse

2449 3394 2752 3458 desertum;
2783 3395 2874 3448 sed
2903 3394 2997 3449 Sin
3031 3396 3230 3451 dicitur
3266 3400 3379 3467 ipsa
3410 3401 3682 3469 planities.
3722 3401 3876 3459 Sinai
3909 3421 4057 3465 vero

2452 3497 2604 3535 mons
2632 3489 2714 3535 est
2744 3482 2795 3535 in
2819 3485 3007 3537 eadem
3040 3487 3448 3553 supereminens
3476 3490 3791 3554 solitudine,
3824 3493 3875 3545 in
3929 3509 4051 3565 quo

2450 3572 2700 3624 nimirum
2735 3571 2990 3627 Dominus
3011 3574 3147 3645 legis
3176 3577 3350 3631 edicta
3381 3580 3708 3647 promulgat,
3740 3591 3795 3635 et
3820 3582 4055 3655 Moyses

2452 3660 2854 3714 tabernaculum
2899 3662 3128 3717 fabricat
3157 3664 3352 3734 (Exod.
3390 3668 3561 3737 xxiv).
3610 3670 3674 3722 Et
3719 3672 3823 3725 hoc
3864 3675 4053 3742 aptis-

2448 3749 2583 3801 sime
2624 3750 2890 3817 cougruit,
2920 3760 2975 3802 ut
3019 3762 3299 3819 postquam
3352 3756 3690 3811 rationabilis
3720 3760 3907 3813 anima
3956 3777 4056 3818 re-

2449 3846 2592 3887 ctum
2631 3852 2692 3889 ac
2716 3850 2811 3903 per
2834 3837 2993 3909 564
3016 3840 3113 3891 hoc
3137 3840 3402 3895 laudabile
3424 3845 3652 3911 rmperit
3672 3846 3876 3900 habere
3893 3849 4055 3917 judi-

2450 3924 2614 3985 cium,
2664 3936 2788 3979 tunc
2836 3928 2886 3978 iu
2932 3943 2991 3979 se
3021 3928 3127 3981 Deo
3158 3944 3255 3982 suo
3282 3940 3560 3984 construat
3592 3934 4047 3999 tabernaculum.

2450 4021 2504 4067 et
2530 4015 2688 4082 digna
2714 4015 2822 4083 jam
2852 4014 3124 4070 Creatoris
3149 4017 3400 4086 alloquio,
3432 4020 3738 4075 caelestium
3766 4026 4053 4095 percipiat

2452 4102 2707 4170 mysteria
2739 4104 3132 4158 mandatorum.

2519 4189 2644 4242 Post
2668 4191 2779 4243 haec
2801 4192 3024 4259 profecti
3048 4202 3175 4247 sunt
3197 4195 3263 4247 ad
3286 4196 3530 4264 sepulcra
3551 4202 4048 4272 concupiscentia.

2450 4281 2536 4334 ubi
2570 4281 2773 4335 scilicet
2808 4284 3031 4351 pulcher
3056 4286 3186 4338 ordo
3216 4287 3539 4341 contexitur.
3574 4288 3712 4369 Nam
3745 4306 3869 4344 cum
3905 4294 4047 4351 felix

2451 4369 2626 4422 anima
2656 4385 2753 4423 suo
2778 4373 2848 4424 sit
2878 4372 3277 4426 tabernaculum
3307 4373 3576 4438 Creatori,
3610 4392 3733 4431 cum
3759 4383 4050 4439 mandatis

2449 4458 2643 4509 divinze
2672 4458 2805 4525 legis
2854 4459 3054 4513 intenta
3094 4461 3205 4528 jam
3253 4464 3749 4530 conperitcualestia
3785 4479 4047 4527 contem-

2450 4547 2610 4614 plari;
2655 4564 2777 4602 mox
2816 4552 3156 4605 aestuantiutn
3208 4553 3461 4608 vitiorum
3506 4556 3671 4609 ardor
3719 4557 4041 4627 exstingui-

2448 4647 2559 4699 tur,
2584 4648 2635 4691 ct
2659 4640 2831 4694 omnis
2856 4642 3087 4695 carnalis
3117 4642 3379 4698 illecebrae
3400 4647 3841 4713 concnpiscentia
3877 4664 4047 4718 sepe-

2447 4726 2605 4791 litur;
2640 4736 2695 4780 ut
2726 4744 2827 4782 non
2853 4730 2963 4797 jam
2994 4746 3120 4785 caro
3146 4746 3203 4786 se
3235 4734 3493 4788 adversus
3515 4736 3764 4803 spiritum
3791 4750 4042 4803 moveat,

2452 4829 2557 4866 non
2588 4818 2840 4871 adversus
2886 4833 3099 4873 carnem
3144 4822 3362 4889 spiritus
3392 4825 3745 4893 concupiscat
3774 4825 3921 4894 (Gal.
3955 4833 4040 4897 ν).

2517 4903 2641 4957 Inde
2663 4906 2921 4960 transitur
2938 4909 2992 4960 in
3015 4907 3264 4973 Aseroth,
3286 4912 3427 4978 quod
3451 4912 3863 4978 interpretatur,
3891 4917 4043 4971 atria

2448 4994 2691 5063 perfecta,
2716 4998 2798 5051 vel
2826 5000 3108 5052 beatizudo.
3140 5002 3223 5062 Et,
3250 5017 3282 5055 ο
3303 5018 3463 5071 quam
3494 5007 3721 5077 pulcher
3748 5011 3887 5064 ordo
3914 5027 4042 5083 my-

2450 5086 2619 5149 sterii,
2651 5103 2810 5155 quam
2842 5089 3037 5144 decora
3062 5092 3228 5145 series
3260 5096 3557 5160 spiritualis
3584 5098 3945 5155 incrementi!
3980 5110 4041 5157 ut

2450 5182 2730 5241 postquam
2773 5176 3045 5242 sepelieris
3081 5182 3542 5248 concupiscentias
3581 5186 3785 5251 carnis,
3831 5202 4041 5256 praesto

2450 5263 2730 5327 pervenias
2761 5262 2826 5313 ad
2875 5265 3071 5318 atrium
3115 5267 3459 5334 perfectionis
3489 5281 3544 5325 et
3583 5275 3869 5341 prmmium
3902 5279 4041 5336 bea-

2451 5350 2708 5404 titudinis.
2750 5351 2897 5405 Felix
2936 5352 3133 5416 anima,
3176 5372 3294 5425 quce
3325 5360 3487 5414 nullis
3522 5362 3633 5428 jam
3664 5365 3810 5419 vitiis
3845 5372 4039 5425 carnis

2450 5449 2687 5507 urgetur,
2718 5442 2841 5508 quia
2874 5458 2992 5497 mox
3026 5446 3091 5498 ad
3122 5447 3507 5504 beatitudinem
3538 5454 3907 5521 percipiendae
3945 5477 4035 5515 re-

2453 5531 2835 5584 munerationis
2868 5532 3159 5601 ingreditur
3192 5539 3202 5587 !

2522 5615 2649 5671 Post
2674 5619 2787 5673 haec
2818 5632 3074 5676 venerunt
3114 5624 3166 5676 in
3212 5624 3464 5695 Rcthma,
3494 5633 3606 5686 sive
3634 5633 3897 5691 Pharam.
3932 5639 4042 5693 Re-
