  <div class='ocr_page' id='page_1' title='image "/cluster/home/n/w/nwhite01/storage/ocr_20150623/144-145/uc1.31175001639262/816.png"; bbox 0 0 4540 6362; ppageno 0'>
   <div class='ocr_carea' id='block_1_1' title="bbox 157 371 264 428">
    <p class='ocr_par' dir='ltr' id='par_1_1' title="bbox 157 371 264 428">
     <span class='ocr_line' id='line_1_1' title="bbox 157 371 264 428; baseline -0.019 0"><span class='ocrx_word' id='word_1_1' title='bbox 157 371 264 428; x_wconf 76' lang='grc'><strong>555</strong></span> 
     </span>
    </p>
   </div>
   <div class='ocr_carea' id='block_1_2' title="bbox 1091 354 2623 427">
    <p class='ocr_par' dir='ltr' id='par_1_2' title="bbox 1091 354 2623 427">
     <span class='ocr_line' id='line_1_2' title="bbox 1091 354 2623 427; baseline -0.001 -12"><span class='ocrx_word' id='word_1_2' title='bbox 1091 354 1335 416; x_wconf 84' lang='lat' dir='ltr'><strong>OPUSC.</strong></span> <span class='ocrx_word' id='word_1_3' title='bbox 1377 355 1587 414; x_wconf 78' lang='lat' dir='ltr'><strong>XXXII.</strong></span> <span class='ocrx_word' id='word_1_4' title='bbox 1630 388 1700 399; x_wconf 89' lang='lat'>—</span> <span class='ocrx_word' id='word_1_5' title='bbox 1739 359 1824 414; x_wconf 87' lang='lat' dir='ltr'><strong>DE</strong></span> <span class='ocrx_word' id='word_1_6' title='bbox 1865 357 2431 427; x_wconf 76' lang='lat' dir='ltr'><strong>QUADRAGESIMA,</strong></span> <span class='ocrx_word' id='word_1_7' title='bbox 2471 359 2623 416; x_wconf 86' lang='lat' dir='ltr'><strong>ETC.</strong></span> 
     </span>
    </p>
   </div>
   <div class='ocr_carea' id='block_1_3' title="bbox 3351 367 3460 422">
    <p class='ocr_par' dir='ltr' id='par_1_3' title="bbox 3351 367 3460 422">
     <span class='ocr_line' id='line_1_3' title="bbox 3351 367 3460 422; baseline 0 -1"><span class='ocrx_word' id='word_1_8' title='bbox 3351 367 3460 422; x_wconf 74' lang='grc'><strong>554</strong></span> 
     </span>
    </p>
   </div>
   <div class='ocr_carea' id='block_1_4' title="bbox 153 473 3459 548">
    <p class='ocr_par' dir='ltr' id='par_1_4' title="bbox 153 473 3459 548">
     <span class='ocr_line' id='line_1_4' title="bbox 153 473 3459 548; baseline 0.002 -17"><span class='ocrx_word' id='word_1_9' title='bbox 153 477 323 538; x_wconf 90' lang='lat' dir='ltr'><strong>tbma,</strong></span> <span class='ocrx_word' id='word_1_10' title='bbox 349 473 747 543; x_wconf 87' lang='lat' dir='ltr'><strong>utopinamur,</strong></span> <span class='ocrx_word' id='word_1_11' title='bbox 773 473 1181 542; x_wconf 78' lang='lat' dir='ltr'><strong>interpretatur,</strong></span> <span class='ocrx_word' id='word_1_12' title='bbox 1206 475 1332 528; x_wconf 82' lang='lat' dir='ltr'><strong>visio</strong></span> <span class='ocrx_word' id='word_1_13' title='bbox 1358 484 1748 538; x_wconf 81' lang='lat' dir='ltr'><strong>consummata;</strong></span> <span class='ocrx_word' id='word_1_14' title='bbox 1780 479 1830 537; x_wconf 82' lang='grc' dir='ltr'>Α</span> <span class='ocrx_word' id='word_1_15' title='bbox 1860 483 1964 541; x_wconf 85' lang='grc' dir='ltr'>ιιιι·,</span> <span class='ocrx_word' id='word_1_16' title='bbox 2006 485 2060 529; x_wconf 89' lang='lat' dir='ltr'><strong>et</strong></span> <span class='ocrx_word' id='word_1_17' title='bbox 2108 492 2214 538; x_wconf 85' lang='lat' dir='ltr'><strong>non</strong></span> <span class='ocrx_word' id='word_1_18' title='bbox 2270 477 2585 545; x_wconf 78' lang='lat' dir='ltr'><strong>incongrue.</strong></span> <span class='ocrx_word' id='word_1_19' title='bbox 2632 475 2687 529; x_wconf 81' lang='lat' dir='ltr'><strong>Si</strong></span> <span class='ocrx_word' id='word_1_20' title='bbox 2747 478 2889 531; x_wconf 85' lang='lat' dir='ltr'><strong>enim</strong></span> <span class='ocrx_word' id='word_1_21' title='bbox 2934 489 3052 548; x_wconf 81' lang='lat' dir='ltr'><strong>post</strong></span> <span class='ocrx_word' id='word_1_22' title='bbox 3104 478 3459 547; x_wconf 75' lang='lat' dir='ltr'><strong>perfectionis</strong></span> 
     </span>
    </p>
   </div>
   <div class='ocr_carea' id='block_1_5' title="bbox 148 561 1755 631">
    <p class='ocr_par' dir='ltr' id='par_1_5' title="bbox 148 561 1755 631">
     <span class='ocr_line' id='line_1_5' title="bbox 148 561 1755 631; baseline -0.002 -11"><span class='ocrx_word' id='word_1_23' title='bbox 148 561 386 620; x_wconf 87' lang='lat' dir='ltr'><strong>Pbaram</strong></span> <span class='ocrx_word' id='word_1_24' title='bbox 417 578 577 627; x_wconf 91' lang='lat' dir='ltr'><strong>vero,</strong></span> <span class='ocrx_word' id='word_1_25' title='bbox 611 561 810 617; x_wconf 78' lang='lat' dir='ltr'><strong>uisibile</strong></span> <span class='ocrx_word' id='word_1_26' title='bbox 840 578 916 615; x_wconf 82' lang='lat' dir='ltr'><strong>os.</strong></span> <span class='ocrx_word' id='word_1_27' title='bbox 956 562 1013 615; x_wconf 91' lang='lat' dir='ltr'><strong>ln</strong></span> <span class='ocrx_word' id='word_1_28' title='bbox 1042 562 1238 630; x_wconf 86' lang='lat' dir='ltr'><strong>quibus</strong></span> <span class='ocrx_word' id='word_1_29' title='bbox 1264 561 1394 631; x_wconf 83' lang='lat' dir='ltr'><strong>quid</strong></span> <span class='ocrx_word' id='word_1_30' title='bbox 1418 562 1562 616; x_wconf 84' lang='lat' dir='ltr'><strong>aliud</strong></span> <span class='ocrx_word' id='word_1_31' title='bbox 1596 563 1755 618; x_wconf 87' lang='lat' dir='ltr'><strong>intel-</strong></span> 
     </span>
    </p>
   </div>
   <div class='ocr_carea' id='block_1_6' title="bbox 147 650 1758 722">
    <p class='ocr_par' dir='ltr' id='par_1_6' title="bbox 147 650 1758 722">
     <span class='ocr_line' id='line_1_6' title="bbox 147 650 1758 722; baseline 0.001 -15"><span class='ocrx_word' id='word_1_32' title='bbox 147 651 355 722; x_wconf 83' lang='lat' dir='ltr'><strong>ligitur,</strong></span> <span class='ocrx_word' id='word_1_33' title='bbox 397 652 506 706; x_wconf 90' lang='lat' dir='ltr'><strong>nisi</strong></span> <span class='ocrx_word' id='word_1_34' title='bbox 541 661 601 705; x_wconf 91' lang='lat' dir='ltr'><strong>ut</strong></span> <span class='ocrx_word' id='word_1_35' title='bbox 647 659 835 704; x_wconf 89' lang='lat' dir='ltr'><strong>sancta</strong></span> <span class='ocrx_word' id='word_1_36' title='bbox 866 650 1120 719; x_wconf 71' lang='lat' dir='ltr'><strong>quaelibet</strong></span> <span class='ocrx_word' id='word_1_37' title='bbox 1148 653 1329 706; x_wconf 89' lang='lat' dir='ltr'><strong>anima</strong></span> <span class='ocrx_word' id='word_1_38' title='bbox 1368 661 1490 721; x_wconf 89' lang='lat' dir='ltr'><strong>post</strong></span> <span class='ocrx_word' id='word_1_39' title='bbox 1522 653 1758 722; x_wconf 88' lang='lat' dir='ltr'><strong>sepultas</strong></span> 
     </span>
    </p>
   </div>
   <div class='ocr_carea' id='block_1_7' title="bbox 145 740 1756 812">
    <p class='ocr_par' dir='ltr' id='par_1_7' title="bbox 145 740 1756 812">
     <span class='ocr_line' id='line_1_7' title="bbox 145 740 1756 812; baseline -0.001 -15"><span class='ocrx_word' id='word_1_40' title='bbox 145 740 256 812; x_wconf 85' lang='lat' dir='ltr'><strong>jam</strong></span> <span class='ocrx_word' id='word_1_41' title='bbox 284 742 475 797; x_wconf 90' lang='lat' dir='ltr'><strong>carnis</strong></span> <span class='ocrx_word' id='word_1_42' title='bbox 497 741 990 810; x_wconf 89' lang='lat' dir='ltr'><strong>concupiscentias,</strong></span> <span class='ocrx_word' id='word_1_43' title='bbox 1020 743 1280 812; x_wconf 78' lang='lat' dir='ltr'><strong>perducta</strong></span> <span class='ocrx_word' id='word_1_44' title='bbox 1319 742 1433 812; x_wconf 88' lang='lat' dir='ltr'><strong>jam</strong></span> <span class='ocrx_word' id='word_1_45' title='bbox 1463 743 1532 798; x_wconf 89' lang='lat' dir='ltr'><strong>ad</strong></span> <span class='ocrx_word' id='word_1_46' title='bbox 1560 743 1756 797; x_wconf 90' lang='lat' dir='ltr'><strong>atrium</strong></span> 
     </span>
    </p>
   </div>
   <div class='ocr_carea' id='block_1_8' title="bbox 147 833 1758 906">
    <p class='ocr_par' dir='ltr' id='par_1_8' title="bbox 147 833 1758 906">
     <span class='ocr_line' id='line_1_8' title="bbox 147 833 1758 906; baseline -0.001 -16"><span class='ocrx_word' id='word_1_47' title='bbox 147 833 536 906; x_wconf 75' lang='lat' dir='ltr'><strong>perfectionis,</strong></span> <span class='ocrx_word' id='word_1_48' title='bbox 569 847 764 888; x_wconf 89' lang='lat' dir='ltr'><strong>secura</strong></span> <span class='ocrx_word' id='word_1_49' title='bbox 793 835 861 886; x_wconf 91' lang='lat' dir='ltr'><strong>de</strong></span> <span class='ocrx_word' id='word_1_50' title='bbox 889 834 1116 903; x_wconf 65' lang='lat' dir='ltr'><strong>praemio</strong></span> <span class='ocrx_word' id='word_1_51' title='bbox 1143 833 1498 890; x_wconf 73' lang='lat' dir='ltr'><strong>beatitudinis</strong></span> <span class='ocrx_word' id='word_1_52' title='bbox 1530 835 1598 889; x_wconf 85' lang='lat' dir='ltr'><strong>ad</strong></span> <span class='ocrx_word' id='word_1_53' title='bbox 1628 851 1758 889; x_wconf 86' lang='lat' dir='ltr'><strong>con-</strong></span> 
     </span>
    </p>
   </div>
   <div class='ocr_carea' id='block_1_9' title="bbox 147 923 1758 995">
    <p class='ocr_par' dir='ltr' id='par_1_9' title="bbox 147 923 1758 995">
     <span class='ocr_line' id='line_1_9' title="bbox 147 923 1758 995; baseline -0.001 -13"><span class='ocrx_word' id='word_1_54' title='bbox 147 933 482 982; x_wconf 79' lang='lat' dir='ltr'><strong>summatam</strong></span> <span class='ocrx_word' id='word_1_55' title='bbox 511 939 642 980; x_wconf 80' lang='lat' dir='ltr'><strong>mox</strong></span> <span class='ocrx_word' id='word_1_56' title='bbox 669 924 764 979; x_wconf 88' lang='lat' dir='ltr'><strong>Dei</strong></span> <span class='ocrx_word' id='word_1_57' title='bbox 793 925 1054 981; x_wconf 82' lang='lat' dir='ltr'><strong>visionem</strong></span> <span class='ocrx_word' id='word_1_58' title='bbox 1080 926 1280 990; x_wconf 83' lang='lat' dir='ltr'><strong>veniat,</strong></span> <span class='ocrx_word' id='word_1_59' title='bbox 1304 923 1526 995; x_wconf 87' lang='lat' dir='ltr'><strong>ejusque</strong></span> <span class='ocrx_word' id='word_1_60' title='bbox 1549 925 1758 981; x_wconf 81' lang='lat' dir='ltr'><strong>visibile</strong></span> 
     </span>
    </p>
   </div>
   <div class='ocr_carea' id='block_1_10' title="bbox 148 1015 1758 1086">
    <p class='ocr_par' dir='ltr' id='par_1_10' title="bbox 148 1015 1758 1086">
     <span class='ocr_line' id='line_1_10' title="bbox 148 1015 1758 1086; baseline -0.001 -12"><span class='ocrx_word' id='word_1_61' title='bbox 148 1034 229 1084; x_wconf 90' lang='lat' dir='ltr'><strong>os,</strong></span> <span class='ocrx_word' id='word_1_62' title='bbox 273 1018 378 1073; x_wconf 87' lang='lat' dir='ltr'><strong>hoc</strong></span> <span class='ocrx_word' id='word_1_63' title='bbox 408 1025 532 1082; x_wconf 90' lang='lat' dir='ltr'><strong>est,</strong></span> <span class='ocrx_word' id='word_1_64' title='bbox 567 1026 890 1086; x_wconf 76' lang='lat' dir='ltr'><strong>praesentem</strong></span> <span class='ocrx_word' id='word_1_65' title='bbox 930 1016 1023 1070; x_wconf 90' lang='lat' dir='ltr'><strong>Dei</strong></span> <span class='ocrx_word' id='word_1_66' title='bbox 1067 1017 1299 1085; x_wconf 86' lang='lat' dir='ltr'><strong>speciem</strong></span> <span class='ocrx_word' id='word_1_67' title='bbox 1335 1017 1560 1072; x_wconf 88' lang='lat' dir='ltr'><strong>cernat?</strong></span> <span class='ocrx_word' id='word_1_68' title='bbox 1605 1015 1758 1072; x_wconf 88' lang='lat' dir='ltr'><strong>Nunc</strong></span> 
     </span>
    </p>
   </div>
   <div class='ocr_carea' id='block_1_11' title="bbox 149 1105 1754 1177">
    <p class='ocr_par' dir='ltr' id='par_1_11' title="bbox 149 1105 1754 1177">
     <span class='ocr_line' id='line_1_11' title="bbox 149 1105 1754 1177; baseline -0.001 -14"><span class='ocrx_word' id='word_1_69' title='bbox 149 1107 291 1163; x_wconf 88' lang='lat' dir='ltr'><strong>enim</strong></span> <span class='ocrx_word' id='word_1_70' title='bbox 319 1107 580 1162; x_wconf 85' lang='lat' dir='ltr'><strong>videmus</strong></span> <span class='ocrx_word' id='word_1_71' title='bbox 603 1122 750 1171; x_wconf 90' lang='lat' dir='ltr'><strong>eum,</strong></span> <span class='ocrx_word' id='word_1_72' title='bbox 775 1106 914 1160; x_wconf 88' lang='lat' dir='ltr'><strong>sicut</strong></span> <span class='ocrx_word' id='word_1_73' title='bbox 942 1105 1074 1161; x_wconf 90' lang='lat' dir='ltr'><strong>dicit</strong></span> <span class='ocrx_word' id='word_1_74' title='bbox 1097 1107 1409 1177; x_wconf 84' lang='lat' dir='ltr'><strong>Apostolus,</strong></span> <span class='ocrx_word' id='word_1_75' title='bbox 1435 1109 1488 1161; x_wconf 93' lang='lat' dir='ltr'><strong>in</strong></span> <span class='ocrx_word' id='word_1_76' title='bbox 1515 1108 1754 1177; x_wconf 89' lang='lat' dir='ltr'><strong>speculo,</strong></span> 
     </span>
    </p>
   </div>
   <div class='ocr_carea' id='block_1_12' title="bbox 151 1197 1750 1270">
    <p class='ocr_par' dir='ltr' id='par_1_12' title="bbox 151 1197 1750 1270">
     <span class='ocr_line' id='line_1_12' title="bbox 151 1197 1750 1270; baseline -0.001 -16"><span class='ocrx_word' id='word_1_77' title='bbox 151 1208 206 1254; x_wconf 89' lang='lat' dir='ltr'><strong>et</strong></span> <span class='ocrx_word' id='word_1_78' title='bbox 231 1201 282 1255; x_wconf 91' lang='lat' dir='ltr'><strong>in</strong></span> <span class='ocrx_word' id='word_1_79' title='bbox 313 1200 648 1270; x_wconf 71' lang='lat' dir='ltr'><strong>aenigmate;</strong></span> <span class='ocrx_word' id='word_1_80' title='bbox 681 1207 810 1251; x_wconf 89' lang='lat' dir='ltr'><strong>tunc</strong></span> <span class='ocrx_word' id='word_1_81' title='bbox 840 1206 1021 1252; x_wconf 92' lang='lat' dir='ltr'><strong>autem</strong></span> <span class='ocrx_word' id='word_1_82' title='bbox 1053 1197 1194 1254; x_wconf 88' lang='lat' dir='ltr'><strong>facie</strong></span> <span class='ocrx_word' id='word_1_83' title='bbox 1227 1200 1293 1253; x_wconf 91' lang='lat' dir='ltr'><strong>ad</strong></span> <span class='ocrx_word' id='word_1_84' title='bbox 1323 1198 1516 1254; x_wconf 80' lang='lat' dir='ltr'><strong>faciem</strong></span> <span class='ocrx_word' id='word_1_85' title='bbox 1549 1198 1597 1268; x_wconf 87' lang='grc' dir='ltr'><strong>(Ι</strong></span> <span class='ocrx_word' id='word_1_86' title='bbox 1629 1198 1750 1254; x_wconf 89' lang='lat' dir='ltr'><strong>Cor.</strong></span> 
     </span>
    </p>
   </div>
   <div class='ocr_carea' id='block_1_13' title="bbox 147 1291 1754 1363">
    <p class='ocr_par' dir='ltr' id='par_1_13' title="bbox 147 1291 1754 1363">
     <span class='ocr_line' id='line_1_13' title="bbox 147 1291 1754 1363; baseline 0 -17"><span class='ocrx_word' id='word_1_87' title='bbox 147 1291 268 1363; x_wconf 71' lang='lat' dir='ltr'>XIII)</span> <span class='ocrx_word' id='word_1_88' title='bbox 293 1306 308 1346; x_wconf 74' lang='grc'><strong>2</strong></span> <span class='ocrx_word' id='word_1_89' title='bbox 336 1300 390 1348; x_wconf 91' lang='lat' dir='ltr'><strong>et</strong></span> <span class='ocrx_word' id='word_1_90' title='bbox 420 1306 575 1345; x_wconf 90' lang='lat' dir='ltr'><strong>nunc</strong></span> <span class='ocrx_word' id='word_1_91' title='bbox 599 1305 869 1360; x_wconf 72' lang='lat' dir='ltr'><strong>cognosco</strong></span> <span class='ocrx_word' id='word_1_92' title='bbox 894 1305 960 1346; x_wconf 76' lang='grc' dir='ltr'><strong>ΘΧ</strong></span> <span class='ocrx_word' id='word_1_93' title='bbox 989 1299 1165 1360; x_wconf 90' lang='lat' dir='ltr'><strong>parte,</strong></span> <span class='ocrx_word' id='word_1_94' title='bbox 1192 1300 1319 1348; x_wconf 90' lang='lat' dir='ltr'><strong>tunc</strong></span> <span class='ocrx_word' id='word_1_95' title='bbox 1348 1301 1528 1347; x_wconf 90' lang='lat' dir='ltr'><strong>autem</strong></span> <span class='ocrx_word' id='word_1_96' title='bbox 1556 1307 1754 1363; x_wconf 83' lang='lat' dir='ltr'><strong>cogno-</strong></span> 
     </span>
    </p>
   </div>
   <div class='ocr_carea' id='block_1_14' title="bbox 145 1383 1750 1456">
    <p class='ocr_par' dir='ltr' id='par_1_14' title="bbox 145 1383 1750 1456">
     <span class='ocr_line' id='line_1_14' title="bbox 145 1383 1750 1456; baseline 0.001 -16"><span class='ocrx_word' id='word_1_97' title='bbox 145 1400 316 1448; x_wconf 83' lang='lat' dir='ltr'><strong>scam,</strong></span> <span class='ocrx_word' id='word_1_98' title='bbox 340 1384 487 1438; x_wconf 87' lang='lat' dir='ltr'><strong>sicut</strong></span> <span class='ocrx_word' id='word_1_99' title='bbox 514 1391 575 1438; x_wconf 87' lang='lat' dir='ltr'><strong>et</strong></span> <span class='ocrx_word' id='word_1_100' title='bbox 603 1383 852 1453; x_wconf 91' lang='lat' dir='ltr'><strong>cognitus</strong></span> <span class='ocrx_word' id='word_1_101' title='bbox 876 1398 1016 1438; x_wconf 91' lang='lat' dir='ltr'><strong>sum.</strong></span> <span class='ocrx_word' id='word_1_102' title='bbox 1042 1384 1171 1451; x_wconf 85' lang='lat' dir='ltr'><strong>Quae</strong></span> <span class='ocrx_word' id='word_1_103' title='bbox 1198 1393 1375 1440; x_wconf 91' lang='lat' dir='ltr'><strong>tamen</strong></span> <span class='ocrx_word' id='word_1_104' title='bbox 1397 1386 1599 1450; x_wconf 86' lang='lat' dir='ltr'><strong>omnia,</strong></span> <span class='ocrx_word' id='word_1_105' title='bbox 1627 1387 1750 1456; x_wconf 90' lang='lat' dir='ltr'><strong>quia</strong></span> 
     </span>
    </p>
   </div>
   <div class='ocr_carea' id='block_1_15' title="bbox 146 1475 1754 1548">
    <p class='ocr_par' dir='ltr' id='par_1_15' title="bbox 146 1475 1754 1548">
     <span class='ocr_line' id='line_1_15' title="bbox 146 1475 1754 1548; baseline 0 -16"><span class='ocrx_word' id='word_1_106' title='bbox 146 1476 316 1532; x_wconf 79' lang='lat' dir='ltr'><strong>sancti</strong></span> <span class='ocrx_word' id='word_1_107' title='bbox 351 1475 592 1544; x_wconf 84' lang='lat' dir='ltr'><strong>quilibet</strong></span> <span class='ocrx_word' id='word_1_108' title='bbox 621 1476 676 1528; x_wconf 88' lang='lat' dir='ltr'><strong>in</strong></span> <span class='ocrx_word' id='word_1_109' title='bbox 709 1490 872 1530; x_wconf 91' lang='lat' dir='ltr'><strong>carne</strong></span> <span class='ocrx_word' id='word_1_110' title='bbox 903 1477 1205 1541; x_wconf 88' lang='lat' dir='ltr'><strong>constituti,</strong></span> <span class='ocrx_word' id='word_1_111' title='bbox 1233 1477 1435 1533; x_wconf 89' lang='lat' dir='ltr'><strong>habere</strong></span> <span class='ocrx_word' id='word_1_112' title='bbox 1477 1487 1754 1548; x_wconf 87' lang='lat' dir='ltr'><strong>nequeunt</strong></span> 
     </span>
    </p>
   </div>
   <div class='ocr_carea' id='block_1_16' title="bbox 145 1564 1749 1638">
    <p class='ocr_par' dir='ltr' id='par_1_16' title="bbox 145 1564 1749 1638">
     <span class='ocr_line' id='line_1_16' title="bbox 145 1564 1749 1638; baseline 0.002 -19"><span class='ocrx_word' id='word_1_113' title='bbox 145 1565 376 1636; x_wconf 89' lang='lat' dir='ltr'><strong>pleniter</strong></span> <span class='ocrx_word' id='word_1_114' title='bbox 403 1565 458 1619; x_wconf 93' lang='lat' dir='ltr'><strong>in</strong></span> <span class='ocrx_word' id='word_1_115' title='bbox 485 1579 571 1629; x_wconf 92' lang='lat' dir='ltr'><strong>re,</strong></span> <span class='ocrx_word' id='word_1_116' title='bbox 590 1565 704 1634; x_wconf 89' lang='lat' dir='ltr'><strong>jam</strong></span> <span class='ocrx_word' id='word_1_117' title='bbox 729 1565 928 1618; x_wconf 85' lang='lat' dir='ltr'><strong>habent</strong></span> <span class='ocrx_word' id='word_1_118' title='bbox 958 1566 1012 1618; x_wconf 92' lang='lat' dir='ltr'><strong>in</strong></span> <span class='ocrx_word' id='word_1_119' title='bbox 1039 1564 1152 1636; x_wconf 83' lang='lat' dir='ltr'><strong>spe,</strong></span> <span class='ocrx_word' id='word_1_120' title='bbox 1182 1583 1346 1636; x_wconf 92' lang='lat' dir='ltr'><strong>quam</strong></span> <span class='ocrx_word' id='word_1_121' title='bbox 1376 1567 1582 1624; x_wconf 86' lang='lat' dir='ltr'><strong>scilicet</strong></span> <span class='ocrx_word' id='word_1_122' title='bbox 1603 1584 1749 1638; x_wconf 91' lang='lat' dir='ltr'><strong>spem</strong></span> 
     </span>
    </p>
   </div>
   <div class='ocr_carea' id='block_1_17' title="bbox 143 1655 1747 1726">
    <p class='ocr_par' dir='ltr' id='par_1_17' title="bbox 143 1655 1747 1726">
     <span class='ocr_line' id='line_1_17' title="bbox 143 1655 1747 1726; baseline 0.002 -18"><span class='ocrx_word' id='word_1_123' title='bbox 143 1655 250 1726; x_wconf 86' lang='lat' dir='ltr'><strong>jam</strong></span> <span class='ocrx_word' id='word_1_124' title='bbox 294 1655 676 1709; x_wconf 79' lang='lat' dir='ltr'><strong>firmissimam</strong></span> <span class='ocrx_word' id='word_1_125' title='bbox 735 1663 950 1720; x_wconf 87' lang='lat' dir='ltr'><strong>tenent;</strong></span> <span class='ocrx_word' id='word_1_126' title='bbox 1000 1656 1126 1724; x_wconf 89' lang='lat' dir='ltr'><strong>quia</strong></span> <span class='ocrx_word' id='word_1_127' title='bbox 1174 1655 1434 1726; x_wconf 89' lang='lat' dir='ltr'><strong>Spiriltnu</strong></span> <span class='ocrx_word' id='word_1_128' title='bbox 1479 1669 1747 1724; x_wconf 89' lang='lat' dir='ltr'><strong>sanctmn,</strong></span> 
     </span>
    </p>
   </div>
   <div class='ocr_carea' id='block_1_18' title="bbox 147 1743 1749 1818">
    <p class='ocr_par' dir='ltr' id='par_1_18' title="bbox 147 1743 1749 1818">
     <span class='ocr_line' id='line_1_18' title="bbox 147 1743 1749 1818; baseline 0.002 -18"><span class='ocrx_word' id='word_1_129' title='bbox 147 1747 236 1817; x_wconf 91' lang='lat' dir='ltr'><strong>qui</strong></span> <span class='ocrx_word' id='word_1_130' title='bbox 265 1758 359 1802; x_wconf 85' lang='lat' dir='ltr'><strong>eos</strong></span> <span class='ocrx_word' id='word_1_131' title='bbox 405 1746 461 1800; x_wconf 91' lang='lat' dir='ltr'><strong>in</strong></span> <span class='ocrx_word' id='word_1_132' title='bbox 493 1746 599 1798; x_wconf 66' lang='lat' dir='ltr'><strong>vite</strong></span> <span class='ocrx_word' id='word_1_133' title='bbox 629 1743 788 1813; x_wconf 87' lang='lat' dir='ltr'><strong>hujus</strong></span> <span class='ocrx_word' id='word_1_134' title='bbox 832 1745 1102 1801; x_wconf 89' lang='lat' dir='ltr'><strong>laboribus</strong></span> <span class='ocrx_word' id='word_1_135' title='bbox 1137 1748 1386 1814; x_wconf 87' lang='lat' dir='ltr'><strong>roborat,</strong></span> <span class='ocrx_word' id='word_1_136' title='bbox 1433 1749 1622 1818; x_wconf 84' lang='lat' dir='ltr'><strong>pignus</strong></span> <span class='ocrx_word' id='word_1_137' title='bbox 1653 1750 1749 1804; x_wconf 80' lang='lat' dir='ltr'><strong>ha-</strong></span> 
     </span>
    </p>
   </div>
   <div class='ocr_carea' id='block_1_19' title="bbox 148 1827 1830 1906">
    <p class='ocr_par' dir='ltr' id='par_1_19' title="bbox 148 1827 1830 1906">
     <span class='ocr_line' id='line_1_19' title="bbox 148 1827 1830 1906; baseline 0.002 -17"><span class='ocrx_word' id='word_1_138' title='bbox 148 1835 294 1890; x_wconf 83' lang='lat' dir='ltr'><strong>bent.</strong></span> <span class='ocrx_word' id='word_1_139' title='bbox 323 1834 481 1891; x_wconf 91' lang='lat' dir='ltr'><strong>Unde</strong></span> <span class='ocrx_word' id='word_1_140' title='bbox 506 1842 564 1889; x_wconf 90' lang='lat' dir='ltr'><strong>et</strong></span> <span class='ocrx_word' id='word_1_141' title='bbox 591 1833 680 1888; x_wconf 91' lang='lat' dir='ltr'><strong>illa</strong></span> <span class='ocrx_word' id='word_1_142' title='bbox 710 1835 1110 1905; x_wconf 91' lang='lat' dir='ltr'><strong>interpretatio,</strong></span> <span class='ocrx_word' id='word_1_143' title='bbox 1137 1853 1241 1906; x_wconf 88' lang='lat' dir='ltr'><strong>qua</strong></span> <span class='ocrx_word' id='word_1_144' title='bbox 1268 1837 1498 1892; x_wconf 82' lang='lat' dir='ltr'><strong>Retbma</strong></span> <span class='ocrx_word' id='word_1_145' title='bbox 1527 1842 1748 1906; x_wconf 85' lang='lat' dir='ltr'><strong>sortitus,</strong></span> <span class='ocrx_word' id='word_1_146' title='bbox 1784 1827 1830 1886; x_wconf 81' lang='grc' dir='ltr'><strong>Β</strong></span> 
     </span>
    </p>
   </div>
   <div class='ocr_carea' id='block_1_20' title="bbox 147 1923 1751 1997">
    <p class='ocr_par' dir='ltr' id='par_1_20' title="bbox 147 1923 1751 1997">
     <span class='ocr_line' id='line_1_20' title="bbox 147 1923 1751 1997; baseline 0.002 -17"><span class='ocrx_word' id='word_1_147' title='bbox 147 1925 258 1980; x_wconf 83' lang='lat' dir='ltr'><strong>sive</strong></span> <span class='ocrx_word' id='word_1_148' title='bbox 277 1925 572 1995; x_wconf 84' lang='lat' dir='ltr'><strong>juniperus</strong></span> <span class='ocrx_word' id='word_1_149' title='bbox 603 1923 824 1988; x_wconf 93' lang='lat' dir='ltr'><strong>dicitur,</strong></span> <span class='ocrx_word' id='word_1_150' title='bbox 856 1940 960 1980; x_wconf 89' lang='lat' dir='ltr'><strong>non</strong></span> <span class='ocrx_word' id='word_1_151' title='bbox 1007 1926 1301 1997; x_wconf 74' lang='lat' dir='ltr'><strong>incongrua</strong></span> <span class='ocrx_word' id='word_1_152' title='bbox 1323 1925 1615 1994; x_wconf 89' lang='lat' dir='ltr'><strong>judicatur.</strong></span> <span class='ocrx_word' id='word_1_153' title='bbox 1649 1929 1751 1984; x_wconf 86' lang='lat' dir='ltr'><strong>Fe-</strong></span> 
     </span>
    </p>
   </div>
   <div class='ocr_carea' id='block_1_21' title="bbox 147 2013 1752 2088">
    <p class='ocr_par' dir='ltr' id='par_1_21' title="bbox 147 2013 1752 2088">
     <span class='ocr_line' id='line_1_21' title="bbox 147 2013 1752 2088; baseline 0.003 -20"><span class='ocrx_word' id='word_1_154' title='bbox 147 2022 271 2068; x_wconf 86' lang='lat' dir='ltr'><strong>runt</strong></span> <span class='ocrx_word' id='word_1_155' title='bbox 299 2014 447 2068; x_wconf 91' lang='lat' dir='ltr'><strong>enim</strong></span> <span class='ocrx_word' id='word_1_156' title='bbox 498 2013 712 2083; x_wconf 86' lang='lat' dir='ltr'><strong>lignum</strong></span> <span class='ocrx_word' id='word_1_157' title='bbox 744 2015 846 2069; x_wconf 90' lang='lat' dir='ltr'><strong>hoc</strong></span> <span class='ocrx_word' id='word_1_158' title='bbox 896 2015 1072 2083; x_wconf 82' lang='lat' dir='ltr'><strong>ignem</strong></span> <span class='ocrx_word' id='word_1_159' title='bbox 1123 2016 1266 2072; x_wconf 88' lang='lat' dir='ltr'><strong>inse</strong></span> <span class='ocrx_word' id='word_1_160' title='bbox 1300 2017 1459 2088; x_wconf 91' lang='lat' dir='ltr'><strong>longo</strong></span> <span class='ocrx_word' id='word_1_161' title='bbox 1509 2029 1752 2088; x_wconf 88' lang='lat' dir='ltr'><strong>tempore</strong></span> 
     </span>
    </p>
   </div>
   <div class='ocr_carea' id='block_1_22' title="bbox 149 2101 1750 2177">
    <p class='ocr_par' dir='ltr' id='par_1_22' title="bbox 149 2101 1750 2177">
     <span class='ocr_line' id='line_1_22' title="bbox 149 2101 1750 2177; baseline 0.004 -21"><span class='ocrx_word' id='word_1_162' title='bbox 149 2117 474 2157; x_wconf 72' lang='lat' dir='ltr'><strong>conservare</strong></span> <span class='ocrx_word' id='word_1_163' title='bbox 498 2101 678 2172; x_wconf 69' lang='lat' dir='ltr'><strong>(Pun.</strong></span> <span class='ocrx_word' id='word_1_164' title='bbox 708 2101 928 2168; x_wconf 80' lang='lat' dir='ltr'><strong>lib.xvi,</strong></span> <span class='ocrx_word' id='word_1_165' title='bbox 948 2104 1216 2176; x_wconf 77' lang='lat' dir='ltr'><strong>cap.25);</strong></span> <span class='ocrx_word' id='word_1_166' title='bbox 1253 2107 1387 2161; x_wconf 90' lang='lat' dir='ltr'><strong>adeo</strong></span> <span class='ocrx_word' id='word_1_167' title='bbox 1415 2116 1473 2161; x_wconf 92' lang='lat' dir='ltr'><strong>ut</strong></span> <span class='ocrx_word' id='word_1_168' title='bbox 1499 2109 1543 2162; x_wconf 91' lang='lat' dir='ltr'><strong>si</strong></span> <span class='ocrx_word' id='word_1_169' title='bbox 1565 2123 1750 2177; x_wconf 62' lang='lat' dir='ltr'><strong>prunas</strong></span> 
     </span>
    </p>
   </div>
   <div class='ocr_carea' id='block_1_23' title="bbox 146 2180 1746 2266">
    <p class='ocr_par' dir='ltr' id='par_1_23' title="bbox 146 2180 1746 2266">
     <span class='ocr_line' id='line_1_23' title="bbox 146 2180 1746 2266; baseline 0.003 -18"><span class='ocrx_word' id='word_1_170' title='bbox 146 2191 262 2261; x_wconf 79' lang='lat' dir='ltr'><strong>ejus</strong></span> <span class='ocrx_word' id='word_1_171' title='bbox 291 2191 497 2247; x_wconf 83' lang='lat' dir='ltr'><strong>fuerint</strong></span> <span class='ocrx_word' id='word_1_172' title='bbox 538 2180 814 2257; x_wconf 85' lang='lat' dir='ltr'><strong>cineribus</strong></span> <span class='ocrx_word' id='word_1_173' title='bbox 865 2194 1164 2264; x_wconf 86' lang='lat' dir='ltr'><strong>adopertae,</strong></span> <span class='ocrx_word' id='word_1_174' title='bbox 1211 2213 1383 2266; x_wconf 89' lang='lat' dir='ltr'><strong>usque</strong></span> <span class='ocrx_word' id='word_1_175' title='bbox 1433 2199 1499 2252; x_wconf 89' lang='lat' dir='ltr'><strong>ad</strong></span> <span class='ocrx_word' id='word_1_176' title='bbox 1547 2214 1746 2252; x_wconf 90' lang='lat' dir='ltr'><strong>annum</strong></span> 
     </span>
    </p>
   </div>
   <div class='ocr_carea' id='block_1_24' title="bbox 150 2281 1750 2358">
    <p class='ocr_par' dir='ltr' id='par_1_24' title="bbox 150 2281 1750 2358">
     <span class='ocr_line' id='line_1_24' title="bbox 150 2281 1750 2358; baseline 0.006 -21"><span class='ocrx_word' id='word_1_177' title='bbox 150 2281 327 2354; x_wconf 79' lang='lat' dir='ltr'><strong>ignita:</strong></span> <span class='ocrx_word' id='word_1_178' title='bbox 353 2285 705 2354; x_wconf 80' lang='lat' dir='ltr'><strong>perveniant.</strong></span> <span class='ocrx_word' id='word_1_179' title='bbox 739 2284 874 2352; x_wconf 86' lang='lat' dir='ltr'><strong>Quia</strong></span> <span class='ocrx_word' id='word_1_180' title='bbox 900 2301 1030 2358; x_wconf 86' lang='lat' dir='ltr'><strong>ergo</strong></span> <span class='ocrx_word' id='word_1_181' title='bbox 1071 2287 1308 2357; x_wconf 88' lang='lat' dir='ltr'><strong>Spiritus</strong></span> <span class='ocrx_word' id='word_1_182' title='bbox 1335 2299 1576 2357; x_wconf 85' lang='lat' dir='ltr'><strong>sanctus,</strong></span> <span class='ocrx_word' id='word_1_183' title='bbox 1608 2293 1750 2346; x_wconf 81' lang='lat' dir='ltr'><strong>sicut</strong></span> 
     </span>
    </p>
   </div>
   <div class='ocr_carea' id='block_1_25' title="bbox 150 2371 1751 2453">
    <p class='ocr_par' dir='ltr' id='par_1_25' title="bbox 150 2371 1751 2453">
     <span class='ocr_line' id='line_1_25' title="bbox 150 2371 1751 2453; baseline 0.009 -27"><span class='ocrx_word' id='word_1_184' title='bbox 150 2371 364 2446; x_wconf 78' lang='lat' dir='ltr'><strong>legitur,</strong></span> <span class='ocrx_word' id='word_1_185' title='bbox 397 2376 692 2432; x_wconf 88' lang='lat' dir='ltr'><strong>scientiam</strong></span> <span class='ocrx_word' id='word_1_186' title='bbox 729 2377 892 2432; x_wconf 87' lang='lat' dir='ltr'><strong>habet</strong></span> <span class='ocrx_word' id='word_1_187' title='bbox 918 2379 1067 2434; x_wconf 89' lang='lat' dir='ltr'><strong>vocis</strong></span> <span class='ocrx_word' id='word_1_188' title='bbox 1094 2378 1331 2452; x_wconf 45' lang='lat' dir='ltr'><strong>(Sapat),</strong></span> <span class='ocrx_word' id='word_1_189' title='bbox 1365 2392 1421 2437; x_wconf 88' lang='lat' dir='ltr'><strong>et</strong></span> <span class='ocrx_word' id='word_1_190' title='bbox 1452 2384 1504 2437; x_wconf 92' lang='lat' dir='ltr'><strong>in</strong></span> <span class='ocrx_word' id='word_1_191' title='bbox 1535 2393 1751 2453; x_wconf 65' lang='lat' dir='ltr'><strong>apostoo</strong></span> 
     </span>
    </p>
   </div>
   <div class='ocr_carea' id='block_1_26' title="bbox 150 2463 1747 2544">
    <p class='ocr_par' dir='ltr' id='par_1_26' title="bbox 150 2463 1747 2544">
     <span class='ocr_line' id='line_1_26' title="bbox 150 2463 1747 2544; baseline 0.008 -26"><span class='ocrx_word' id='word_1_192' title='bbox 150 2463 235 2520; x_wconf 81' lang='lat' dir='ltr'><strong>les</strong></span> <span class='ocrx_word' id='word_1_193' title='bbox 255 2466 455 2522; x_wconf 89' lang='lat' dir='ltr'><strong>missus</strong></span> <span class='ocrx_word' id='word_1_194' title='bbox 482 2476 570 2522; x_wconf 88' lang='lat' dir='ltr'><strong>est</strong></span> <span class='ocrx_word' id='word_1_195' title='bbox 599 2467 653 2521; x_wconf 93' lang='lat' dir='ltr'><strong>in</strong></span> <span class='ocrx_word' id='word_1_196' title='bbox 677 2469 856 2538; x_wconf 88' lang='lat' dir='ltr'><strong>specie</strong></span> <span class='ocrx_word' id='word_1_197' title='bbox 884 2469 1025 2539; x_wconf 80' lang='lat' dir='ltr'><strong>ignis</strong></span> <span class='ocrx_word' id='word_1_198' title='bbox 1049 2470 1188 2538; x_wconf 82' lang='lat' dir='ltr'><strong>(Act.</strong></span> <span class='ocrx_word' id='word_1_199' title='bbox 1212 2473 1307 2541; x_wconf 85' lang='lat' dir='ltr'><strong>n);</strong></span> <span class='ocrx_word' id='word_1_200' title='bbox 1339 2474 1453 2528; x_wconf 71' lang='lat' dir='ltr'><strong>haec</strong></span> <span class='ocrx_word' id='word_1_201' title='bbox 1485 2475 1747 2544; x_wconf 81' lang='lat' dir='ltr'><strong>interpre-</strong></span> 
     </span>
    </p>
   </div>
   <div class='ocr_carea' id='block_1_27' title="bbox 153 2557 1749 2632">
    <p class='ocr_par' dir='ltr' id='par_1_27' title="bbox 153 2557 1749 2632">
     <span class='ocr_line' id='line_1_27' title="bbox 153 2557 1749 2632; baseline 0.008 -25"><span class='ocrx_word' id='word_1_202' title='bbox 153 2559 303 2618; x_wconf 88' lang='lat' dir='ltr'><strong>tatio,</strong></span> <span class='ocrx_word' id='word_1_203' title='bbox 327 2572 433 2626; x_wconf 86' lang='lat' dir='ltr'><strong>qua</strong></span> <span class='ocrx_word' id='word_1_204' title='bbox 458 2557 698 2612; x_wconf 81' lang='lat' dir='ltr'><strong>Rethma</strong></span> <span class='ocrx_word' id='word_1_205' title='bbox 720 2558 943 2624; x_wconf 85' lang='lat' dir='ltr'><strong>sonitus,</strong></span> <span class='ocrx_word' id='word_1_206' title='bbox 970 2559 1347 2629; x_wconf 80' lang='lat' dir='ltr'><strong>veljuniperus</strong></span> <span class='ocrx_word' id='word_1_207' title='bbox 1371 2562 1568 2616; x_wconf 92' lang='lat' dir='ltr'><strong>dicitur</strong></span> <span class='ocrx_word' id='word_1_208' title='bbox 1588 2565 1749 2632; x_wconf 86' lang='lat' dir='ltr'><strong>aptis-</strong></span> 
     </span>
    </p>
   </div>
   <div class='ocr_carea' id='block_1_28' title="bbox 154 2642 1348 2715">
    <p class='ocr_par' dir='ltr' id='par_1_28' title="bbox 154 2642 1348 2715">
     <span class='ocr_line' id='line_1_28' title="bbox 154 2642 1348 2715; baseline 0.004 -18"><span class='ocrx_word' id='word_1_209' title='bbox 154 2642 282 2698; x_wconf 85' lang='lat' dir='ltr'><strong>sime</strong></span> <span class='ocrx_word' id='word_1_210' title='bbox 313 2645 542 2715; x_wconf 91' lang='lat' dir='ltr'><strong>Spiritui</strong></span> <span class='ocrx_word' id='word_1_211' title='bbox 577 2657 766 2700; x_wconf 88' lang='lat' dir='ltr'><strong>sancto</strong></span> <span class='ocrx_word' id='word_1_212' title='bbox 795 2648 1088 2703; x_wconf 90' lang='lat' dir='ltr'><strong>convenire</strong></span> <span class='ocrx_word' id='word_1_213' title='bbox 1117 2648 1348 2704; x_wconf 90' lang='lat' dir='ltr'><strong>videtur.</strong></span> 
     </span>
    </p>
   </div>
   <div class='ocr_carea' id='block_1_29' title="bbox 220 2732 1746 2807">
    <p class='ocr_par' dir='ltr' id='par_1_29' title="bbox 220 2732 1746 2807">
     <span class='ocr_line' id='line_1_29' title="bbox 220 2732 1746 2807; baseline 0.007 -19"><span class='ocrx_word' id='word_1_214' title='bbox 220 2732 354 2790; x_wconf 81' lang='lat' dir='ltr'><strong>Hinc</strong></span> <span class='ocrx_word' id='word_1_215' title='bbox 395 2736 586 2805; x_wconf 88' lang='lat' dir='ltr'><strong>itaque</strong></span> <span class='ocrx_word' id='word_1_216' title='bbox 614 2737 863 2807; x_wconf 78' lang='lat' dir='ltr'><strong>digressi,</strong></span> <span class='ocrx_word' id='word_1_217' title='bbox 894 2741 1264 2793; x_wconf 88' lang='lat' dir='ltr'><strong>castrametati</strong></span> <span class='ocrx_word' id='word_1_218' title='bbox 1297 2747 1425 2795; x_wconf 88' lang='lat' dir='ltr'><strong>sunt</strong></span> <span class='ocrx_word' id='word_1_219' title='bbox 1457 2743 1509 2796; x_wconf 92' lang='lat' dir='ltr'><strong>in</strong></span> <span class='ocrx_word' id='word_1_220' title='bbox 1540 2743 1746 2799; x_wconf 80' lang='lat' dir='ltr'><strong>Remon</strong></span> 
     </span>
    </p>
   </div>
   <div class='ocr_carea' id='block_1_30' title="bbox 149 2819 1746 2902">
    <p class='ocr_par' dir='ltr' id='par_1_30' title="bbox 149 2819 1746 2902">
     <span class='ocr_line' id='line_1_30' title="bbox 149 2819 1746 2902; baseline 0.006 -25"><span class='ocrx_word' id='word_1_221' title='bbox 149 2819 370 2902; x_wconf 52' lang='lat' dir='ltr'><strong>Ifhares,</strong></span> <span class='ocrx_word' id='word_1_222' title='bbox 385 2825 532 2894; x_wconf 92' lang='lat' dir='ltr'><strong>quod</strong></span> <span class='ocrx_word' id='word_1_223' title='bbox 556 2825 698 2895; x_wconf 89' lang='lat' dir='ltr'><strong>apud</strong></span> <span class='ocrx_word' id='word_1_224' title='bbox 723 2840 844 2890; x_wconf 88' lang='lat' dir='ltr'><strong>nos,</strong></span> <span class='ocrx_word' id='word_1_225' title='bbox 867 2826 1071 2880; x_wconf 72' lang='lat' dir='ltr'><strong>excelsa</strong></span> <span class='ocrx_word' id='word_1_226' title='bbox 1094 2829 1358 2883; x_wconf 82' lang='lat' dir='ltr'><strong>intercisio</strong></span> <span class='ocrx_word' id='word_1_227' title='bbox 1381 2831 1746 2888; x_wconf 84' lang='lat' dir='ltr'><strong>dicitur.-Nam</strong></span> 
     </span>
    </p>
   </div>
   <div class='ocr_carea' id='block_1_31' title="bbox 154 2915 1745 2994">
    <p class='ocr_par' dir='ltr' id='par_1_31' title="bbox 154 2915 1745 2994">
     <span class='ocr_line' id='line_1_31' title="bbox 154 2915 1745 2994; baseline 0.007 -27"><span class='ocrx_word' id='word_1_228' title='bbox 154 2928 271 2968; x_wconf 90' lang='lat' dir='ltr'><strong>cum</strong></span> <span class='ocrx_word' id='word_1_229' title='bbox 299 2916 496 2971; x_wconf 67' lang='lat' dir='ltr'><strong>animae</strong></span> <span class='ocrx_word' id='word_1_230' title='bbox 529 2915 810 2971; x_wconf 87' lang='lat' dir='ltr'><strong>redeuntis</strong></span> <span class='ocrx_word' id='word_1_231' title='bbox 851 2917 920 2970; x_wconf 89' lang='lat' dir='ltr'><strong>ad</strong></span> <span class='ocrx_word' id='word_1_232' title='bbox 945 2917 1113 2972; x_wconf 90' lang='lat' dir='ltr'><strong>Deum</strong></span> <span class='ocrx_word' id='word_1_233' title='bbox 1157 2919 1463 2976; x_wconf 89' lang='lat' dir='ltr'><strong>intellectus</strong></span> <span class='ocrx_word' id='word_1_234' title='bbox 1498 2933 1745 2994; x_wconf 84' lang='lat' dir='ltr'><strong>augetur,</strong></span> 
     </span>
    </p>
   </div>
   <div class='ocr_carea' id='block_1_32' title="bbox 155 3004 1747 3077">
    <p class='ocr_par' dir='ltr' id='par_1_32' title="bbox 155 3004 1747 3077">
     <span class='ocr_line' id='line_1_32' title="bbox 155 3004 1747 3077; baseline 0.009 -23"><span class='ocrx_word' id='word_1_235' title='bbox 155 3011 272 3056; x_wconf 79' lang='lat' dir='ltr'><strong>mox</strong></span> <span class='ocrx_word' id='word_1_236' title='bbox 302 3005 349 3058; x_wconf 90' lang='lat' dir='ltr'><strong>ei</strong></span> <span class='ocrx_word' id='word_1_237' title='bbox 399 3005 564 3059; x_wconf 89' lang='lat' dir='ltr'><strong>datur</strong></span> <span class='ocrx_word' id='word_1_238' title='bbox 605 3004 848 3074; x_wconf 91' lang='lat' dir='ltr'><strong>perfecta</strong></span> <span class='ocrx_word' id='word_1_239' title='bbox 888 3007 1102 3070; x_wconf 86' lang='lat' dir='ltr'><strong>notitia,</strong></span> <span class='ocrx_word' id='word_1_240' title='bbox 1149 3024 1256 3077; x_wconf 87' lang='lat' dir='ltr'><strong>qua</strong></span> <span class='ocrx_word' id='word_1_241' title='bbox 1305 3010 1509 3065; x_wconf 90' lang='lat' dir='ltr'><strong>scilicet</strong></span> <span class='ocrx_word' id='word_1_242' title='bbox 1537 3011 1747 3068; x_wconf 63' lang='lat' dir='ltr'><strong>execlée</strong></span> 
     </span>
    </p>
   </div>
   <div class='ocr_carea' id='block_1_33' title="bbox 155 3095 1744 3161">
    <p class='ocr_par' dir='ltr' id='par_1_33' title="bbox 155 3095 1744 3161">
     <span class='ocr_line' id='line_1_33' title="bbox 155 3095 1744 3161; baseline 0.009 -16"><span class='ocrx_word' id='word_1_243' title='bbox 155 3103 308 3161; x_wconf 85' lang='lat' dir='ltr'><strong>atque</strong></span> <span class='ocrx_word' id='word_1_244' title='bbox 335 3095 649 3148; x_wconf 89' lang='lat' dir='ltr'><strong>sublimiter</strong></span> <span class='ocrx_word' id='word_1_245' title='bbox 678 3097 839 3150; x_wconf 79' lang='lat' dir='ltr'><strong>novit</strong></span> <span class='ocrx_word' id='word_1_246' title='bbox 859 3103 913 3150; x_wconf 89' lang='lat' dir='ltr'><strong>et</strong></span> <span class='ocrx_word' id='word_1_247' title='bbox 938 3105 1154 3151; x_wconf 87' lang='lat' dir='ltr'><strong>terrena</strong></span> <span class='ocrx_word' id='word_1_248' title='bbox 1180 3113 1206 3152; x_wconf 93' lang='lat' dir='ltr'><strong>a</strong></span> <span class='ocrx_word' id='word_1_249' title='bbox 1235 3099 1548 3156; x_wconf 63' lang='lat' dir='ltr'><strong>caelestibus</strong></span> <span class='ocrx_word' id='word_1_250' title='bbox 1577 3103 1744 3159; x_wconf 87' lang='lat' dir='ltr'><strong>inter-</strong></span> 
     </span>
    </p>
   </div>
   <div class='ocr_carea' id='block_1_34' title="bbox 154 3178 2900 3283">
    <p class='ocr_par' dir='ltr' id='par_1_34' title="bbox 154 3178 2900 3283">
     <span class='ocr_line' id='line_1_34' title="bbox 154 3178 2900 3283; baseline 0.009 -47"><span class='ocrx_word' id='word_1_251' title='bbox 154 3181 346 3248; x_wconf 88' lang='lat' dir='ltr'><strong>cidere,</strong></span> <span class='ocrx_word' id='word_1_252' title='bbox 378 3193 432 3238; x_wconf 90' lang='lat' dir='ltr'><strong>et</strong></span> <span class='ocrx_word' id='word_1_253' title='bbox 454 3178 664 3240; x_wconf 86' lang='lat' dir='ltr'><strong>caduca</strong></span> <span class='ocrx_word' id='word_1_254' title='bbox 694 3186 944 3255; x_wconf 65' lang='lat' dir='ltr'><strong>quaelibet</strong></span> <span class='ocrx_word' id='word_1_255' title='bbox 967 3203 1032 3241; x_wconf 91' lang='lat' dir='ltr'><strong>ac</strong></span> <span class='ocrx_word' id='word_1_256' title='bbox 1065 3189 1374 3244; x_wconf 88' lang='lat' dir='ltr'><strong>transitoria</strong></span> <span class='ocrx_word' id='word_1_257' title='bbox 1406 3207 1436 3244; x_wconf 91' lang='lat' dir='ltr'><strong>a</strong></span> <span class='ocrx_word' id='word_1_258' title='bbox 1467 3195 1742 3262; x_wconf 86' lang='lat' dir='ltr'><strong>perpetuis</strong></span> <span class='ocrx_word' id='word_1_259' title='bbox 1769 3179 1814 3242; x_wconf 84' lang='lat' dir='ltr'>C</span> <span class='ocrx_word' id='word_1_260' title='bbox 1847 3178 2154 3271; x_wconf 49' lang='lat' dir='ltr'><strong>bu-ccinam,</strong></span> <span class='ocrx_word' id='word_1_261' title='bbox 2187 3207 2338 3272; x_wconf 74' lang='lat' dir='ltr'><strong>dicit,</strong></span> <span class='ocrx_word' id='word_1_262' title='bbox 2375 3211 2479 3265; x_wconf 74' lang='lat' dir='ltr'><strong>vah</strong></span> <span class='ocrx_word' id='word_1_263' title='bbox 2504 3210 2631 3266; x_wconf 73' lang='lat' dir='ltr'><strong>(Job</strong></span> <span class='ocrx_word' id='word_1_264' title='bbox 2675 3178 2900 3283; x_wconf 35' lang='lat' dir='ltr'><strong>xxxix);</strong></span> 
     </span>
    </p>
   </div>
   <div class='ocr_carea' id='block_1_35' title="bbox 153 3269 1738 3355">
    <p class='ocr_par' dir='ltr' id='par_1_35' title="bbox 153 3269 1738 3355">
     <span class='ocr_line' id='line_1_35' title="bbox 153 3269 1738 3355; baseline 0.008 -32"><span class='ocrx_word' id='word_1_265' title='bbox 153 3284 419 3340; x_wconf 88' lang='lat' dir='ltr'><strong>separare.</strong></span> <span class='ocrx_word' id='word_1_266' title='bbox 454 3272 514 3326; x_wconf 92' lang='lat' dir='ltr'><strong>Si</strong></span> <span class='ocrx_word' id='word_1_267' title='bbox 546 3287 677 3327; x_wconf 86' lang='lat' dir='ltr'><strong>vero</strong></span> <span class='ocrx_word' id='word_1_268' title='bbox 704 3269 912 3328; x_wconf 75' lang='lat' dir='ltr'><strong>Reman</strong></span> <span class='ocrx_word' id='word_1_269' title='bbox 945 3273 1168 3340; x_wconf 85' lang='lat' dir='ltr'><strong>Phares,</strong></span> <span class='ocrx_word' id='word_1_270' title='bbox 1201 3286 1260 3330; x_wconf 87' lang='lat' dir='ltr'><strong>ut</strong></span> <span class='ocrx_word' id='word_1_271' title='bbox 1289 3277 1416 3330; x_wconf 89' lang='lat' dir='ltr'><strong>alibi</strong></span> <span class='ocrx_word' id='word_1_272' title='bbox 1440 3283 1738 3355; x_wconf 88' lang='lat' dir='ltr'><strong>reperitur,</strong></span> 
     </span>
    </p>
   </div>
   <div class='ocr_carea' id='block_1_36' title="bbox 151 3359 1740 3436">
    <p class='ocr_par' dir='ltr' id='par_1_36' title="bbox 151 3359 1740 3436">
     <span class='ocr_line' id='line_1_36' title="bbox 151 3359 1740 3436; baseline 0.009 -22"><span class='ocrx_word' id='word_1_273' title='bbox 151 3359 272 3414; x_wconf 88' lang='lat' dir='ltr'><strong>mali</strong></span> <span class='ocrx_word' id='word_1_274' title='bbox 318 3363 504 3431; x_wconf 90' lang='lat' dir='ltr'><strong>punici</strong></span> <span class='ocrx_word' id='word_1_275' title='bbox 559 3362 754 3418; x_wconf 86' lang='lat' dir='ltr'><strong>divisio</strong></span> <span class='ocrx_word' id='word_1_276' title='bbox 798 3363 1016 3430; x_wconf 87' lang='lat' dir='ltr'><strong>dicitur,</strong></span> <span class='ocrx_word' id='word_1_277' title='bbox 1066 3378 1163 3434; x_wconf 85' lang='lat' dir='ltr'><strong>per</strong></span> <span class='ocrx_word' id='word_1_278' title='bbox 1204 3365 1307 3421; x_wconf 91' lang='lat' dir='ltr'><strong>hoc</strong></span> <span class='ocrx_word' id='word_1_279' title='bbox 1347 3370 1535 3436; x_wconf 88' lang='lat' dir='ltr'><strong>procul</strong></span> <span class='ocrx_word' id='word_1_280' title='bbox 1577 3371 1740 3429; x_wconf 88' lang='lat' dir='ltr'><strong>dubio</strong></span> 
     </span>
    </p>
   </div>
   <div class='ocr_carea' id='block_1_37' title="bbox 152 3451 1740 3528">
    <p class='ocr_par' dir='ltr' id='par_1_37' title="bbox 152 3451 1740 3528">
     <span class='ocr_line' id='line_1_37' title="bbox 152 3451 1740 3528; baseline 0.009 -24"><span class='ocrx_word' id='word_1_281' title='bbox 152 3460 328 3505; x_wconf 86' lang='lat' dir='ltr'><strong>sancta</strong></span> <span class='ocrx_word' id='word_1_282' title='bbox 382 3452 705 3523; x_wconf 85' lang='lat' dir='ltr'><strong>designatur</strong></span> <span class='ocrx_word' id='word_1_283' title='bbox 751 3451 1033 3521; x_wconf 89' lang='lat' dir='ltr'><strong>Ecclesia,</strong></span> <span class='ocrx_word' id='word_1_284' title='bbox 1089 3471 1208 3525; x_wconf 72' lang='lat' dir='ltr'><strong>quae</strong></span> <span class='ocrx_word' id='word_1_285' title='bbox 1264 3467 1517 3528; x_wconf 89' lang='lat' dir='ltr'><strong>tanquam</strong></span> <span class='ocrx_word' id='word_1_286' title='bbox 1572 3464 1740 3519; x_wconf 91' lang='lat' dir='ltr'><strong>multa</strong></span> 
     </span>
    </p>
   </div>
   <div class='ocr_carea' id='block_1_38' title="bbox 153 3545 1736 3619">
    <p class='ocr_par' dir='ltr' id='par_1_38' title="bbox 153 3545 1736 3619">
     <span class='ocr_line' id='line_1_38' title="bbox 153 3545 1736 3619; baseline 0.009 -23"><span class='ocrx_word' id='word_1_287' title='bbox 153 3557 314 3612; x_wconf 84' lang='lat' dir='ltr'><strong>grana</strong></span> <span class='ocrx_word' id='word_1_288' title='bbox 340 3560 450 3599; x_wconf 88' lang='lat' dir='ltr'><strong>uno</strong></span> <span class='ocrx_word' id='word_1_289' title='bbox 479 3545 691 3600; x_wconf 89' lang='lat' dir='ltr'><strong>cortice</strong></span> <span class='ocrx_word' id='word_1_290' title='bbox 712 3549 976 3619; x_wconf 87' lang='lat' dir='ltr'><strong>contegit,</strong></span> <span class='ocrx_word' id='word_1_291' title='bbox 1001 3549 1128 3603; x_wconf 88' lang='lat' dir='ltr'><strong>dum</strong></span> <span class='ocrx_word' id='word_1_292' title='bbox 1154 3564 1368 3606; x_wconf 90' lang='lat' dir='ltr'><strong>omnem</strong></span> <span class='ocrx_word' id='word_1_293' title='bbox 1403 3553 1736 3610; x_wconf 84' lang='lat' dir='ltr'><strong>credentium</strong></span> 
     </span>
    </p>
   </div>
   <div class='ocr_carea' id='block_1_39' title="bbox 154 3637 1736 3708">
    <p class='ocr_par' dir='ltr' id='par_1_39' title="bbox 154 3637 1736 3708">
     <span class='ocr_line' id='line_1_39' title="bbox 154 3637 1736 3708; baseline 0.008 -18"><span class='ocrx_word' id='word_1_294' title='bbox 154 3637 356 3692; x_wconf 84' lang='lat' dir='ltr'><strong>turbam</strong></span> <span class='ocrx_word' id='word_1_295' title='bbox 394 3638 747 3708; x_wconf 90' lang='lat' dir='ltr'><strong>inseparabili</strong></span> <span class='ocrx_word' id='word_1_296' title='bbox 790 3641 1072 3697; x_wconf 77' lang='lat' dir='ltr'><strong>catholicae</strong></span> <span class='ocrx_word' id='word_1_297' title='bbox 1116 3641 1241 3698; x_wconf 81' lang='lat' dir='ltr'><strong>fidei</strong></span> <span class='ocrx_word' id='word_1_298' title='bbox 1274 3643 1480 3698; x_wconf 91' lang='lat' dir='ltr'><strong>unitate</strong></span> <span class='ocrx_word' id='word_1_299' title='bbox 1516 3645 1736 3702; x_wconf 81' lang='lat' dir='ltr'><strong>conclu-</strong></span> 
     </span>
    </p>
   </div>
   <div class='ocr_carea' id='block_1_40' title="bbox 155 3726 244 3781">
    <p class='ocr_par' dir='ltr' id='par_1_40' title="bbox 155 3726 244 3781">
     <span class='ocr_line' id='line_1_40' title="bbox 155 3726 244 3781; baseline 0.034 -3"><span class='ocrx_word' id='word_1_300' title='bbox 155 3726 244 3781; x_wconf 64' lang='lat' dir='ltr'><strong>dit.</strong></span> 
     </span>
    </p>
   </div>
   <div class='ocr_carea' id='block_1_41' title="bbox 218 3817 1735 3895">
    <p class='ocr_par' dir='ltr' id='par_1_41' title="bbox 218 3817 1735 3895">
     <span class='ocr_line' id='line_1_41' title="bbox 218 3817 1735 3895; baseline 0.007 -23"><span class='ocrx_word' id='word_1_301' title='bbox 218 3817 414 3874; x_wconf 85' lang='lat' dir='ltr'><strong>Deinde</strong></span> <span class='ocrx_word' id='word_1_302' title='bbox 458 3828 744 3875; x_wconf 88' lang='lat' dir='ltr'><strong>transeunt</strong></span> <span class='ocrx_word' id='word_1_303' title='bbox 783 3820 836 3874; x_wconf 92' lang='lat' dir='ltr'><strong>in</strong></span> <span class='ocrx_word' id='word_1_304' title='bbox 877 3820 1094 3888; x_wconf 91' lang='lat' dir='ltr'><strong>Lebna,</strong></span> <span class='ocrx_word' id='word_1_305' title='bbox 1136 3824 1278 3892; x_wconf 90' lang='lat' dir='ltr'><strong>quod</strong></span> <span class='ocrx_word' id='word_1_306' title='bbox 1323 3824 1735 3895; x_wconf 81' lang='lat' dir='ltr'><strong>interpretatur,</strong></span> 
     </span>
    </p>
   </div>
   <div class='ocr_carea' id='block_1_42' title="bbox 152 3906 1735 3982">
    <p class='ocr_par' dir='ltr' id='par_1_42' title="bbox 152 3906 1735 3982">
     <span class='ocr_line' id='line_1_42' title="bbox 152 3906 1735 3982; baseline 0.009 -24"><span class='ocrx_word' id='word_1_307' title='bbox 152 3906 425 3964; x_wconf 82' lang='lat' dir='ltr'><strong>dealbatio.</strong></span> <span class='ocrx_word' id='word_1_308' title='bbox 476 3911 598 3966; x_wconf 80' lang='lat' dir='ltr'><strong>Non</strong></span> <span class='ocrx_word' id='word_1_309' title='bbox 629 3921 810 3966; x_wconf 88' lang='lat' dir='ltr'><strong>autem</strong></span> <span class='ocrx_word' id='word_1_310' title='bbox 853 3913 1168 3982; x_wconf 86' lang='lat' dir='ltr'><strong>ignoramus</strong></span> <span class='ocrx_word' id='word_1_311' title='bbox 1203 3914 1600 3972; x_wconf 86' lang='lat' dir='ltr'><strong>dealbationem</strong></span> <span class='ocrx_word' id='word_1_312' title='bbox 1634 3918 1735 3972; x_wconf 86' lang='lat' dir='ltr'><strong>ali-</strong></span> 
     </span>
    </p>
   </div>
   <div class='ocr_carea' id='block_1_43' title="bbox 152 4001 1736 4074">
    <p class='ocr_par' dir='ltr' id='par_1_43' title="bbox 152 4001 1736 4074">
     <span class='ocr_line' id='line_1_43' title="bbox 152 4001 1736 4074; baseline 0.009 -24"><span class='ocrx_word' id='word_1_313' title='bbox 152 4001 353 4066; x_wconf 86' lang='lat' dir='ltr'><strong>quando</strong></span> <span class='ocrx_word' id='word_1_314' title='bbox 381 4017 480 4073; x_wconf 90' lang='lat' dir='ltr'><strong>pro</strong></span> <span class='ocrx_word' id='word_1_315' title='bbox 509 4002 743 4058; x_wconf 88' lang='lat' dir='ltr'><strong>crimine</strong></span> <span class='ocrx_word' id='word_1_316' title='bbox 765 4005 911 4074; x_wconf 92' lang='lat' dir='ltr'><strong>poni,</strong></span> <span class='ocrx_word' id='word_1_317' title='bbox 941 4005 1084 4060; x_wconf 84' lang='lat' dir='ltr'><strong>sicut</strong></span> <span class='ocrx_word' id='word_1_318' title='bbox 1107 4006 1362 4060; x_wconf 88' lang='lat' dir='ltr'><strong>dicuntur</strong></span> <span class='ocrx_word' id='word_1_319' title='bbox 1389 4019 1736 4064; x_wconf 89' lang='lat' dir='ltr'><strong>monumenta</strong></span> 
     </span>
    </p>
   </div>
   <div class='ocr_carea' id='block_1_44' title="bbox 153 4086 1734 4166">
    <p class='ocr_par' dir='ltr' id='par_1_44' title="bbox 153 4086 1734 4166">
     <span class='ocr_line' id='line_1_44' title="bbox 153 4086 1734 4166; baseline 0.008 -24"><span class='ocrx_word' id='word_1_320' title='bbox 153 4086 413 4158; x_wconf 88' lang='lat' dir='ltr'><strong>dealbata,</strong></span> <span class='ocrx_word' id='word_1_321' title='bbox 465 4102 522 4147; x_wconf 92' lang='lat' dir='ltr'><strong>et</strong></span> <span class='ocrx_word' id='word_1_322' title='bbox 568 4093 750 4163; x_wconf 89' lang='lat' dir='ltr'><strong>paries</strong></span> <span class='ocrx_word' id='word_1_323' title='bbox 795 4094 1106 4159; x_wconf 85' lang='lat' dir='ltr'><strong>dealbatus,</strong></span> <span class='ocrx_word' id='word_1_324' title='bbox 1157 4094 1318 4166; x_wconf 77' lang='lat'><strong>565</strong></span> <span class='ocrx_word' id='word_1_325' title='bbox 1365 4097 1459 4152; x_wconf 90' lang='lat' dir='ltr'><strong>sed</strong></span> <span class='ocrx_word' id='word_1_326' title='bbox 1507 4099 1598 4153; x_wconf 89' lang='lat' dir='ltr'><strong>bie</strong></span> <span class='ocrx_word' id='word_1_327' title='bbox 1646 4098 1734 4154; x_wconf 85' lang='lat' dir='ltr'><strong>illa</strong></span> 
     </span>
    </p>
   </div>
   <div class='ocr_carea' id='block_1_45' title="bbox 155 4174 1730 4253">
    <p class='ocr_par' dir='ltr' id='par_1_45' title="bbox 155 4174 1730 4253">
     <span class='ocr_line' id='line_1_45' title="bbox 155 4174 1730 4253; baseline 0.006 -22"><span class='ocrx_word' id='word_1_328' title='bbox 155 4174 410 4236; x_wconf 88' lang='lat' dir='ltr'><strong>dealbatio</strong></span> <span class='ocrx_word' id='word_1_329' title='bbox 429 4183 593 4238; x_wconf 88' lang='lat' dir='ltr'><strong>debet</strong></span> <span class='ocrx_word' id='word_1_330' title='bbox 621 4181 848 4253; x_wconf 88' lang='lat' dir='ltr'><strong>intelligi</strong></span> <span class='ocrx_word' id='word_1_331' title='bbox 887 4183 954 4239; x_wconf 93' lang='lat' dir='ltr'><strong>de</strong></span> <span class='ocrx_word' id='word_1_332' title='bbox 992 4198 1097 4252; x_wconf 88' lang='lat' dir='ltr'><strong>qua</strong></span> <span class='ocrx_word' id='word_1_333' title='bbox 1136 4199 1233 4253; x_wconf 90' lang='lat' dir='ltr'><strong>per</strong></span> <span class='ocrx_word' id='word_1_334' title='bbox 1260 4185 1459 4239; x_wconf 88' lang='lat' dir='ltr'><strong>Isaiam</strong></span> <span class='ocrx_word' id='word_1_335' title='bbox 1498 4186 1730 4241; x_wconf 90' lang='lat' dir='ltr'><strong>dicitur:</strong></span> 
     </span>
    </p>
   </div>
   <div class='ocr_carea' id='block_1_46' title="bbox 159 4265 1733 4346">
    <p class='ocr_par' dir='ltr' id='par_1_46' title="bbox 159 4265 1733 4346">
     <span class='ocr_line' id='line_1_46' title="bbox 159 4265 1733 4346; baseline 0.007 -24"><span class='ocrx_word' id='word_1_336' title='bbox 159 4282 181 4321; x_wconf 80' lang='grc' dir='ltr'><strong>ι</strong></span> <span class='ocrx_word' id='word_1_337' title='bbox 207 4268 261 4325; x_wconf 92' lang='lat' dir='ltr'><strong>Si</strong></span> <span class='ocrx_word' id='word_1_338' title='bbox 299 4273 498 4328; x_wconf 83' lang='lat' dir='ltr'><strong>fuerint</strong></span> <span class='ocrx_word' id='word_1_339' title='bbox 527 4265 751 4344; x_wconf 82' lang='lat' dir='ltr'><strong>peccata</strong></span> <span class='ocrx_word' id='word_1_340' title='bbox 790 4282 976 4329; x_wconf 87' lang='lat' dir='ltr'><strong>vestra</strong></span> <span class='ocrx_word' id='word_1_341' title='bbox 1008 4283 1070 4328; x_wconf 90' lang='lat' dir='ltr'><strong>ut</strong></span> <span class='ocrx_word' id='word_1_342' title='bbox 1105 4276 1410 4342; x_wconf 91' lang='lat' dir='ltr'><strong>coccinum,</strong></span> <span class='ocrx_word' id='word_1_343' title='bbox 1443 4279 1600 4346; x_wconf 89' lang='lat' dir='ltr'><strong>quasi</strong></span> <span class='ocrx_word' id='word_1_344' title='bbox 1632 4279 1733 4333; x_wconf 80' lang='lat' dir='ltr'><strong>nix</strong></span> 
     </span>
    </p>
   </div>
   <div class='ocr_carea' id='block_1_47' title="bbox 152 4355 1732 4437">
    <p class='ocr_par' dir='ltr' id='par_1_47' title="bbox 152 4355 1732 4437">
     <span class='ocr_line' id='line_1_47' title="bbox 152 4355 1732 4437; baseline 0.008 -26"><span class='ocrx_word' id='word_1_345' title='bbox 152 4355 579 4418; x_wconf 87' lang='lat' dir='ltr'><strong>dealbabuntur:</strong></span> <span class='ocrx_word' id='word_1_346' title='bbox 610 4371 666 4419; x_wconf 89' lang='lat' dir='ltr'><strong>et</strong></span> <span class='ocrx_word' id='word_1_347' title='bbox 693 4364 738 4419; x_wconf 86' lang='lat' dir='ltr'><strong>si</strong></span> <span class='ocrx_word' id='word_1_348' title='bbox 773 4363 978 4419; x_wconf 85' lang='lat' dir='ltr'><strong>fuerint</strong></span> <span class='ocrx_word' id='word_1_349' title='bbox 1013 4364 1176 4420; x_wconf 88' lang='lat' dir='ltr'><strong>rubra</strong></span> <span class='ocrx_word' id='word_1_350' title='bbox 1200 4368 1356 4435; x_wconf 90' lang='lat' dir='ltr'><strong>quasi</strong></span> <span class='ocrx_word' id='word_1_351' title='bbox 1387 4368 1732 4437; x_wconf 87' lang='lat' dir='ltr'><strong>vermiculus,</strong></span> 
     </span>
    </p>
   </div>
   <div class='ocr_carea' id='block_1_48' title="bbox 152 4447 1730 4526">
    <p class='ocr_par' dir='ltr' id='par_1_48' title="bbox 152 4447 1730 4526">
     <span class='ocr_line' id='line_1_48' title="bbox 152 4447 1730 4526; baseline 0.008 -25"><span class='ocrx_word' id='word_1_352' title='bbox 152 4455 208 4503; x_wconf 89' lang='lat' dir='ltr'><strong>ut</strong></span> <span class='ocrx_word' id='word_1_353' title='bbox 233 4447 348 4505; x_wconf 87' lang='lat' dir='ltr'><strong>lana</strong></span> <span class='ocrx_word' id='word_1_354' title='bbox 396 4453 517 4508; x_wconf 90' lang='lat' dir='ltr'><strong>alba</strong></span> <span class='ocrx_word' id='word_1_355' title='bbox 547 4461 708 4508; x_wconf 90' lang='lat' dir='ltr'><strong>erunt</strong></span> <span class='ocrx_word' id='word_1_356' title='bbox 735 4451 872 4524; x_wconf 87' lang='lat' dir='ltr'><strong>(Isa.</strong></span> <span class='ocrx_word' id='word_1_357' title='bbox 917 4453 978 4525; x_wconf 91' lang='grc' dir='ltr'><strong>ι).</strong></span> <span class='ocrx_word' id='word_1_358' title='bbox 1016 4473 1036 4507; x_wconf 76' lang='grc' dir='ltr'><strong>ι</strong></span> <span class='ocrx_word' id='word_1_359' title='bbox 1081 4453 1150 4508; x_wconf 83' lang='lat' dir='ltr'><strong>Et</strong></span> <span class='ocrx_word' id='word_1_360' title='bbox 1179 4455 1231 4508; x_wconf 91' lang='lat' dir='ltr'><strong>in</strong></span> <span class='ocrx_word' id='word_1_361' title='bbox 1255 4457 1462 4526; x_wconf 87' lang='lat' dir='ltr'><strong>psalmo</strong></span> <span class='ocrx_word' id='word_1_362' title='bbox 1494 4475 1506 4511; x_wconf 90' lang='lat'>:</span> <span class='ocrx_word' id='word_1_363' title='bbox 1547 4480 1564 4510; x_wconf 79' lang='grc' dir='ltr'><strong>ι</strong></span> <span class='ocrx_word' id='word_1_364' title='bbox 1599 4459 1730 4515; x_wconf 80' lang='lat' dir='ltr'><strong>Nive</strong></span> 
     </span>
    </p>
   </div>
   <div class='ocr_carea' id='block_1_49' title="bbox 153 4519 1808 4617">
    <p class='ocr_par' dir='ltr' id='par_1_49' title="bbox 153 4519 1808 4617">
     <span class='ocr_line' id='line_1_49' title="bbox 153 4519 1808 4617; baseline 0.009 -27"><span class='ocrx_word' id='word_1_365' title='bbox 153 4535 538 4597; x_wconf 86' lang='lat' dir='ltr'><strong>dealbabuntur</strong></span> <span class='ocrx_word' id='word_1_366' title='bbox 568 4541 624 4598; x_wconf 87' lang='lat' dir='ltr'><strong>in</strong></span> <span class='ocrx_word' id='word_1_367' title='bbox 651 4519 874 4599; x_wconf 83' lang='lat' dir='ltr'><strong>Selmon</strong></span> <span class='ocrx_word' id='word_1_368' title='bbox 898 4519 1076 4613; x_wconf 64' lang='lat' dir='ltr'><strong>(Psal.</strong></span> <span class='ocrx_word' id='word_1_369' title='bbox 1108 4519 1299 4616; x_wconf 57' lang='lat' dir='ltr'><strong>uni).</strong></span> <span class='ocrx_word' id='word_1_370' title='bbox 1337 4565 1355 4597; x_wconf 75' lang='grc' dir='ltr'><strong>ι</strong></span> <span class='ocrx_word' id='word_1_371' title='bbox 1404 4545 1472 4600; x_wconf 89' lang='lat' dir='ltr'><strong>Et</strong></span> <span class='ocrx_word' id='word_1_372' title='bbox 1497 4548 1550 4600; x_wconf 91' lang='lat' dir='ltr'><strong>in</strong></span> <span class='ocrx_word' id='word_1_373' title='bbox 1580 4547 1728 4617; x_wconf 79' lang='lat' dir='ltr'><strong>Apo-</strong></span> <span class='ocrx_word' id='word_1_374' title='bbox 1758 4519 1808 4579; x_wconf 67' lang='grc' dir='ltr'><strong>Β</strong></span> 
     </span>
    </p>
   </div>
   <div class='ocr_carea' id='block_1_50' title="bbox 154 4624 1731 4702">
    <p class='ocr_par' dir='ltr' id='par_1_50' title="bbox 154 4624 1731 4702">
     <span class='ocr_line' id='line_1_50' title="bbox 154 4624 1731 4702; baseline 0.008 -23"><span class='ocrx_word' id='word_1_375' title='bbox 154 4624 382 4697; x_wconf 83' lang='lat' dir='ltr'><strong>calypsi:</strong></span> <span class='ocrx_word' id='word_1_376' title='bbox 419 4649 438 4684; x_wconf 82' lang='grc' dir='ltr'><strong>ι</strong></span> <span class='ocrx_word' id='word_1_377' title='bbox 468 4631 660 4702; x_wconf 88' lang='lat' dir='ltr'><strong>Capilli</strong></span> <span class='ocrx_word' id='word_1_378' title='bbox 702 4630 830 4686; x_wconf 79' lang='lat' dir='ltr'><strong>Jesu</strong></span> <span class='ocrx_word' id='word_1_379' title='bbox 869 4641 1127 4701; x_wconf 89' lang='lat' dir='ltr'><strong>tanquam</strong></span> <span class='ocrx_word' id='word_1_380' title='bbox 1160 4633 1282 4687; x_wconf 90' lang='lat' dir='ltr'><strong>lana</strong></span> <span class='ocrx_word' id='word_1_381' title='bbox 1317 4636 1435 4689; x_wconf 87' lang='lat' dir='ltr'><strong>alba</strong></span> <span class='ocrx_word' id='word_1_382' title='bbox 1487 4636 1731 4692; x_wconf 85' lang='lat' dir='ltr'><strong>referun-</strong></span> 
     </span>
    </p>
   </div>
   <div class='ocr_carea' id='block_1_51' title="bbox 152 4722 1727 4794">
    <p class='ocr_par' dir='ltr' id='par_1_51' title="bbox 152 4722 1727 4794">
     <span class='ocr_line' id='line_1_51' title="bbox 152 4722 1727 4794; baseline 0.005 -18"><span class='ocrx_word' id='word_1_383' title='bbox 152 4727 234 4776; x_wconf 90' lang='lat' dir='ltr'><strong>tur</strong></span> <span class='ocrx_word' id='word_1_384' title='bbox 267 4722 444 4794; x_wconf 78' lang='lat' dir='ltr'><strong>(Apoc.</strong></span> <span class='ocrx_word' id='word_1_385' title='bbox 495 4723 558 4793; x_wconf 84' lang='grc' dir='ltr'><strong>ι).</strong></span> <span class='ocrx_word' id='word_1_386' title='bbox 594 4743 613 4777; x_wconf 73' lang='grc' dir='ltr'><strong>ι</strong></span> <span class='ocrx_word' id='word_1_387' title='bbox 676 4724 1018 4794; x_wconf 86' lang='lat' dir='ltr'><strong>Quapropter</strong></span> <span class='ocrx_word' id='word_1_388' title='bbox 1066 4726 1164 4781; x_wconf 83' lang='lat' dir='ltr'><strong>bic-</strong></span> <span class='ocrx_word' id='word_1_389' title='bbox 1201 4726 1472 4782; x_wconf 85' lang='lat' dir='ltr'><strong>dealbatio</strong></span> <span class='ocrx_word' id='word_1_390' title='bbox 1532 4745 1727 4784; x_wconf 49' lang='lat' dir='ltr'><strong>conve‘</strong></span> 
     </span>
    </p>
   </div>
   <div class='ocr_carea' id='block_1_52' title="bbox 153 4813 1725 4890">
    <p class='ocr_par' dir='ltr' id='par_1_52' title="bbox 153 4813 1725 4890">
     <span class='ocr_line' id='line_1_52' title="bbox 153 4813 1725 4890; baseline 0.006 -23"><span class='ocrx_word' id='word_1_391' title='bbox 153 4813 350 4872; x_wconf 87' lang='lat' dir='ltr'><strong>nienter</strong></span> <span class='ocrx_word' id='word_1_392' title='bbox 382 4816 705 4888; x_wconf 79' lang='lat' dir='ltr'><strong>intelligitur</strong></span> <span class='ocrx_word' id='word_1_393' title='bbox 739 4818 803 4872; x_wconf 88' lang='lat' dir='ltr'><strong>de</strong></span> <span class='ocrx_word' id='word_1_394' title='bbox 833 4833 974 4873; x_wconf 76' lang='lat' dir='ltr'><strong>verae</strong></span> <span class='ocrx_word' id='word_1_395' title='bbox 1009 4817 1146 4875; x_wconf 91' lang='lat' dir='ltr'><strong>lucis</strong></span> <span class='ocrx_word' id='word_1_396' title='bbox 1171 4820 1459 4889; x_wconf 82' lang='lat' dir='ltr'><strong>splendore</strong></span> <span class='ocrx_word' id='word_1_397' title='bbox 1489 4822 1725 4890; x_wconf 82' lang='lat' dir='ltr'><strong>prodire,</strong></span> 
     </span>
    </p>
   </div>
   <div class='ocr_carea' id='block_1_53' title="bbox 154 4906 1727 4979">
    <p class='ocr_par' dir='ltr' id='par_1_53' title="bbox 154 4906 1727 4979">
     <span class='ocr_line' id='line_1_53' title="bbox 154 4906 1727 4979; baseline 0.008 -23"><span class='ocrx_word' id='word_1_398' title='bbox 154 4911 204 4958; x_wconf 88' lang='lat' dir='ltr'><strong>et</strong></span> <span class='ocrx_word' id='word_1_399' title='bbox 240 4906 302 4962; x_wconf 88' lang='lat' dir='ltr'><strong>de</strong></span> <span class='ocrx_word' id='word_1_400' title='bbox 341 4923 566 4962; x_wconf 74' lang='lat' dir='ltr'><strong>summa:</strong></span> <span class='ocrx_word' id='word_1_401' title='bbox 587 4909 821 4964; x_wconf 83' lang='lat' dir='ltr'><strong>visionis</strong></span> <span class='ocrx_word' id='word_1_402' title='bbox 861 4910 1116 4964; x_wconf 89' lang='lat' dir='ltr'><strong>claritate</strong></span> <span class='ocrx_word' id='word_1_403' title='bbox 1170 4911 1517 4966; x_wconf 90' lang='lat' dir='ltr'><strong>descendere.</strong></span> <span class='ocrx_word' id='word_1_404' title='bbox 1575 4912 1727 4979; x_wconf 88' lang='lat' dir='ltr'><strong>Quod</strong></span> 
     </span>
    </p>
   </div>
   <div class='ocr_carea' id='block_1_54' title="bbox 153 4994 1723 5070">
    <p class='ocr_par' dir='ltr' id='par_1_54' title="bbox 153 4994 1723 5070">
     <span class='ocr_line' id='line_1_54' title="bbox 153 4994 1723 5070; baseline 0.006 -20"><span class='ocrx_word' id='word_1_405' title='bbox 153 4994 194 5050; x_wconf 85' lang='lat' dir='ltr'><strong>si</strong></span> <span class='ocrx_word' id='word_1_406' title='bbox 221 4996 417 5065; x_wconf 89' lang='lat' dir='ltr'><strong>Lebna,</strong></span> <span class='ocrx_word' id='word_1_407' title='bbox 450 5009 512 5055; x_wconf 90' lang='lat' dir='ltr'><strong>ut</strong></span> <span class='ocrx_word' id='word_1_408' title='bbox 541 5001 761 5070; x_wconf 89' lang='lat' dir='ltr'><strong>quidam</strong></span> <span class='ocrx_word' id='word_1_409' title='bbox 791 5001 998 5066; x_wconf 91' lang='lat' dir='ltr'><strong>dicunt,</strong></span> <span class='ocrx_word' id='word_1_410' title='bbox 1032 5003 1086 5056; x_wconf 92' lang='lat' dir='ltr'><strong>in</strong></span> <span class='ocrx_word' id='word_1_411' title='bbox 1115 5002 1338 5057; x_wconf 86' lang='lat' dir='ltr'><strong>laterem</strong></span> <span class='ocrx_word' id='word_1_412' title='bbox 1381 5006 1626 5070; x_wconf 88' lang='lat' dir='ltr'><strong>vertitur,</strong></span> <span class='ocrx_word' id='word_1_413' title='bbox 1671 5007 1723 5060; x_wconf 85' lang='lat' dir='ltr'><strong>in</strong></span> 
     </span>
    </p>
   </div>
   <div class='ocr_carea' id='block_1_55' title="bbox 154 5089 1724 5167">
    <p class='ocr_par' dir='ltr' id='par_1_55' title="bbox 154 5089 1724 5167">
     <span class='ocr_line' id='line_1_55' title="bbox 154 5089 1724 5167; baseline 0.01 -30"><span class='ocrx_word' id='word_1_414' title='bbox 154 5097 252 5154; x_wconf 89' lang='lat' dir='ltr'><strong>quo</strong></span> <span class='ocrx_word' id='word_1_415' title='bbox 279 5089 529 5146; x_wconf 84' lang='lat' dir='ltr'><strong>videlicet</strong></span> <span class='ocrx_word' id='word_1_416' title='bbox 569 5106 733 5160; x_wconf 91' lang='lat' dir='ltr'><strong>opere</strong></span> <span class='ocrx_word' id='word_1_417' title='bbox 778 5091 1107 5148; x_wconf 88' lang='lat' dir='ltr'><strong>lsraeliticus</strong></span> <span class='ocrx_word' id='word_1_418' title='bbox 1138 5095 1193 5149; x_wconf 90' lang='lat' dir='ltr'><strong>in</strong></span> <span class='ocrx_word' id='word_1_419' title='bbox 1232 5094 1466 5166; x_wconf 63' lang='lat' dir='ltr'><strong>{Egypto</strong></span> <span class='ocrx_word' id='word_1_420' title='bbox 1497 5098 1724 5167; x_wconf 87' lang='lat' dir='ltr'><strong>populus</strong></span> 
     </span>
    </p>
   </div>
   <div class='ocr_carea' id='block_1_56' title="bbox 158 5183 1724 5258">
    <p class='ocr_par' dir='ltr' id='par_1_56' title="bbox 158 5183 1724 5258">
     <span class='ocr_line' id='line_1_56' title="bbox 158 5183 1724 5258; baseline 0.01 -29"><span class='ocrx_word' id='word_1_421' title='bbox 158 5189 358 5235; x_wconf 84' lang='lat' dir='ltr'><strong>coactus</strong></span> <span class='ocrx_word' id='word_1_422' title='bbox 383 5192 465 5238; x_wconf 90' lang='lat' dir='ltr'><strong>est</strong></span> <span class='ocrx_word' id='word_1_423' title='bbox 487 5183 736 5236; x_wconf 84' lang='lat' dir='ltr'><strong>laborare</strong></span> <span class='ocrx_word' id='word_1_424' title='bbox 761 5199 774 5246; x_wconf 90' lang='lat'>;</span> <span class='ocrx_word' id='word_1_425' title='bbox 829 5183 931 5238; x_wconf 91' lang='lat' dir='ltr'><strong>boe</strong></span> <span class='ocrx_word' id='word_1_426' title='bbox 963 5185 1125 5239; x_wconf 91' lang='lat' dir='ltr'><strong>datur</strong></span> <span class='ocrx_word' id='word_1_427' title='bbox 1156 5186 1404 5256; x_wconf 85' lang='lat' dir='ltr'><strong>intelligi,</strong></span> <span class='ocrx_word' id='word_1_428' title='bbox 1433 5190 1556 5258; x_wconf 89' lang='lat' dir='ltr'><strong>quia</strong></span> <span class='ocrx_word' id='word_1_429' title='bbox 1583 5190 1724 5245; x_wconf 88' lang='lat' dir='ltr'><strong>sicut</strong></span> 
     </span>
    </p>
   </div>
   <div class='ocr_carea' id='block_1_57' title="bbox 159 5261 1723 5338">
    <p class='ocr_par' dir='ltr' id='par_1_57' title="bbox 159 5261 1723 5338">
     <span class='ocr_line' id='line_1_57' title="bbox 159 5261 1723 5338; baseline 0.012 -22"><span class='ocrx_word' id='word_1_430' title='bbox 159 5261 226 5320; x_wconf 83' lang='lat' dir='ltr'><strong>illi</strong></span> <span class='ocrx_word' id='word_1_431' title='bbox 269 5280 383 5338; x_wconf 81' lang='lat' dir='ltr'><strong>post</strong></span> <span class='ocrx_word' id='word_1_432' title='bbox 422 5281 534 5326; x_wconf 88' lang='lat' dir='ltr'><strong>tam</strong></span> <span class='ocrx_word' id='word_1_433' title='bbox 582 5270 833 5325; x_wconf 86' lang='lat' dir='ltr'><strong>sublimia</strong></span> <span class='ocrx_word' id='word_1_434' title='bbox 861 5271 978 5327; x_wconf 86' lang='lat' dir='ltr'><strong>loca</strong></span> <span class='ocrx_word' id='word_1_435' title='bbox 1030 5290 1218 5329; x_wconf 88' lang='lat' dir='ltr'><strong>rursus</strong></span> <span class='ocrx_word' id='word_1_436' title='bbox 1269 5277 1323 5330; x_wconf 92' lang='lat' dir='ltr'><strong>in</strong></span> <span class='ocrx_word' id='word_1_437' title='bbox 1356 5276 1580 5332; x_wconf 88' lang='lat' dir='ltr'><strong>laterem</strong></span> <span class='ocrx_word' id='word_1_438' title='bbox 1633 5295 1723 5334; x_wconf 89' lang='lat' dir='ltr'><strong>ve-</strong></span> 
     </span>
    </p>
   </div>
   <div class='ocr_carea' id='block_1_58' title="bbox 161 5357 1718 5439">
    <p class='ocr_par' dir='ltr' id='par_1_58' title="bbox 161 5357 1718 5439">
     <span class='ocr_line' id='line_1_58' title="bbox 161 5357 1718 5439; baseline 0.012 -31"><span class='ocrx_word' id='word_1_439' title='bbox 161 5357 326 5426; x_wconf 87' lang='lat' dir='ltr'><strong>niunt;</strong></span> <span class='ocrx_word' id='word_1_440' title='bbox 365 5363 434 5417; x_wconf 90' lang='lat' dir='ltr'><strong>ita</strong></span> <span class='ocrx_word' id='word_1_441' title='bbox 467 5378 568 5417; x_wconf 89' lang='lat' dir='ltr'><strong>nos</strong></span> <span class='ocrx_word' id='word_1_442' title='bbox 597 5363 858 5432; x_wconf 82' lang='lat' dir='ltr'><strong>quandiu’</strong></span> <span class='ocrx_word' id='word_1_443' title='bbox 883 5365 934 5418; x_wconf 92' lang='lat' dir='ltr'><strong>in</strong></span> <span class='ocrx_word' id='word_1_444' title='bbox 973 5363 1130 5433; x_wconf 87' lang='lat' dir='ltr'><strong>hujus</strong></span> <span class='ocrx_word' id='word_1_445' title='bbox 1166 5369 1348 5422; x_wconf 91' lang='lat' dir='ltr'><strong>mundi</strong></span> <span class='ocrx_word' id='word_1_446' title='bbox 1380 5370 1596 5424; x_wconf 89' lang='lat' dir='ltr'><strong>deserto</strong></span> <span class='ocrx_word' id='word_1_447' title='bbox 1621 5387 1718 5439; x_wconf 90' lang='lat' dir='ltr'><strong>pe-</strong></span> 
     </span>
    </p>
   </div>
   <div class='ocr_carea' id='block_1_59' title="bbox 161 5453 1721 5532">
    <p class='ocr_par' dir='ltr' id='par_1_59' title="bbox 161 5453 1721 5532">
     <span class='ocr_line' id='line_1_59' title="bbox 161 5453 1721 5532; baseline 0.014 -32"><span class='ocrx_word' id='word_1_448' title='bbox 161 5453 511 5522; x_wconf 80' lang='lat' dir='ltr'><strong>rcgrinamur,</strong></span> <span class='ocrx_word' id='word_1_449' title='bbox 565 5456 894 5511; x_wconf 88' lang='lat' dir='ltr'><strong>necessitate</strong></span> <span class='ocrx_word' id='word_1_450' title='bbox 938 5460 1314 5528; x_wconf 90' lang='lat' dir='ltr'><strong>compellimur</strong></span> <span class='ocrx_word' id='word_1_451' title='bbox 1358 5463 1648 5532; x_wconf 85' lang='lat' dir='ltr'><strong>aliquando</strong></span> <span class='ocrx_word' id='word_1_452' title='bbox 1691 5482 1721 5522; x_wconf 90' lang='lat' dir='ltr'><strong>a</strong></span> 
     </span>
    </p>
   </div>
   <div class='ocr_carea' id='block_1_60' title="bbox 161 5547 1721 5624">
    <p class='ocr_par' dir='ltr' id='par_1_60' title="bbox 161 5547 1721 5624">
     <span class='ocr_line' id='line_1_60' title="bbox 161 5547 1721 5624; baseline 0.013 -31"><span class='ocrx_word' id='word_1_453' title='bbox 161 5547 364 5600; x_wconf 83' lang='lat' dir='ltr'><strong>summis</strong></span> <span class='ocrx_word' id='word_1_454' title='bbox 415 5550 480 5603; x_wconf 89' lang='lat' dir='ltr'><strong>ad</strong></span> <span class='ocrx_word' id='word_1_455' title='bbox 539 5548 648 5602; x_wconf 88' lang='lat' dir='ltr'><strong>ima</strong></span> <span class='ocrx_word' id='word_1_456' title='bbox 688 5549 1040 5615; x_wconf 85' lang='lat' dir='ltr'><strong>descendere,</strong></span> <span class='ocrx_word' id='word_1_457' title='bbox 1087 5561 1141 5606; x_wconf 92' lang='lat' dir='ltr'><strong>ct</strong></span> <span class='ocrx_word' id='word_1_458' title='bbox 1190 5569 1219 5607; x_wconf 91' lang='lat' dir='ltr'><strong>a</strong></span> <span class='ocrx_word' id='word_1_459' title='bbox 1250 5554 1621 5624; x_wconf 87' lang='lat' dir='ltr'><strong>spiritualibus</strong></span> <span class='ocrx_word' id='word_1_460' title='bbox 1655 5559 1721 5614; x_wconf 90' lang='lat' dir='ltr'><strong>ad</strong></span> 
     </span>
    </p>
   </div>
   <div class='ocr_carea' id='block_1_61' title="bbox 164 5638 1246 5712">
    <p class='ocr_par' dir='ltr' id='par_1_61' title="bbox 164 5638 1246 5712">
     <span class='ocr_line' id='line_1_61' title="bbox 164 5638 1246 5712; baseline 0.014 -29"><span class='ocrx_word' id='word_1_461' title='bbox 164 5638 366 5691; x_wconf 68' lang='lat' dir='ltr'><strong>tcrt&#39;enzc</strong></span> <span class='ocrx_word' id='word_1_462' title='bbox 390 5640 620 5695; x_wconf 89' lang='lat' dir='ltr'><strong>actionis</strong></span> <span class='ocrx_word' id='word_1_463' title='bbox 646 5652 808 5707; x_wconf 89' lang='lat' dir='ltr'><strong>opera</strong></span> <span class='ocrx_word' id='word_1_464' title='bbox 843 5643 1246 5712; x_wconf 86' lang='lat' dir='ltr'><strong>transmigrarc.</strong></span> 
     </span>
    </p>
   </div>
   <div class='ocr_carea' id='block_1_62' title="bbox 222 5721 1721 5807">
    <p class='ocr_par' dir='ltr' id='par_1_62' title="bbox 222 5721 1721 5807">
     <span class='ocr_line' id='line_1_62' title="bbox 222 5721 1721 5807; baseline 0.013 -30"><span class='ocrx_word' id='word_1_465' title='bbox 222 5721 338 5782; x_wconf 75' lang='lat' dir='ltr'><strong>Post</strong></span> <span class='ocrx_word' id='word_1_466' title='bbox 371 5729 484 5786; x_wconf 74' lang='lat' dir='ltr'><strong>lucc</strong></span> <span class='ocrx_word' id='word_1_467' title='bbox 513 5727 738 5782; x_wconf 88' lang='lat' dir='ltr'><strong>veniunt</strong></span> <span class='ocrx_word' id='word_1_468' title='bbox 764 5726 816 5782; x_wconf 88' lang='lat' dir='ltr'><strong>in</strong></span> <span class='ocrx_word' id='word_1_469' title='bbox 847 5729 1038 5797; x_wconf 82' lang='lat' dir='ltr'><strong>Ressa,</strong></span> <span class='ocrx_word' id='word_1_470' title='bbox 1090 5735 1234 5802; x_wconf 86' lang='lat' dir='ltr'><strong>quod</strong></span> <span class='ocrx_word' id='word_1_471' title='bbox 1262 5734 1315 5790; x_wconf 89' lang='lat' dir='ltr'><strong>in</strong></span> <span class='ocrx_word' id='word_1_472' title='bbox 1349 5736 1523 5807; x_wconf 77' lang='lat' dir='ltr'><strong>frenos</strong></span> <span class='ocrx_word' id='word_1_473' title='bbox 1552 5744 1721 5798; x_wconf 89' lang='lat' dir='ltr'><strong>verti-</strong></span> 
     </span>
    </p>
   </div>
   <div class='ocr_carea' id='block_1_63' title="bbox 501 5817 1131 5902">
    <p class='ocr_par' dir='ltr' id='par_1_63' title="bbox 501 5817 1131 5902">
     <span class='ocr_line' id='line_1_63' title="bbox 501 5817 1131 5902; baseline 0.006 -26"><span class='ocrx_word' id='word_1_474' title='bbox 501 5817 778 5878; x_wconf 59' lang='lat' dir='ltr'><strong>Parant.</strong></span> <span class='ocrx_word' id='word_1_475' title='bbox 894 5834 998 5896; x_wconf 75' lang='lat' dir='ltr'><strong>Cx</strong></span> <span class='ocrx_word' id='word_1_476' title='bbox 1013 5837 1131 5902; x_wconf 44' lang='grc' dir='ltr'><strong>ων.</strong></span> 
     </span>
    </p>
   </div>
   <div class='ocr_carea' id='block_1_64' title="bbox 1861 566 3462 640">
    <p class='ocr_par' dir='ltr' id='par_1_64' title="bbox 1861 566 3462 640">
     <span class='ocr_line' id='line_1_64' title="bbox 1861 566 3462 640; baseline 0.002 -20"><span class='ocrx_word' id='word_1_477' title='bbox 1861 566 2072 620; x_wconf 88' lang='lat' dir='ltr'><strong>culmen</strong></span> <span class='ocrx_word' id='word_1_478' title='bbox 2124 569 2188 620; x_wconf 88' lang='lat' dir='ltr'><strong>ad</strong></span> <span class='ocrx_word' id='word_1_479' title='bbox 2218 582 2378 635; x_wconf 82' lang='lat' dir='ltr'><strong>epeia</strong></span> <span class='ocrx_word' id='word_1_480' title='bbox 2433 567 2692 621; x_wconf 81' lang='lat' dir='ltr'><strong>lutulenta</strong></span> <span class='ocrx_word' id='word_1_481' title='bbox 2726 569 3125 633; x_wconf 66' lang='lat' dir='ltr'><strong>descendimus,</strong></span> <span class='ocrx_word' id='word_1_482' title='bbox 3161 571 3462 640; x_wconf 59' lang='lat' dir='ltr'><strong>disciplina:</strong></span> 
     </span>
    </p>
   </div>
   <div class='ocr_carea' id='block_1_65' title="bbox 1859 655 3460 724">
    <p class='ocr_par' dir='ltr' id='par_1_65' title="bbox 1859 655 3460 724">
     <span class='ocr_line' id='line_1_65' title="bbox 1859 655 3460 724; baseline 0.003 -16"><span class='ocrx_word' id='word_1_483' title='bbox 1859 655 2091 708; x_wconf 80' lang='lat' dir='ltr'><strong>nexibus</strong></span> <span class='ocrx_word' id='word_1_484' title='bbox 2113 694 2126 718; x_wconf 85' lang='lat'><strong>,</strong></span> <span class='ocrx_word' id='word_1_485' title='bbox 2159 663 2213 708; x_wconf 84' lang='lat' dir='ltr'><strong>et</strong></span> <span class='ocrx_word' id='word_1_486' title='bbox 2245 655 2580 722; x_wconf 66' lang='lat' dir='ltr'><strong>pt‘onitcntim</strong></span> <span class='ocrx_word' id='word_1_487' title='bbox 2633 655 2761 708; x_wconf 86' lang='lat' dir='ltr'><strong>loris</strong></span> <span class='ocrx_word' id='word_1_488' title='bbox 2795 658 3099 711; x_wconf 77' lang='lat' dir='ltr'><strong>infrenandi</strong></span> <span class='ocrx_word' id='word_1_489' title='bbox 3134 674 3339 724; x_wconf 85' lang='lat' dir='ltr'><strong>sumus,</strong></span> <span class='ocrx_word' id='word_1_490' title='bbox 3390 675 3460 714; x_wconf 86' lang='lat' dir='ltr'><strong>ne</strong></span> 
     </span>
    </p>
   </div>
   <div class='ocr_carea' id='block_1_66' title="bbox 1859 745 3461 813">
    <p class='ocr_par' dir='ltr' id='par_1_66' title="bbox 1859 745 3461 813">
     <span class='ocr_line' id='line_1_66' title="bbox 1859 745 3461 813; baseline 0.004 -17"><span class='ocrx_word' id='word_1_491' title='bbox 1859 757 2116 811; x_wconf 81' lang='lat' dir='ltr'><strong>vageinur</strong></span> <span class='ocrx_word' id='word_1_492' title='bbox 2143 759 2240 811; x_wconf 78' lang='lat' dir='ltr'><strong>per</strong></span> <span class='ocrx_word' id='word_1_493' title='bbox 2268 745 2493 812; x_wconf 83' lang='lat' dir='ltr'><strong>abrupta</strong></span> <span class='ocrx_word' id='word_1_494' title='bbox 2527 746 2854 813; x_wconf 60' lang='lat' dir='ltr'><strong>prmcipites,</strong></span> <span class='ocrx_word' id='word_1_495' title='bbox 2905 748 2997 800; x_wconf 86' lang='lat' dir='ltr'><strong>sed</strong></span> <span class='ocrx_word' id='word_1_496' title='bbox 3031 747 3140 800; x_wconf 89' lang='lat' dir='ltr'><strong>cito</strong></span> <span class='ocrx_word' id='word_1_497' title='bbox 3172 749 3461 804; x_wconf 73' lang='lat' dir='ltr'><strong>redeamus</strong></span> 
     </span>
    </p>
   </div>
   <div class='ocr_carea' id='block_1_67' title="bbox 1859 822 3460 910">
    <p class='ocr_par' dir='ltr' id='par_1_67' title="bbox 1859 822 3460 910">
     <span class='ocr_line' id='line_1_67' title="bbox 1859 822 3460 910; baseline 0.006 -24"><span class='ocrx_word' id='word_1_498' title='bbox 1859 835 1926 888; x_wconf 90' lang='lat' dir='ltr'><strong>ad</strong></span> <span class='ocrx_word' id='word_1_499' title='bbox 1990 822 2263 890; x_wconf 67' lang='lat' dir='ltr'><strong>cons&#39;ueta:</strong></span> <span class='ocrx_word' id='word_1_500' title='bbox 2332 837 2612 892; x_wconf 80' lang='lat' dir='ltr'><strong>munditiae</strong></span> <span class='ocrx_word' id='word_1_501' title='bbox 2678 839 2991 907; x_wconf 81' lang='lat' dir='ltr'><strong>puritatem.</strong></span> <span class='ocrx_word' id='word_1_502' title='bbox 3062 841 3460 910; x_wconf 85' lang='lat' dir='ltr'><strong>Interpretatur</strong></span> 
     </span>
    </p>
   </div>
   <div class='ocr_carea' id='block_1_68' title="bbox 1859 927 3462 1001">
    <p class='ocr_par' dir='ltr' id='par_1_68' title="bbox 1859 927 3462 1001">
     <span class='ocr_line' id='line_1_68' title="bbox 1859 927 3462 1001; baseline 0.005 -21"><span class='ocrx_word' id='word_1_503' title='bbox 1859 927 2020 980; x_wconf 86' lang='lat' dir='ltr'><strong>etiam</strong></span> <span class='ocrx_word' id='word_1_504' title='bbox 2051 928 2219 984; x_wconf 80' lang='lat' dir='ltr'><strong>Rcssa</strong></span> <span class='ocrx_word' id='word_1_505' title='bbox 2249 929 2486 992; x_wconf 72' lang='lat' dir='ltr'><strong>visibilis,</strong></span> <span class='ocrx_word' id='word_1_506' title='bbox 2525 932 2639 983; x_wconf 77' lang='lat' dir='ltr'><strong>sive</strong></span> <span class='ocrx_word' id='word_1_507' title='bbox 2665 929 2950 983; x_wconf 69' lang='lat' dir='ltr'><strong>laudabitis</strong></span> <span class='ocrx_word' id='word_1_508' title='bbox 2982 933 3217 985; x_wconf 75' lang='lat' dir='ltr'><strong>tcnmtio.</strong></span> <span class='ocrx_word' id='word_1_509' title='bbox 3259 934 3462 1001; x_wconf 87' lang='lat' dir='ltr'><strong>Quam-</strong></span> 
     </span>
    </p>
   </div>
   <div class='ocr_carea' id='block_1_69' title="bbox 1859 1018 3462 1097">
    <p class='ocr_par' dir='ltr' id='par_1_69' title="bbox 1859 1018 3462 1097">
     <span class='ocr_line' id='line_1_69' title="bbox 1859 1018 3462 1097; baseline 0.007 -27"><span class='ocrx_word' id='word_1_510' title='bbox 1859 1018 1939 1072; x_wconf 90' lang='lat' dir='ltr'><strong>vis</strong></span> <span class='ocrx_word' id='word_1_511' title='bbox 1975 1019 2118 1074; x_wconf 89' lang='lat' dir='ltr'><strong>enim</strong></span> <span class='ocrx_word' id='word_1_512' title='bbox 2151 1037 2305 1074; x_wconf 87' lang='lat' dir='ltr'><strong>mens</strong></span> <span class='ocrx_word' id='word_1_513' title='bbox 2333 1021 2622 1089; x_wconf 86' lang='lat' dir='ltr'><strong>cujuslibet</strong></span> <span class='ocrx_word' id='word_1_514' title='bbox 2648 1022 2782 1091; x_wconf 88' lang='lat' dir='ltr'><strong>justi</strong></span> <span class='ocrx_word' id='word_1_515' title='bbox 2814 1023 2938 1087; x_wconf 90' lang='lat' dir='ltr'><strong>viri,</strong></span> <span class='ocrx_word' id='word_1_516' title='bbox 2958 1023 3069 1093; x_wconf 92' lang='lat' dir='ltr'><strong>jam</strong></span> <span class='ocrx_word' id='word_1_517' title='bbox 3099 1026 3167 1078; x_wconf 90' lang='lat' dir='ltr'><strong>ad</strong></span> <span class='ocrx_word' id='word_1_518' title='bbox 3203 1025 3310 1080; x_wconf 87' lang='lat' dir='ltr'><strong>alta</strong></span> <span class='ocrx_word' id='word_1_519' title='bbox 3332 1042 3462 1097; x_wconf 89' lang='lat' dir='ltr'><strong>pro-</strong></span> 
     </span>
    </p>
   </div>
   <div class='ocr_carea' id='block_1_70' title="bbox 1858 1108 3453 1188">
    <p class='ocr_par' dir='ltr' id='par_1_70' title="bbox 1858 1108 3453 1188">
     <span class='ocr_line' id='line_1_70' title="bbox 1858 1108 3453 1188; baseline 0.009 -27"><span class='ocrx_word' id='word_1_520' title='bbox 1858 1108 2028 1175; x_wconf 85' lang='lat' dir='ltr'><strong>ﬁciat,</strong></span> <span class='ocrx_word' id='word_1_521' title='bbox 2082 1120 2383 1166; x_wconf 83' lang='lat' dir='ltr'><strong>tentattone</strong></span> <span class='ocrx_word' id='word_1_522' title='bbox 2417 1122 2596 1168; x_wconf 88' lang='lat' dir='ltr'><strong>tamen</strong></span> <span class='ocrx_word' id='word_1_523' title='bbox 2625 1116 2802 1171; x_wconf 89' lang='lat' dir='ltr'><strong>adhuc</strong></span> <span class='ocrx_word' id='word_1_524' title='bbox 2858 1119 2912 1170; x_wconf 90' lang='lat' dir='ltr'><strong>in</strong></span> <span class='ocrx_word' id='word_1_525' title='bbox 2961 1119 3069 1172; x_wconf 90' lang='lat' dir='ltr'><strong>ima</strong></span> <span class='ocrx_word' id='word_1_526' title='bbox 3104 1118 3453 1188; x_wconf 86' lang='lat' dir='ltr'><strong>deprimitur,</strong></span> 
     </span>
    </p>
   </div>
   <div class='ocr_carea' id='block_1_71' title="bbox 1846 1203 3549 1275">
    <p class='ocr_par' dir='ltr' id='par_1_71' title="bbox 1846 1203 3549 1275">
     <span class='ocr_line' id='line_1_71' title="bbox 1846 1203 3549 1275; baseline 0.008 -20"><span class='ocrx_word' id='word_1_527' title='bbox 1846 1203 1924 1255; x_wconf 66' lang='lat' dir='ltr'><strong>ne</strong></span> <span class='ocrx_word' id='word_1_528' title='bbox 1951 1217 2047 1271; x_wconf 92' lang='lat' dir='ltr'><strong>per</strong></span> <span class='ocrx_word' id='word_1_529' title='bbox 2099 1211 2366 1258; x_wconf 86' lang='lat' dir='ltr'><strong>tumorem</strong></span> <span class='ocrx_word' id='word_1_530' title='bbox 2397 1207 2670 1275; x_wconf 63' lang='lat' dir='ltr'><strong>superbire</strong></span> <span class='ocrx_word' id='word_1_531' title='bbox 2724 1207 2790 1262; x_wconf 88' lang='lat' dir='ltr'><strong>de</strong></span> <span class='ocrx_word' id='word_1_532' title='bbox 2820 1209 3110 1264; x_wconf 81' lang='lat' dir='ltr'><strong>virtutibus</strong></span> <span class='ocrx_word' id='word_1_533' title='bbox 3140 1211 3457 1267; x_wconf 81' lang='lat' dir='ltr'><strong>extollatur.</strong></span> <span class='ocrx_word' id='word_1_534' title='bbox 3543 1269 3549 1274; x_wconf 93' lang='lat'>_</span> 
     </span>
    </p>
   </div>
   <div class='ocr_carea' id='block_1_72' title="bbox 1857 1290 3462 1359">
    <p class='ocr_par' dir='ltr' id='par_1_72' title="bbox 1857 1290 3462 1359">
     <span class='ocr_line' id='line_1_72' title="bbox 1857 1290 3462 1359; baseline 0.007 -12"><span class='ocrx_word' id='word_1_535' title='bbox 1857 1290 2120 1350; x_wconf 82' lang='lat' dir='ltr'><strong>Stimulos</strong></span> <span class='ocrx_word' id='word_1_536' title='bbox 2170 1297 2313 1350; x_wconf 85' lang='lat' dir='ltr'><strong>enim</strong></span> <span class='ocrx_word' id='word_1_537' title='bbox 2368 1299 2687 1353; x_wconf 87' lang='lat' dir='ltr'><strong>tentationis</strong></span> <span class='ocrx_word' id='word_1_538' title='bbox 2736 1299 2803 1354; x_wconf 89' lang='lat' dir='ltr'><strong>ad</strong></span> <span class='ocrx_word' id='word_1_539' title='bbox 2834 1303 3134 1356; x_wconf 84' lang='lat' dir='ltr'><strong>custodiam</strong></span> <span class='ocrx_word' id='word_1_540' title='bbox 3171 1305 3462 1359; x_wconf 85' lang='lat' dir='ltr'><strong>adhibetur</strong></span> 
     </span>
    </p>
   </div>
   <div class='ocr_carea' id='block_1_73' title="bbox 1854 1383 3460 1463">
    <p class='ocr_par' dir='ltr' id='par_1_73' title="bbox 1854 1383 3460 1463">
     <span class='ocr_line' id='line_1_73' title="bbox 1854 1383 3460 1463; baseline 0.008 -26"><span class='ocrx_word' id='word_1_541' title='bbox 1854 1383 2195 1439; x_wconf 84' lang='lat' dir='ltr'><strong>humilitatis.</strong></span> <span class='ocrx_word' id='word_1_542' title='bbox 2251 1387 2401 1441; x_wconf 88' lang='lat' dir='ltr'><strong>Unde</strong></span> <span class='ocrx_word' id='word_1_543' title='bbox 2432 1389 2565 1442; x_wconf 88' lang='lat' dir='ltr'><strong>dicit</strong></span> <span class='ocrx_word' id='word_1_544' title='bbox 2595 1390 2886 1458; x_wconf 84' lang='lat' dir='ltr'><strong>Apostolus</strong></span> <span class='ocrx_word' id='word_1_545' title='bbox 2920 1409 2934 1445; x_wconf 91' lang='lat'>:</span> <span class='ocrx_word' id='word_1_546' title='bbox 2978 1411 2994 1443; x_wconf 83' lang='grc' dir='ltr'><strong>ι</strong></span> <span class='ocrx_word' id='word_1_547' title='bbox 3034 1392 3112 1447; x_wconf 81' lang='lat' dir='ltr'><strong>Ne</strong></span> <span class='ocrx_word' id='word_1_548' title='bbox 3145 1395 3460 1463; x_wconf 88' lang='lat' dir='ltr'><strong>magnitudo</strong></span> 
     </span>
    </p>
   </div>
   <div class='ocr_carea' id='block_1_74' title="bbox 1855 1475 3459 1544">
    <p class='ocr_par' dir='ltr' id='par_1_74' title="bbox 1855 1475 3459 1544">
     <span class='ocr_line' id='line_1_74' title="bbox 1855 1475 3459 1544; baseline 0.006 -16"><span class='ocrx_word' id='word_1_549' title='bbox 1855 1475 2244 1530; x_wconf 88' lang='lat' dir='ltr'><strong>revelationum</strong></span> <span class='ocrx_word' id='word_1_550' title='bbox 2298 1478 2525 1533; x_wconf 79' lang='lat' dir='ltr'><strong>extollat</strong></span> <span class='ocrx_word' id='word_1_551' title='bbox 2566 1496 2672 1544; x_wconf 89' lang='lat' dir='ltr'><strong>me,</strong></span> <span class='ocrx_word' id='word_1_552' title='bbox 2724 1481 2884 1536; x_wconf 89' lang='lat' dir='ltr'><strong>datus</strong></span> <span class='ocrx_word' id='word_1_553' title='bbox 2913 1491 2995 1536; x_wconf 83' lang='lat' dir='ltr'><strong>cst</strong></span> <span class='ocrx_word' id='word_1_554' title='bbox 3034 1483 3162 1536; x_wconf 88' lang='lat' dir='ltr'><strong>mibi</strong></span> <span class='ocrx_word' id='word_1_555' title='bbox 3207 1484 3459 1538; x_wconf 88' lang='lat' dir='ltr'><strong>stimulus</strong></span> 
     </span>
    </p>
   </div>
   <div class='ocr_carea' id='block_1_75' title="bbox 1854 1566 3459 1645">
    <p class='ocr_par' dir='ltr' id='par_1_75' title="bbox 1854 1566 3459 1645">
     <span class='ocr_line' id='line_1_75' title="bbox 1854 1566 3459 1645; baseline 0.006 -27"><span class='ocrx_word' id='word_1_556' title='bbox 1854 1566 2034 1618; x_wconf 90' lang='lat' dir='ltr'><strong>carnis</strong></span> <span class='ocrx_word' id='word_1_557' title='bbox 2091 1582 2226 1619; x_wconf 67' lang='lat' dir='ltr'><strong>mere</strong></span> <span class='ocrx_word' id='word_1_558' title='bbox 2276 1569 2500 1639; x_wconf 86' lang='lat' dir='ltr'><strong>angelus</strong></span> <span class='ocrx_word' id='word_1_559' title='bbox 2556 1569 2811 1635; x_wconf 69' lang='lat' dir='ltr'><strong>Sataute,</strong></span> <span class='ocrx_word' id='word_1_560' title='bbox 2869 1573 2961 1640; x_wconf 85' lang='lat' dir='ltr'><strong>qui</strong></span> <span class='ocrx_word' id='word_1_561' title='bbox 3028 1588 3112 1626; x_wconf 89' lang='lat' dir='ltr'><strong>me</strong></span> <span class='ocrx_word' id='word_1_562' title='bbox 3153 1574 3459 1645; x_wconf 85' lang='lat' dir='ltr'><strong>colapbizet</strong></span> 
     </span>
    </p>
   </div>
   <div class='ocr_carea' id='block_1_76' title="bbox 1856 1653 3458 1737">
    <p class='ocr_par' dir='ltr' id='par_1_76' title="bbox 1856 1653 3458 1737">
     <span class='ocr_line' id='line_1_76' title="bbox 1856 1653 3458 1737; baseline 0.011 -32"><span class='ocrx_word' id='word_1_563' title='bbox 1856 1653 1907 1718; x_wconf 86' lang='grc' dir='ltr'><strong>(Ι</strong></span> <span class='ocrx_word' id='word_1_564' title='bbox 1950 1653 2070 1708; x_wconf 90' lang='lat' dir='ltr'><strong>Cor.</strong></span> <span class='ocrx_word' id='word_1_565' title='bbox 2106 1658 2228 1725; x_wconf 67' lang='grc' dir='ltr'>χιι).</span> <span class='ocrx_word' id='word_1_566' title='bbox 2272 1677 2290 1707; x_wconf 74' lang='grc' dir='ltr'><strong>ι</strong></span> <span class='ocrx_word' id='word_1_567' title='bbox 2338 1657 2461 1713; x_wconf 65' lang='lat' dir='ltr'><strong>llaec</strong></span> <span class='ocrx_word' id='word_1_568' title='bbox 2488 1675 2618 1731; x_wconf 79' lang='lat' dir='ltr'><strong>ergo</strong></span> <span class='ocrx_word' id='word_1_569' title='bbox 2662 1665 2888 1718; x_wconf 86' lang='lat' dir='ltr'><strong>tentatio</strong></span> <span class='ocrx_word' id='word_1_570' title='bbox 2927 1665 3155 1720; x_wconf 89' lang='lat' dir='ltr'><strong>visibilis</strong></span> <span class='ocrx_word' id='word_1_571' title='bbox 3193 1677 3300 1735; x_wconf 88' lang='lat' dir='ltr'><strong>est,</strong></span> <span class='ocrx_word' id='word_1_572' title='bbox 3329 1668 3458 1737; x_wconf 85' lang='lat' dir='ltr'><strong>quia</strong></span> 
     </span>
    </p>
   </div>
   <div class='ocr_carea' id='block_1_77' title="bbox 1854 1746 3016 1823">
    <p class='ocr_par' dir='ltr' id='par_1_77' title="bbox 1854 1746 3016 1823">
     <span class='ocr_line' id='line_1_77' title="bbox 1854 1746 3016 1823; baseline 0.009 -26"><span class='ocrx_word' id='word_1_573' title='bbox 1854 1746 2180 1814; x_wconf 81' lang='lat' dir='ltr'><strong>manifesta;</strong></span> <span class='ocrx_word' id='word_1_574' title='bbox 2216 1749 2524 1815; x_wconf 83' lang='lat' dir='ltr'><strong>laudabilis,</strong></span> <span class='ocrx_word' id='word_1_575' title='bbox 2558 1754 2687 1823; x_wconf 90' lang='lat' dir='ltr'><strong>quia</strong></span> <span class='ocrx_word' id='word_1_576' title='bbox 2715 1754 3016 1809; x_wconf 82' lang='lat' dir='ltr'><strong>salutifera.</strong></span> 
     </span>
    </p>
   </div>
   <div class='ocr_carea' id='block_1_78' title="bbox 2475 1843 2835 1899">
    <p class='ocr_par' dir='ltr' id='par_1_78' title="bbox 2475 1843 2835 1899">
     <span class='ocr_line' id='line_1_78' title="bbox 2475 1843 2835 1899; baseline 0.003 -2"><span class='ocrx_word' id='word_1_577' title='bbox 2475 1843 2704 1899; x_wconf 80' lang='lat' dir='ltr'><strong>CAPUT</strong></span> <span class='ocrx_word' id='word_1_578' title='bbox 2747 1845 2835 1898; x_wconf 73' lang='lat' dir='ltr'><strong>VI.</strong></span> 
     </span>
    </p>
   </div>
   <div class='ocr_carea' id='block_1_79' title="bbox 1982 1928 3328 2009">
    <p class='ocr_par' dir='ltr' id='par_1_79' title="bbox 1982 1928 3328 2009">
     <span class='ocr_line' id='line_1_79' title="bbox 1982 1928 3328 2009; baseline 0.011 -28"><span class='ocrx_word' id='word_1_579' title='bbox 1982 1928 2136 1993; x_wconf 85' lang='lat' dir='ltr'><strong>Quod</strong></span> <span class='ocrx_word' id='word_1_580' title='bbox 2175 1947 2297 1984; x_wconf 86' lang='lat' dir='ltr'><strong>caro</strong></span> <span class='ocrx_word' id='word_1_581' title='bbox 2331 1934 2384 1986; x_wconf 85' lang='lat' dir='ltr'><strong>in</strong></span> <span class='ocrx_word' id='word_1_582' title='bbox 2419 1935 2703 1988; x_wconf 86' lang='lat' dir='ltr'><strong>tentatione</strong></span> <span class='ocrx_word' id='word_1_583' title='bbox 2730 1938 3059 2006; x_wconf 79' lang='lat' dir='ltr'><strong>subjicienda</strong></span> <span class='ocrx_word' id='word_1_584' title='bbox 3095 1941 3328 2009; x_wconf 77' lang='lat' dir='ltr'><strong>spiritui.</strong></span> 
     </span>
    </p>
   </div>
   <div class='ocr_carea' id='block_1_80' title="bbox 1925 2019 3456 2102">
    <p class='ocr_par' dir='ltr' id='par_1_80' title="bbox 1925 2019 3456 2102">
     <span class='ocr_line' id='line_1_80' title="bbox 1925 2019 3456 2102; baseline 0.01 -29"><span class='ocrx_word' id='word_1_585' title='bbox 1925 2019 2051 2075; x_wconf 82' lang='lat' dir='ltr'><strong>Inde</strong></span> <span class='ocrx_word' id='word_1_586' title='bbox 2093 2024 2370 2091; x_wconf 81' lang='lat' dir='ltr'><strong>progressi</strong></span> <span class='ocrx_word' id='word_1_587' title='bbox 2412 2025 2638 2078; x_wconf 82' lang='lat' dir='ltr'><strong>veniunt</strong></span> <span class='ocrx_word' id='word_1_588' title='bbox 2690 2029 2742 2080; x_wconf 86' lang='lat' dir='ltr'><strong>in</strong></span> <span class='ocrx_word' id='word_1_589' title='bbox 2777 2028 3069 2095; x_wconf 81' lang='lat' dir='ltr'><strong>Ceclalha,</strong></span> <span class='ocrx_word' id='word_1_590' title='bbox 3115 2034 3257 2102; x_wconf 82' lang='lat' dir='ltr'><strong>quod</strong></span> <span class='ocrx_word' id='word_1_591' title='bbox 3284 2035 3456 2088; x_wconf 90' lang='lat' dir='ltr'><strong>inter-</strong></span> 
     </span>
    </p>
   </div>
   <div class='ocr_carea' id='block_1_81' title="bbox 1850 2113 3455 2196">
    <p class='ocr_par' dir='ltr' id='par_1_81' title="bbox 1850 2113 3455 2196">
     <span class='ocr_line' id='line_1_81' title="bbox 1850 2113 3455 2196; baseline 0.012 -35"><span class='ocrx_word' id='word_1_592' title='bbox 1850 2119 2115 2179; x_wconf 88' lang='lat' dir='ltr'><strong>pretatur,</strong></span> <span class='ocrx_word' id='word_1_593' title='bbox 2142 2113 2392 2178; x_wconf 66' lang='lat' dir='ltr'><strong>ecclesia;</strong></span> <span class='ocrx_word' id='word_1_594' title='bbox 2425 2125 2480 2167; x_wconf 93' lang='lat' dir='ltr'><strong>ut</strong></span> <span class='ocrx_word' id='word_1_595' title='bbox 2507 2117 2758 2172; x_wconf 86' lang='lat' dir='ltr'><strong>videlicet</strong></span> <span class='ocrx_word' id='word_1_596' title='bbox 2783 2121 3067 2177; x_wconf 84' lang='lat' dir='ltr'><strong>instabiles</strong></span> <span class='ocrx_word' id='word_1_597' title='bbox 3092 2126 3290 2194; x_wconf 84' lang='lat' dir='ltr'><strong>quique</strong></span> <span class='ocrx_word' id='word_1_598' title='bbox 3312 2165 3326 2190; x_wconf 94' lang='lat'><strong>,</strong></span> <span class='ocrx_word' id='word_1_599' title='bbox 3359 2127 3455 2196; x_wconf 89' lang='lat' dir='ltr'><strong>qui</strong></span> 
     </span>
    </p>
   </div>
   <div class='ocr_carea' id='block_1_82' title="bbox 1851 2205 3449 2286">
    <p class='ocr_par' dir='ltr' id='par_1_82' title="bbox 1851 2205 3449 2286">
     <span class='ocr_line' id='line_1_82' title="bbox 1851 2205 3449 2286; baseline 0.011 -31"><span class='ocrx_word' id='word_1_600' title='bbox 1851 2216 1911 2256; x_wconf 89' lang='lat' dir='ltr'><strong>se</strong></span> <span class='ocrx_word' id='word_1_601' title='bbox 1950 2218 2046 2271; x_wconf 90' lang='lat' dir='ltr'><strong>per</strong></span> <span class='ocrx_word' id='word_1_602' title='bbox 2089 2205 2344 2259; x_wconf 87' lang='lat' dir='ltr'><strong>vitiorum</strong></span> <span class='ocrx_word' id='word_1_603' title='bbox 2396 2207 2625 2278; x_wconf 90' lang='lat' dir='ltr'><strong>abrupta</strong></span> <span class='ocrx_word' id='word_1_604' title='bbox 2689 2214 3094 2282; x_wconf 56' lang='lat' dir='ltr'><strong>praecipitatur</strong></span> <span class='ocrx_word' id='word_1_605' title='bbox 3143 2216 3449 2286; x_wconf 87' lang='lat' dir='ltr'><strong>impellunt,</strong></span> 
     </span>
    </p>
   </div>
   <div class='ocr_carea' id='block_1_83' title="bbox 1852 2295 3449 2372">
    <p class='ocr_par' dir='ltr' id='par_1_83' title="bbox 1852 2295 3449 2372">
     <span class='ocr_line' id='line_1_83' title="bbox 1852 2295 3449 2372; baseline 0.01 -26"><span class='ocrx_word' id='word_1_606' title='bbox 1852 2307 2022 2347; x_wconf 68' lang='lat' dir='ltr'><strong>saerre</strong></span> <span class='ocrx_word' id='word_1_607' title='bbox 2069 2295 2364 2365; x_wconf 71' lang='lat' dir='ltr'><strong>Scriptura:</strong></span> <span class='ocrx_word' id='word_1_608' title='bbox 2394 2298 2566 2355; x_wconf 84' lang='lat' dir='ltr'><strong>frenis</strong></span> <span class='ocrx_word' id='word_1_609' title='bbox 2606 2303 2675 2354; x_wconf 91' lang='lat' dir='ltr'><strong>ad</strong></span> <span class='ocrx_word' id='word_1_610' title='bbox 2707 2301 3006 2358; x_wconf 87' lang='lat' dir='ltr'><strong>Ecclesiam</strong></span> <span class='ocrx_word' id='word_1_611' title='bbox 3057 2308 3449 2372; x_wconf 85' lang='lat' dir='ltr'><strong>retrabantur;</strong></span> 
     </span>
    </p>
   </div>
   <div class='ocr_carea' id='block_1_84' title="bbox 1850 2383 3454 2464">
    <p class='ocr_par' dir='ltr' id='par_1_84' title="bbox 1850 2383 3454 2464">
     <span class='ocr_line' id='line_1_84' title="bbox 1850 2383 3454 2464; baseline 0.009 -28"><span class='ocrx_word' id='word_1_612' title='bbox 1850 2383 1963 2436; x_wconf 87' lang='lat' dir='ltr'><strong>sive</strong></span> <span class='ocrx_word' id='word_1_613' title='bbox 1995 2385 2138 2451; x_wconf 91' lang='lat' dir='ltr'><strong>quod</strong></span> <span class='ocrx_word' id='word_1_614' title='bbox 2161 2384 2266 2439; x_wconf 90' lang='lat' dir='ltr'><strong>alia</strong></span> <span class='ocrx_word' id='word_1_615' title='bbox 2289 2396 2437 2441; x_wconf 87' lang='lat' dir='ltr'><strong>tenet</strong></span> <span class='ocrx_word' id='word_1_616' title='bbox 2466 2388 2654 2453; x_wconf 89' lang='lat' dir='ltr'><strong>editio,</strong></span> <span class='ocrx_word' id='word_1_617' title='bbox 2687 2389 2991 2458; x_wconf 83' lang='lat' dir='ltr'><strong>Maehebat,</strong></span> <span class='ocrx_word' id='word_1_618' title='bbox 3024 2395 3166 2463; x_wconf 90' lang='lat' dir='ltr'><strong>quod</strong></span> <span class='ocrx_word' id='word_1_619' title='bbox 3195 2404 3279 2450; x_wconf 88' lang='lat' dir='ltr'><strong>est</strong></span> <span class='ocrx_word' id='word_1_620' title='bbox 3304 2398 3454 2464; x_wconf 86' lang='lat' dir='ltr'><strong>prin-</strong></span> 
     </span>
    </p>
   </div>
   <div class='ocr_carea' id='block_1_85' title="bbox 1851 2474 3457 2553">
    <p class='ocr_par' dir='ltr' id='par_1_85' title="bbox 1851 2474 3457 2553">
     <span class='ocr_line' id='line_1_85' title="bbox 1851 2474 3457 2553; baseline 0.011 -28"><span class='ocrx_word' id='word_1_621' title='bbox 1851 2474 2053 2542; x_wconf 83' lang='lat' dir='ltr'><strong>cipatus</strong></span> <span class='ocrx_word' id='word_1_622' title='bbox 2108 2475 2284 2544; x_wconf 69' lang='lat' dir='ltr'><strong>rirgrc.</strong></span> <span class='ocrx_word' id='word_1_623' title='bbox 2343 2477 2496 2544; x_wconf 87' lang='lat' dir='ltr'><strong>Quod</strong></span> <span class='ocrx_word' id='word_1_624' title='bbox 2548 2489 2835 2551; x_wconf 81' lang='lat' dir='ltr'><strong>utrumque</strong></span> <span class='ocrx_word' id='word_1_625' title='bbox 2883 2494 3208 2553; x_wconf 84' lang='lat' dir='ltr'><strong>potestatem</strong></span> <span class='ocrx_word' id='word_1_626' title='bbox 3238 2487 3457 2542; x_wconf 70' lang='lat' dir='ltr'><strong>videtur</strong></span> 
     </span>
    </p>
   </div>
   <div class='ocr_carea' id='block_1_86' title="bbox 1851 2564 3458 2646">
    <p class='ocr_par' dir='ltr' id='par_1_86' title="bbox 1851 2564 3458 2646">
     <span class='ocr_line' id='line_1_86' title="bbox 1851 2564 3458 2646; baseline 0.01 -28"><span class='ocrx_word' id='word_1_627' title='bbox 1851 2566 2178 2633; x_wconf 75' lang='lat' dir='ltr'><strong>exprimere.</strong></span> <span class='ocrx_word' id='word_1_628' title='bbox 2219 2564 2383 2620; x_wconf 86' lang='lat' dir='ltr'><strong>Carni</strong></span> <span class='ocrx_word' id='word_1_629' title='bbox 2417 2569 2632 2646; x_wconf 87' lang='lat' dir='ltr'><strong>quippe,</strong></span> <span class='ocrx_word' id='word_1_630' title='bbox 2668 2586 2789 2640; x_wconf 82' lang='lat' dir='ltr'><strong>quae</strong></span> <span class='ocrx_word' id='word_1_631' title='bbox 2824 2583 3079 2638; x_wconf 87' lang='lat' dir='ltr'><strong>tentatur,</strong></span> <span class='ocrx_word' id='word_1_632' title='bbox 3121 2591 3346 2633; x_wconf 87' lang='lat' dir='ltr'><strong>necesse</strong></span> <span class='ocrx_word' id='word_1_633' title='bbox 3370 2589 3458 2634; x_wconf 85' lang='lat' dir='ltr'><strong>est</strong></span> 
     </span>
    </p>
   </div>
   <div class='ocr_carea' id='block_1_87' title="bbox 1849 2656 3456 2739">
    <p class='ocr_par' dir='ltr' id='par_1_87' title="bbox 1849 2656 3456 2739">
     <span class='ocr_line' id='line_1_87' title="bbox 1849 2656 3456 2739; baseline 0.011 -32"><span class='ocrx_word' id='word_1_634' title='bbox 1849 2663 1907 2708; x_wconf 90' lang='lat' dir='ltr'><strong>ut</strong></span> <span class='ocrx_word' id='word_1_635' title='bbox 1940 2656 2236 2724; x_wconf 86' lang='lat' dir='ltr'><strong>praesidens</strong></span> <span class='ocrx_word' id='word_1_636' title='bbox 2267 2656 2493 2728; x_wconf 77' lang='lat' dir='ltr'><strong>Spiritus</strong></span> <span class='ocrx_word' id='word_1_637' title='bbox 2520 2660 2879 2731; x_wconf 86' lang='lat' dir='ltr'><strong>priueipetur.</strong></span> <span class='ocrx_word' id='word_1_638' title='bbox 2929 2663 2998 2720; x_wconf 89' lang='lat' dir='ltr'><strong>Ut</strong></span> <span class='ocrx_word' id='word_1_639' title='bbox 3027 2682 3151 2720; x_wconf 87' lang='lat' dir='ltr'><strong>cum</strong></span> <span class='ocrx_word' id='word_1_640' title='bbox 3193 2667 3280 2722; x_wconf 81' lang='lat' dir='ltr'><strong>illa</strong></span> <span class='ocrx_word' id='word_1_641' title='bbox 3315 2667 3456 2739; x_wconf 88' lang='lat' dir='ltr'><strong>abji-</strong></span> 
     </span>
    </p>
   </div>
   <div class='ocr_carea' id='block_1_88' title="bbox 1849 2746 3456 2825">
    <p class='ocr_par' dir='ltr' id='par_1_88' title="bbox 1849 2746 3456 2825">
     <span class='ocr_line' id='line_1_88' title="bbox 1849 2746 3456 2825; baseline 0.007 -24"><span class='ocrx_word' id='word_1_642' title='bbox 1849 2746 1959 2801; x_wconf 89' lang='lat' dir='ltr'><strong>ciat</strong></span> <span class='ocrx_word' id='word_1_643' title='bbox 1996 2762 2256 2816; x_wconf 88' lang='lat' dir='ltr'><strong>pugnam,</strong></span> <span class='ocrx_word' id='word_1_644' title='bbox 2308 2747 2412 2803; x_wconf 87' lang='lat' dir='ltr'><strong>iste</strong></span> <span class='ocrx_word' id='word_1_645' title='bbox 2445 2752 2603 2819; x_wconf 86' lang='lat' dir='ltr'><strong>quasi</strong></span> <span class='ocrx_word' id='word_1_646' title='bbox 2635 2754 2874 2825; x_wconf 83' lang='lat' dir='ltr'><strong>desuper</strong></span> <span class='ocrx_word' id='word_1_647' title='bbox 2904 2755 3135 2812; x_wconf 88' lang='lat' dir='ltr'><strong>intentet</strong></span> <span class='ocrx_word' id='word_1_648' title='bbox 3165 2759 3456 2813; x_wconf 83' lang='lat' dir='ltr'><strong>minaciter</strong></span> 
     </span>
    </p>
   </div>
   <div class='ocr_carea' id='block_1_89' title="bbox 1847 2841 3341 2923">
    <p class='ocr_par' dir='ltr' id='par_1_89' title="bbox 1847 2841 3341 2923">
     <span class='ocr_line' id='line_1_89' title="bbox 1847 2841 3341 2923; baseline 0.007 -29"><span class='ocrx_word' id='word_1_649' title='bbox 1847 2841 2078 2910; x_wconf 77' lang='lat' dir='ltr'><strong>virgam,</strong></span> <span class='ocrx_word' id='word_1_650' title='bbox 2113 2843 2240 2896; x_wconf 92' lang='lat' dir='ltr'><strong>dum</strong></span> <span class='ocrx_word' id='word_1_651' title='bbox 2276 2842 2437 2913; x_wconf 88' lang='lat' dir='ltr'><strong>rigidi</strong></span> <span class='ocrx_word' id='word_1_652' title='bbox 2469 2847 2696 2900; x_wconf 90' lang='lat' dir='ltr'><strong>terroris</strong></span> <span class='ocrx_word' id='word_1_653' title='bbox 2719 2847 2941 2903; x_wconf 83' lang='lat' dir='ltr'><strong>adhibet</strong></span> <span class='ocrx_word' id='word_1_654' title='bbox 2975 2850 3341 2923; x_wconf 87' lang='lat' dir='ltr'><strong>disciplinam.</strong></span> 
     </span>
    </p>
   </div>
   <div class='ocr_carea' id='block_1_90' title="bbox 1918 2931 3451 3015">
    <p class='ocr_par' dir='ltr' id='par_1_90' title="bbox 1918 2931 3451 3015">
     <span class='ocr_line' id='line_1_90' title="bbox 1918 2931 3451 3015; baseline 0.008 -29"><span class='ocrx_word' id='word_1_655' title='bbox 1918 2931 2127 2989; x_wconf 78' lang='lat' dir='ltr'><strong>Exinde</strong></span> <span class='ocrx_word' id='word_1_656' title='bbox 2157 2934 2376 2990; x_wconf 87' lang='lat' dir='ltr'><strong>venitur</strong></span> <span class='ocrx_word' id='word_1_657' title='bbox 2406 2935 2462 2991; x_wconf 87' lang='lat' dir='ltr'><strong>in</strong></span> <span class='ocrx_word' id='word_1_658' title='bbox 2493 2950 2734 2994; x_wconf 90' lang='lat' dir='ltr'><strong>montem</strong></span> <span class='ocrx_word' id='word_1_659' title='bbox 2768 2939 3000 3010; x_wconf 89' lang='lat' dir='ltr'><strong>Sepher,</strong></span> <span class='ocrx_word' id='word_1_660' title='bbox 3051 2944 3166 2998; x_wconf 89' lang='lat' dir='ltr'><strong>sive</strong></span> <span class='ocrx_word' id='word_1_661' title='bbox 3215 2945 3451 3015; x_wconf 85' lang='lat' dir='ltr'><strong>Scpbar,</strong></span> 
     </span>
    </p>
   </div>
   <div class='ocr_carea' id='block_1_91' title="bbox 1848 3026 3450 3106">
    <p class='ocr_par' dir='ltr' id='par_1_91' title="bbox 1848 3026 3450 3106">
     <span class='ocr_line' id='line_1_91' title="bbox 1848 3026 3450 3106; baseline 0.008 -29"><span class='ocrx_word' id='word_1_662' title='bbox 1848 3026 1992 3094; x_wconf 92' lang='lat' dir='ltr'><strong>quod</strong></span> <span class='ocrx_word' id='word_1_663' title='bbox 2016 3027 2326 3082; x_wconf 84' lang='lat' dir='ltr'><strong>tubicinatio</strong></span> <span class='ocrx_word' id='word_1_664' title='bbox 2377 3029 2702 3101; x_wconf 83' lang='lat' dir='ltr'><strong>appellatur.</strong></span> <span class='ocrx_word' id='word_1_665' title='bbox 2751 3031 2903 3087; x_wconf 89' lang='lat' dir='ltr'><strong>Tuba</strong></span> <span class='ocrx_word' id='word_1_666' title='bbox 2932 3035 3147 3106; x_wconf 83' lang='lat' dir='ltr'><strong>signum</strong></span> <span class='ocrx_word' id='word_1_667' title='bbox 3191 3047 3273 3091; x_wconf 86' lang='lat' dir='ltr'><strong>est</strong></span> <span class='ocrx_word' id='word_1_668' title='bbox 3299 3034 3450 3092; x_wconf 89' lang='lat' dir='ltr'><strong>belli.</strong></span> 
     </span>
    </p>
   </div>
   <div class='ocr_carea' id='block_1_92' title="bbox 1847 3115 3454 3191">
    <p class='ocr_par' dir='ltr' id='par_1_92' title="bbox 1847 3115 3454 3191">
     <span class='ocr_line' id='line_1_92' title="bbox 1847 3115 3454 3191; baseline 0.009 -21"><span class='ocrx_word' id='word_1_669' title='bbox 1847 3115 2032 3186; x_wconf 87' lang='lat' dir='ltr'><strong>Equus</strong></span> <span class='ocrx_word' id='word_1_670' title='bbox 2057 3118 2203 3173; x_wconf 90' lang='lat' dir='ltr'><strong>enim</strong></span> <span class='ocrx_word' id='word_1_671' title='bbox 2232 3120 2328 3175; x_wconf 88' lang='lat' dir='ltr'><strong>Dei</strong></span> <span class='ocrx_word' id='word_1_672' title='bbox 2368 3121 2631 3178; x_wconf 82' lang='lat' dir='ltr'><strong>odoratur</strong></span> <span class='ocrx_word' id='word_1_673' title='bbox 2674 3124 2906 3191; x_wconf 89' lang='lat' dir='ltr'><strong>bellum,</strong></span> <span class='ocrx_word' id='word_1_674' title='bbox 2944 3135 3001 3181; x_wconf 91' lang='lat' dir='ltr'><strong>et</strong></span> <span class='ocrx_word' id='word_1_675' title='bbox 3046 3143 3168 3181; x_wconf 90' lang='lat' dir='ltr'><strong>cum</strong></span> <span class='ocrx_word' id='word_1_676' title='bbox 3216 3129 3454 3184; x_wconf 90' lang='lat' dir='ltr'><strong>audierit</strong></span> 
     </span>
    </p>
   </div>
   <div class='ocr_carea' id='block_1_93' title="bbox 2887 3217 3451 3290">
    <p class='ocr_par' dir='ltr' id='par_1_93' title="bbox 2887 3217 3451 3290">
     <span class='ocr_line' id='line_1_93' title="bbox 2887 3217 3451 3290; baseline 0.007 -21"><span class='ocrx_word' id='word_1_677' title='bbox 2887 3233 2902 3280; x_wconf 89' lang='lat'><strong>;</strong></span> <span class='ocrx_word' id='word_1_678' title='bbox 2949 3227 3004 3271; x_wconf 92' lang='lat' dir='ltr'><strong>et</strong></span> <span class='ocrx_word' id='word_1_679' title='bbox 3037 3217 3212 3290; x_wconf 72' lang='lat' dir='ltr'><strong>miles)</strong></span> <span class='ocrx_word' id='word_1_680' title='bbox 3240 3219 3451 3274; x_wconf 81' lang='lat' dir='ltr'><strong>Christi</strong></span> 
     </span>
    </p>
   </div>
   <div class='ocr_carea' id='block_1_94' title="bbox 1844 3301 3453 3374">
    <p class='ocr_par' dir='ltr' id='par_1_94' title="bbox 1844 3301 3453 3374">
     <span class='ocr_line' id='line_1_94' title="bbox 1844 3301 3453 3374; baseline 0.011 -25"><span class='ocrx_word' id='word_1_681' title='bbox 1844 3310 1966 3350; x_wconf 89' lang='lat' dir='ltr'><strong>cum</strong></span> <span class='ocrx_word' id='word_1_682' title='bbox 1997 3313 2057 3351; x_wconf 91' lang='lat' dir='ltr'><strong>se</strong></span> <span class='ocrx_word' id='word_1_683' title='bbox 2085 3301 2422 3367; x_wconf 86' lang='lat' dir='ltr'><strong>persenserit</strong></span> <span class='ocrx_word' id='word_1_684' title='bbox 2447 3301 2704 3356; x_wconf 80' lang='lat' dir='ltr'><strong>vitiorum</strong></span> <span class='ocrx_word' id='word_1_685' title='bbox 2732 3305 3103 3374; x_wconf 77' lang='lat' dir='ltr'><strong>ingruentium</strong></span> <span class='ocrx_word' id='word_1_686' title='bbox 3149 3311 3453 3365; x_wconf 83' lang='lat' dir='ltr'><strong>tentatione</strong></span> 
     </span>
    </p>
   </div>
   <div class='ocr_carea' id='block_1_95' title="bbox 1843 3386 3451 3471">
    <p class='ocr_par' dir='ltr' id='par_1_95' title="bbox 1843 3386 3451 3471">
     <span class='ocr_line' id='line_1_95' title="bbox 1843 3386 3451 3471; baseline 0.011 -32"><span class='ocrx_word' id='word_1_687' title='bbox 1843 3386 2124 3453; x_wconf 88' lang='lat' dir='ltr'><strong>vallatum,</strong></span> <span class='ocrx_word' id='word_1_688' title='bbox 2146 3389 2411 3444; x_wconf 89' lang='lat' dir='ltr'><strong>virtutum</strong></span> <span class='ocrx_word' id='word_1_689' title='bbox 2449 3393 2700 3458; x_wconf 88' lang='lat' dir='ltr'><strong>protinus</strong></span> <span class='ocrx_word' id='word_1_690' title='bbox 2731 3411 2883 3449; x_wconf 88' lang='lat' dir='ltr'><strong>arma</strong></span> <span class='ocrx_word' id='word_1_691' title='bbox 2909 3399 3234 3469; x_wconf 91' lang='lat' dir='ltr'><strong>corripiens,</strong></span> <span class='ocrx_word' id='word_1_692' title='bbox 3255 3415 3451 3471; x_wconf 84' lang='lat' dir='ltr'><strong>proce-</strong></span> 
     </span>
    </p>
   </div>
   <div class='ocr_carea' id='block_1_96' title="bbox 1841 3475 3449 3556">
    <p class='ocr_par' dir='ltr' id='par_1_96' title="bbox 1841 3475 3449 3556">
     <span class='ocr_line' id='line_1_96' title="bbox 1841 3475 3449 3556; baseline 0.011 -28"><span class='ocrx_word' id='word_1_693' title='bbox 1841 3475 1922 3529; x_wconf 86' lang='lat' dir='ltr'><strong>dit</strong></span> <span class='ocrx_word' id='word_1_694' title='bbox 1951 3478 2017 3531; x_wconf 91' lang='lat' dir='ltr'><strong>ad</strong></span> <span class='ocrx_word' id='word_1_695' title='bbox 2043 3477 2289 3548; x_wconf 69' lang='lat' dir='ltr'><strong>praelium</strong></span> <span class='ocrx_word' id='word_1_696' title='bbox 2315 3495 2332 3545; x_wconf 89' lang='lat'><strong>;</strong></span> <span class='ocrx_word' id='word_1_697' title='bbox 2358 3490 2413 3534; x_wconf 89' lang='lat' dir='ltr'><strong>et</strong></span> <span class='ocrx_word' id='word_1_698' title='bbox 2440 3482 2689 3537; x_wconf 83' lang='lat' dir='ltr'><strong>cominus</strong></span> <span class='ocrx_word' id='word_1_699' title='bbox 2717 3483 2770 3537; x_wconf 92' lang='lat' dir='ltr'><strong>in</strong></span> <span class='ocrx_word' id='word_1_700' title='bbox 2805 3485 2942 3540; x_wconf 90' lang='lat' dir='ltr'><strong>bella</strong></span> <span class='ocrx_word' id='word_1_701' title='bbox 2973 3490 3345 3556; x_wconf 83' lang='lat' dir='ltr'><strong>congreditur,</strong></span> <span class='ocrx_word' id='word_1_702' title='bbox 3378 3507 3449 3547; x_wconf 89' lang='lat' dir='ltr'><strong>ne</strong></span> 
     </span>
    </p>
   </div>
   <div class='ocr_carea' id='block_1_97' title="bbox 1843 3565 3450 3648">
    <p class='ocr_par' dir='ltr' id='par_1_97' title="bbox 1843 3565 3450 3648">
     <span class='ocr_line' id='line_1_97' title="bbox 1843 3565 3450 3648; baseline 0.011 -30"><span class='ocrx_word' id='word_1_703' title='bbox 1843 3565 2095 3634; x_wconf 81' lang='lat' dir='ltr'><strong>degeneri</strong></span> <span class='ocrx_word' id='word_1_704' title='bbox 2128 3577 2349 3638; x_wconf 86' lang='lat' dir='ltr'><strong>torpore</strong></span> <span class='ocrx_word' id='word_1_705' title='bbox 2389 3568 2620 3635; x_wconf 90' lang='lat' dir='ltr'><strong>solutus,</strong></span> <span class='ocrx_word' id='word_1_706' title='bbox 2662 3573 2730 3627; x_wconf 90' lang='lat' dir='ltr'><strong>ab</strong></span> <span class='ocrx_word' id='word_1_707' title='bbox 2757 3573 3089 3632; x_wconf 89' lang='lat' dir='ltr'><strong>adversariis</strong></span> <span class='ocrx_word' id='word_1_708' title='bbox 3118 3577 3277 3633; x_wconf 84' lang='lat' dir='ltr'><strong>facile</strong></span> <span class='ocrx_word' id='word_1_709' title='bbox 3304 3580 3450 3648; x_wconf 87' lang='lat' dir='ltr'><strong>peri-</strong></span> 
     </span>
    </p>
   </div>
   <div class='ocr_carea' id='block_1_98' title="bbox 1840 3660 3447 3735">
    <p class='ocr_par' dir='ltr' id='par_1_98' title="bbox 1840 3660 3447 3735">
     <span class='ocr_line' id='line_1_98' title="bbox 1840 3660 3447 3735; baseline 0.012 -29"><span class='ocrx_word' id='word_1_710' title='bbox 1840 3665 2046 3719; x_wconf 89' lang='lat' dir='ltr'><strong>matur,</strong></span> <span class='ocrx_word' id='word_1_711' title='bbox 2100 3665 2155 3709; x_wconf 90' lang='lat' dir='ltr'><strong>et</strong></span> <span class='ocrx_word' id='word_1_712' title='bbox 2188 3666 2317 3712; x_wconf 90' lang='lat' dir='ltr'><strong>ttmc</strong></span> <span class='ocrx_word' id='word_1_713' title='bbox 2365 3660 2566 3726; x_wconf 89' lang='lat' dir='ltr'><strong>poterit</strong></span> <span class='ocrx_word' id='word_1_714' title='bbox 2592 3661 2883 3732; x_wconf 86' lang='lat' dir='ltr'><strong>gloriosius</strong></span> <span class='ocrx_word' id='word_1_715' title='bbox 2911 3668 3035 3719; x_wconf 89' lang='lat' dir='ltr'><strong>tuba</strong></span> <span class='ocrx_word' id='word_1_716' title='bbox 3069 3683 3288 3735; x_wconf 89' lang='lat' dir='ltr'><strong>canere,</strong></span> <span class='ocrx_word' id='word_1_717' title='bbox 3343 3670 3447 3727; x_wconf 92' lang='lat' dir='ltr'><strong>hoc</strong></span> 
     </span>
    </p>
   </div>
   <div class='ocr_carea' id='block_1_99' title="bbox 1841 3742 3341 3833">
    <p class='ocr_par' dir='ltr' id='par_1_99' title="bbox 1841 3742 3341 3833">
     <span class='ocr_line' id='line_1_99' title="bbox 1841 3742 3341 3833; baseline 0.011 -38"><span class='ocrx_word' id='word_1_718' title='bbox 1841 3751 1946 3808; x_wconf 88' lang='lat' dir='ltr'><strong>est,</strong></span> <span class='ocrx_word' id='word_1_719' title='bbox 1979 3742 2046 3797; x_wconf 91' lang='lat' dir='ltr'><strong>ad</strong></span> <span class='ocrx_word' id='word_1_720' title='bbox 2070 3743 2355 3813; x_wconf 81' lang='lat' dir='ltr'><strong>spirituale</strong></span> <span class='ocrx_word' id='word_1_721' title='bbox 2387 3755 2667 3804; x_wconf 89' lang='lat' dir='ltr'><strong>certamen</strong></span> <span class='ocrx_word' id='word_1_722' title='bbox 2699 3759 2754 3806; x_wconf 89' lang='lat' dir='ltr'><strong>et</strong></span> <span class='ocrx_word' id='word_1_723' title='bbox 2776 3753 2913 3808; x_wconf 92' lang='lat' dir='ltr'><strong>alios</strong></span> <span class='ocrx_word' id='word_1_724' title='bbox 2938 3770 3259 3823; x_wconf 84' lang='lat' dir='ltr'><strong>provocare.</strong></span> <span class='ocrx_word' id='word_1_725' title='bbox 3337 3829 3341 3833; x_wconf 26' lang='grc' dir='ltr'>ι</span> 
     </span>
    </p>
   </div>
   <div class='ocr_carea' id='block_1_100' title="bbox 1915 3833 3446 3913">
    <p class='ocr_par' dir='ltr' id='par_1_100' title="bbox 1915 3833 3446 3913">
     <span class='ocr_line' id='line_1_100' title="bbox 1915 3833 3446 3913; baseline 0.012 -25"><span class='ocrx_word' id='word_1_726' title='bbox 1915 3833 2067 3892; x_wconf 89' lang='lat' dir='ltr'><strong>Unde</strong></span> <span class='ocrx_word' id='word_1_727' title='bbox 2097 3834 2450 3902; x_wconf 70' lang='lat' dir='ltr'><strong>illicdicitur,</strong></span> <span class='ocrx_word' id='word_1_728' title='bbox 2497 3839 2623 3908; x_wconf 91' lang='lat' dir='ltr'><strong>quia</strong></span> <span class='ocrx_word' id='word_1_729' title='bbox 2672 3841 2798 3898; x_wconf 91' lang='lat' dir='ltr'><strong>inde</strong></span> <span class='ocrx_word' id='word_1_730' title='bbox 2824 3844 3058 3913; x_wconf 88' lang='lat' dir='ltr'><strong>profecti</strong></span> <span class='ocrx_word' id='word_1_731' title='bbox 3091 3858 3359 3904; x_wconf 88' lang='lat' dir='ltr'><strong>venerunt</strong></span> <span class='ocrx_word' id='word_1_732' title='bbox 3388 3852 3446 3906; x_wconf 92' lang='lat' dir='ltr'><strong>in</strong></span> 
     </span>
    </p>
   </div>
   <div class='ocr_carea' id='block_1_101' title="bbox 1839 3921 3443 4010">
    <p class='ocr_par' dir='ltr' id='par_1_101' title="bbox 1839 3921 3443 4010">
     <span class='ocr_line' id='line_1_101' title="bbox 1839 3921 3443 4010; baseline 0.014 -35"><span class='ocrx_word' id='word_1_733' title='bbox 1839 3921 2073 3989; x_wconf 84' lang='lat' dir='ltr'><strong>Harada,</strong></span> <span class='ocrx_word' id='word_1_734' title='bbox 2108 3925 2224 3979; x_wconf 87' lang='lat' dir='ltr'><strong>sive</strong></span> <span class='ocrx_word' id='word_1_735' title='bbox 2257 3929 2400 3997; x_wconf 87' lang='lat' dir='ltr'><strong>quod</strong></span> <span class='ocrx_word' id='word_1_736' title='bbox 2427 3928 2556 3984; x_wconf 87' lang='lat' dir='ltr'><strong>alibi</strong></span> <span class='ocrx_word' id='word_1_737' title='bbox 2588 3932 2809 3999; x_wconf 93' lang='lat' dir='ltr'><strong>dicitur,</strong></span> <span class='ocrx_word' id='word_1_738' title='bbox 2839 3937 2892 3990; x_wconf 84' lang='lat' dir='ltr'><strong>in</strong></span> <span class='ocrx_word' id='word_1_739' title='bbox 2923 3937 3087 4010; x_wconf 75' lang='lat'><strong>566</strong></span> <span class='ocrx_word' id='word_1_740' title='bbox 3107 3940 3443 4009; x_wconf 85' lang='lat' dir='ltr'><strong>Cbaradath,</strong></span> 
     </span>
    </p>
   </div>
   <div class='ocr_carea' id='block_1_102' title="bbox 1839 4013 3445 4099">
    <p class='ocr_par' dir='ltr' id='par_1_102' title="bbox 1839 4013 3445 4099">
     <span class='ocr_line' id='line_1_102' title="bbox 1839 4013 3445 4099; baseline 0.014 -34"><span class='ocrx_word' id='word_1_741' title='bbox 1839 4013 1983 4082; x_wconf 88' lang='lat' dir='ltr'><strong>quod</strong></span> <span class='ocrx_word' id='word_1_742' title='bbox 2015 4015 2068 4068; x_wconf 90' lang='lat' dir='ltr'><strong>in</strong></span> <span class='ocrx_word' id='word_1_743' title='bbox 2117 4027 2304 4071; x_wconf 89' lang='lat' dir='ltr'><strong>nostra</strong></span> <span class='ocrx_word' id='word_1_744' title='bbox 2355 4018 2536 4090; x_wconf 85' lang='lat' dir='ltr'><strong>lingua</strong></span> <span class='ocrx_word' id='word_1_745' title='bbox 2590 4033 2770 4090; x_wconf 90' lang='lat' dir='ltr'><strong>sonat,</strong></span> <span class='ocrx_word' id='word_1_746' title='bbox 2808 4026 3028 4081; x_wconf 82' lang='lat' dir='ltr'><strong>idoneus</strong></span> <span class='ocrx_word' id='word_1_747' title='bbox 3072 4032 3333 4099; x_wconf 75' lang='lat' dir='ltr'><strong>effectus;</strong></span> <span class='ocrx_word' id='word_1_748' title='bbox 3363 4027 3445 4089; x_wconf 86' lang='lat' dir='ltr'><strong>ut</strong></span> 
     </span>
    </p>
   </div>
   <div class='ocr_carea' id='block_1_103' title="bbox 1838 4105 3444 4184">
    <p class='ocr_par' dir='ltr' id='par_1_103' title="bbox 1838 4105 3444 4184">
     <span class='ocr_line' id='line_1_103' title="bbox 1838 4105 3444 4184; baseline 0.014 -26"><span class='ocrx_word' id='word_1_749' title='bbox 1838 4105 1954 4175; x_wconf 91' lang='lat' dir='ltr'><strong>ipse</strong></span> <span class='ocrx_word' id='word_1_750' title='bbox 1978 4107 2235 4162; x_wconf 87' lang='lat' dir='ltr'><strong>nimirum</strong></span> <span class='ocrx_word' id='word_1_751' title='bbox 2260 4108 2377 4179; x_wconf 87' lang='lat' dir='ltr'><strong>jam</strong></span> <span class='ocrx_word' id='word_1_752' title='bbox 2434 4114 2754 4182; x_wconf 48' lang='lat' dir='ltr'><strong>praedicator</strong></span> <span class='ocrx_word' id='word_1_753' title='bbox 2798 4118 2995 4184; x_wconf 88' lang='lat' dir='ltr'><strong>factus,</strong></span> <span class='ocrx_word' id='word_1_754' title='bbox 3037 4123 3233 4177; x_wconf 88' lang='lat' dir='ltr'><strong>merito</strong></span> <span class='ocrx_word' id='word_1_755' title='bbox 3262 4125 3444 4180; x_wconf 87' lang='lat' dir='ltr'><strong>valeat</strong></span> 
     </span>
    </p>
   </div>
   <div class='ocr_carea' id='block_1_104' title="bbox 1838 4198 3443 4272">
    <p class='ocr_par' dir='ltr' id='par_1_104' title="bbox 1838 4198 3443 4272">
     <span class='ocr_line' id='line_1_104' title="bbox 1838 4198 3443 4272; baseline 0.013 -22"><span class='ocrx_word' id='word_1_756' title='bbox 1838 4209 1960 4250; x_wconf 89' lang='lat' dir='ltr'><strong>cum</strong></span> <span class='ocrx_word' id='word_1_757' title='bbox 2011 4198 2269 4267; x_wconf 80' lang='lat' dir='ltr'><strong>Apostolo</strong></span> <span class='ocrx_word' id='word_1_758' title='bbox 2303 4202 2525 4258; x_wconf 91' lang='lat' dir='ltr'><strong>dicere:</strong></span> <span class='ocrx_word' id='word_1_759' title='bbox 2575 4222 2594 4254; x_wconf 84' lang='grc' dir='ltr'><strong>ι</strong></span> <span class='ocrx_word' id='word_1_760' title='bbox 2625 4205 2726 4272; x_wconf 88' lang='lat' dir='ltr'><strong>Qui</strong></span> <span class='ocrx_word' id='word_1_761' title='bbox 2760 4208 2984 4264; x_wconf 88' lang='lat' dir='ltr'><strong>idoneos</strong></span> <span class='ocrx_word' id='word_1_762' title='bbox 3021 4227 3120 4266; x_wconf 90' lang='lat' dir='ltr'><strong>nos</strong></span> <span class='ocrx_word' id='word_1_763' title='bbox 3168 4213 3300 4269; x_wconf 82' lang='lat' dir='ltr'><strong>fecit</strong></span> <span class='ocrx_word' id='word_1_764' title='bbox 3341 4215 3443 4272; x_wconf 84' lang='lat' dir='ltr'><strong>mi-</strong></span> 
     </span>
    </p>
   </div>
   <div class='ocr_carea' id='block_1_105' title="bbox 1838 4286 3003 4371">
    <p class='ocr_par' dir='ltr' id='par_1_105' title="bbox 1838 4286 3003 4371">
     <span class='ocr_line' id='line_1_105' title="bbox 1838 4286 3003 4371; baseline 0.014 -32"><span class='ocrx_word' id='word_1_765' title='bbox 1838 4286 2040 4342; x_wconf 92' lang='lat' dir='ltr'><strong>nistros</strong></span> <span class='ocrx_word' id='word_1_766' title='bbox 2071 4291 2192 4345; x_wconf 89' lang='lat' dir='ltr'><strong>novi</strong></span> <span class='ocrx_word' id='word_1_767' title='bbox 2229 4296 2537 4348; x_wconf 90' lang='lat' dir='ltr'><strong>testamenti</strong></span> <span class='ocrx_word' id='word_1_768' title='bbox 2563 4295 2652 4366; x_wconf 90' lang='grc' dir='ltr'><strong>(ΙΙ</strong></span> <span class='ocrx_word' id='word_1_769' title='bbox 2691 4297 2816 4353; x_wconf 82' lang='lat' dir='ltr'><strong>Cor.</strong></span> <span class='ocrx_word' id='word_1_770' title='bbox 2848 4304 2953 4371; x_wconf 88' lang='grc' dir='ltr'>ιιι).</span> <span class='ocrx_word' id='word_1_771' title='bbox 2986 4323 3003 4353; x_wconf 78' lang='grc' dir='ltr'><strong>ι</strong></span> 
     </span>
    </p>
   </div>
   <div class='ocr_carea' id='block_1_106' title="bbox 1910 4379 3439 4471">
    <p class='ocr_par' dir='ltr' id='par_1_106' title="bbox 1910 4379 3439 4471">
     <span class='ocr_line' id='line_1_106' title="bbox 1910 4379 3439 4471; baseline 0.017 -38"><span class='ocrx_word' id='word_1_772' title='bbox 1910 4379 2016 4434; x_wconf 89' lang='lat' dir='ltr'><strong>Sed</strong></span> <span class='ocrx_word' id='word_1_773' title='bbox 2068 4390 2122 4436; x_wconf 92' lang='lat' dir='ltr'><strong>et</strong></span> <span class='ocrx_word' id='word_1_774' title='bbox 2151 4383 2277 4439; x_wconf 88' lang='lat' dir='ltr'><strong>inde</strong></span> <span class='ocrx_word' id='word_1_775' title='bbox 2308 4386 2742 4456; x_wconf 84' lang='lat' dir='ltr'><strong>proficiscentes,</strong></span> <span class='ocrx_word' id='word_1_776' title='bbox 2793 4396 3018 4448; x_wconf 89' lang='lat' dir='ltr'><strong>veniunt</strong></span> <span class='ocrx_word' id='word_1_777' title='bbox 3060 4397 3115 4451; x_wconf 92' lang='lat' dir='ltr'><strong>in</strong></span> <span class='ocrx_word' id='word_1_778' title='bbox 3145 4398 3439 4471; x_wconf 81' lang='lat' dir='ltr'><strong>Macelotb,</strong></span> 
     </span>
    </p>
   </div>
   <div class='ocr_carea' id='block_1_107' title="bbox 1836 4471 3443 4561">
    <p class='ocr_par' dir='ltr' id='par_1_107' title="bbox 1836 4471 3443 4561">
     <span class='ocr_line' id='line_1_107' title="bbox 1836 4471 3443 4561; baseline 0.016 -39"><span class='ocrx_word' id='word_1_779' title='bbox 1836 4471 1979 4539; x_wconf 90' lang='lat' dir='ltr'><strong>quod</strong></span> <span class='ocrx_word' id='word_1_780' title='bbox 2005 4472 2416 4543; x_wconf 88' lang='lat' dir='ltr'><strong>interpretatur,</strong></span> <span class='ocrx_word' id='word_1_781' title='bbox 2443 4479 2507 4531; x_wconf 81' lang='lat' dir='ltr'><strong>ab</strong></span> <span class='ocrx_word' id='word_1_782' title='bbox 2549 4480 2719 4534; x_wconf 83' lang='lat' dir='ltr'><strong>initio.</strong></span> <span class='ocrx_word' id='word_1_783' title='bbox 2764 4481 3020 4553; x_wconf 87' lang='lat' dir='ltr'><strong>Quisquis</strong></span> <span class='ocrx_word' id='word_1_784' title='bbox 3044 4489 3190 4542; x_wconf 92' lang='lat' dir='ltr'><strong>enim</strong></span> <span class='ocrx_word' id='word_1_785' title='bbox 3214 4493 3282 4546; x_wconf 87' lang='lat' dir='ltr'><strong>ad</strong></span> <span class='ocrx_word' id='word_1_786' title='bbox 3318 4508 3443 4561; x_wconf 90' lang='lat' dir='ltr'><strong>per-</strong></span> 
     </span>
    </p>
   </div>
   <div class='ocr_carea' id='block_1_108' title="bbox 1835 4557 3442 4638">
    <p class='ocr_par' dir='ltr' id='par_1_108' title="bbox 1835 4557 3442 4638">
     <span class='ocr_line' id='line_1_108' title="bbox 1835 4557 3442 4638; baseline 0.016 -27"><span class='ocrx_word' id='word_1_787' title='bbox 1835 4557 2088 4615; x_wconf 89' lang='lat' dir='ltr'><strong>fectionis</strong></span> <span class='ocrx_word' id='word_1_788' title='bbox 2145 4579 2411 4619; x_wconf 90' lang='lat' dir='ltr'><strong>summam</strong></span> <span class='ocrx_word' id='word_1_789' title='bbox 2467 4571 2767 4635; x_wconf 87' lang='lat' dir='ltr'><strong>contendit,</strong></span> <span class='ocrx_word' id='word_1_790' title='bbox 2821 4575 3065 4629; x_wconf 87' lang='lat' dir='ltr'><strong>omnium</strong></span> <span class='ocrx_word' id='word_1_791' title='bbox 3097 4592 3280 4632; x_wconf 89' lang='lat' dir='ltr'><strong>rerum</strong></span> <span class='ocrx_word' id='word_1_792' title='bbox 3311 4557 3442 4638; x_wconf 78' lang='lat' dir='ltr'><strong>con-</strong></span> 
     </span>
    </p>
   </div>
   <div class='ocr_carea' id='block_1_109' title="bbox 1837 4651 3439 4728">
    <p class='ocr_par' dir='ltr' id='par_1_109' title="bbox 1837 4651 3439 4728">
     <span class='ocr_line' id='line_1_109' title="bbox 1837 4651 3439 4728; baseline 0.016 -26"><span class='ocrx_word' id='word_1_793' title='bbox 1837 4651 2128 4719; x_wconf 89' lang='lat' dir='ltr'><strong>templatur</strong></span> <span class='ocrx_word' id='word_1_794' title='bbox 2160 4654 2395 4719; x_wconf 88' lang='lat' dir='ltr'><strong>initium,</strong></span> <span class='ocrx_word' id='word_1_795' title='bbox 2454 4658 2581 4711; x_wconf 90' lang='lat' dir='ltr'><strong>dum</strong></span> <span class='ocrx_word' id='word_1_796' title='bbox 2637 4673 2833 4716; x_wconf 87' lang='lat' dir='ltr'><strong>cuncta</strong></span> <span class='ocrx_word' id='word_1_797' title='bbox 2883 4665 3154 4720; x_wconf 84' lang='lat' dir='ltr'><strong>viscerum</strong></span> <span class='ocrx_word' id='word_1_798' title='bbox 3212 4685 3439 4728; x_wconf 88' lang='lat' dir='ltr'><strong>suorum</strong></span> 
     </span>
    </p>
   </div>
   <div class='ocr_carea' id='block_1_110' title="bbox 1834 4745 3431 4818">
    <p class='ocr_par' dir='ltr' id='par_1_110' title="bbox 1834 4745 3431 4818">
     <span class='ocr_line' id='line_1_110' title="bbox 1834 4745 3431 4818; baseline 0.017 -27"><span class='ocrx_word' id='word_1_799' title='bbox 1834 4750 1958 4793; x_wconf 84' lang='lat' dir='ltr'><strong>vota</strong></span> <span class='ocrx_word' id='word_1_800' title='bbox 1983 4745 2252 4798; x_wconf 81' lang='lat' dir='ltr'><strong>convertit</strong></span> <span class='ocrx_word' id='word_1_801' title='bbox 2283 4746 2351 4799; x_wconf 85' lang='lat' dir='ltr'><strong>ad</strong></span> <span class='ocrx_word' id='word_1_802' title='bbox 2407 4748 2594 4802; x_wconf 83' lang='lat' dir='ltr'><strong>Detnn.</strong></span> <span class='ocrx_word' id='word_1_803' title='bbox 2653 4751 2722 4803; x_wconf 77' lang='lat' dir='ltr'><strong>Et</strong></span> <span class='ocrx_word' id='word_1_804' title='bbox 2765 4753 2890 4806; x_wconf 89' lang='lat' dir='ltr'><strong>dum</strong></span> <span class='ocrx_word' id='word_1_805' title='bbox 2923 4771 3018 4809; x_wconf 88' lang='lat' dir='ltr'><strong>cor</strong></span> <span class='ocrx_word' id='word_1_806' title='bbox 3048 4759 3114 4812; x_wconf 91' lang='lat' dir='ltr'><strong>ad</strong></span> <span class='ocrx_word' id='word_1_807' title='bbox 3148 4770 3431 4818; x_wconf 87' lang='lat' dir='ltr'><strong>auctorem</strong></span> 
     </span>
    </p>
   </div>
   <div class='ocr_carea' id='block_1_111' title="bbox 1833 4829 3435 4908">
    <p class='ocr_par' dir='ltr' id='par_1_111' title="bbox 1833 4829 3435 4908">
     <span class='ocr_line' id='line_1_111' title="bbox 1833 4829 3435 4908; baseline 0.016 -26"><span class='ocrx_word' id='word_1_808' title='bbox 1833 4843 1988 4882; x_wconf 90' lang='lat' dir='ltr'><strong>suum</strong></span> <span class='ocrx_word' id='word_1_809' title='bbox 2014 4829 2218 4900; x_wconf 83' lang='lat' dir='ltr'><strong>jugitcr</strong></span> <span class='ocrx_word' id='word_1_810' title='bbox 2249 4834 2468 4904; x_wconf 79' lang='lat' dir='ltr'><strong>dirigit,</strong></span> <span class='ocrx_word' id='word_1_811' title='bbox 2520 4853 2547 4889; x_wconf 70' lang='grc' dir='ltr'>τι</span> <span class='ocrx_word' id='word_1_812' title='bbox 2601 4854 2779 4893; x_wconf 84' lang='lat' dir='ltr'><strong>rerum</strong></span> <span class='ocrx_word' id='word_1_813' title='bbox 2824 4844 3068 4899; x_wconf 89' lang='lat' dir='ltr'><strong>omnium</strong></span> <span class='ocrx_word' id='word_1_814' title='bbox 3120 4849 3275 4906; x_wconf 91' lang='lat' dir='ltr'><strong>initio</strong></span> <span class='ocrx_word' id='word_1_815' title='bbox 3326 4868 3435 4908; x_wconf 90' lang='lat' dir='ltr'><strong>non</strong></span> 
     </span>
    </p>
   </div>
   <div class='ocr_carea' id='block_1_112' title="bbox 1836 4921 3437 5003">
    <p class='ocr_par' dir='ltr' id='par_1_112' title="bbox 1836 4921 3437 5003">
     <span class='ocr_line' id='line_1_112' title="bbox 1836 4921 3437 5003; baseline 0.016 -30"><span class='ocrx_word' id='word_1_816' title='bbox 1836 4923 2062 4974; x_wconf 80' lang='lat' dir='ltr'><strong>recedit.</strong></span> <span class='ocrx_word' id='word_1_817' title='bbox 2102 4921 2195 4975; x_wconf 70' lang='lat' dir='ltr'><strong>\‘cl</strong></span> <span class='ocrx_word' id='word_1_818' title='bbox 2233 4925 2274 4978; x_wconf 80' lang='lat' dir='ltr'><strong>si</strong></span> <span class='ocrx_word' id='word_1_819' title='bbox 2308 4925 2596 4988; x_wconf 77' lang='lat' dir='ltr'><strong>Macelotb.</strong></span> <span class='ocrx_word' id='word_1_820' title='bbox 2650 4940 2705 4983; x_wconf 85' lang='lat' dir='ltr'><strong>ut</strong></span> <span class='ocrx_word' id='word_1_821' title='bbox 2735 4933 2953 5000; x_wconf 86' lang='lat' dir='ltr'><strong>quidam</strong></span> <span class='ocrx_word' id='word_1_822' title='bbox 2985 4937 3249 5003; x_wconf 88' lang='lat' dir='ltr'><strong>sentiunt,</strong></span> <span class='ocrx_word' id='word_1_823' title='bbox 3287 4941 3437 4998; x_wconf 84' lang='lat' dir='ltr'><strong>dica-</strong></span> 
     </span>
    </p>
   </div>
   <div class='ocr_carea' id='block_1_113' title="bbox 1835 5022 3434 5102">
    <p class='ocr_par' dir='ltr' id='par_1_113' title="bbox 1835 5022 3434 5102">
     <span class='ocr_line' id='line_1_113' title="bbox 1835 5022 3434 5102; baseline 0.015 -36"><span class='ocrx_word' id='word_1_824' title='bbox 1835 5023 1923 5066; x_wconf 91' lang='lat' dir='ltr'><strong>tur</strong></span> <span class='ocrx_word' id='word_1_825' title='bbox 1950 5025 2072 5070; x_wconf 79' lang='lat' dir='ltr'><strong>esse</strong></span> <span class='ocrx_word' id='word_1_826' title='bbox 2103 5028 2424 5084; x_wconf 85' lang='lat' dir='ltr'><strong>conventus,</strong></span> <span class='ocrx_word' id='word_1_827' title='bbox 2467 5037 2563 5089; x_wconf 89' lang='lat' dir='ltr'><strong>per</strong></span> <span class='ocrx_word' id='word_1_828' title='bbox 2590 5022 2693 5077; x_wconf 72' lang='lat' dir='ltr'><strong>hoc</strong></span> <span class='ocrx_word' id='word_1_829' title='bbox 2720 5023 2963 5080; x_wconf 80' lang='lat' dir='ltr'><strong>Ecclesia</strong></span> <span class='ocrx_word' id='word_1_830' title='bbox 2992 5027 3332 5102; x_wconf 83' lang='lat' dir='ltr'><strong>intelligitur.</strong></span> <span class='ocrx_word' id='word_1_831' title='bbox 3381 5037 3434 5090; x_wconf 91' lang='lat' dir='ltr'><strong>in</strong></span> 
     </span>
    </p>
   </div>
   <div class='ocr_carea' id='block_1_114' title="bbox 1833 5111 3435 5184">
    <p class='ocr_par' dir='ltr' id='par_1_114' title="bbox 1833 5111 3435 5184">
     <span class='ocr_line' id='line_1_114' title="bbox 1833 5111 3435 5184; baseline 0.016 -25"><span class='ocrx_word' id='word_1_832' title='bbox 1833 5124 1938 5177; x_wconf 85' lang='lat' dir='ltr'><strong>qua</strong></span> <span class='ocrx_word' id='word_1_833' title='bbox 1977 5111 2228 5166; x_wconf 86' lang='lat' dir='ltr'><strong>videlicet</strong></span> <span class='ocrx_word' id='word_1_834' title='bbox 2260 5129 2290 5165; x_wconf 91' lang='lat' dir='ltr'><strong>a</strong></span> <span class='ocrx_word' id='word_1_835' title='bbox 2336 5115 2551 5169; x_wconf 89' lang='lat' dir='ltr'><strong>cunctis</strong></span> <span class='ocrx_word' id='word_1_836' title='bbox 2607 5116 2854 5173; x_wconf 65' lang='lat' dir='ltr'><strong>fidelibus</strong></span> <span class='ocrx_word' id='word_1_837' title='bbox 2901 5125 3240 5179; x_wconf 89' lang='lat' dir='ltr'><strong>convenitur.</strong></span> <span class='ocrx_word' id='word_1_838' title='bbox 3279 5125 3435 5184; x_wconf 89' lang='lat' dir='ltr'><strong>Unde</strong></span> 
     </span>
    </p>
   </div>
   <div class='ocr_carea' id='block_1_115' title="bbox 1833 5200 3430 5281">
    <p class='ocr_par' dir='ltr' id='par_1_115' title="bbox 1833 5200 3430 5281">
     <span class='ocr_line' id='line_1_115' title="bbox 1833 5200 3430 5281; baseline 0.013 -30"><span class='ocrx_word' id='word_1_839' title='bbox 1833 5200 2091 5254; x_wconf 60' lang='lat' dir='ltr'><strong>canitur:</strong></span> <span class='ocrx_word' id='word_1_840' title='bbox 2119 5220 2137 5253; x_wconf 82' lang='grc' dir='ltr'><strong>ι</strong></span> <span class='ocrx_word' id='word_1_841' title='bbox 2177 5202 2317 5258; x_wconf 86' lang='lat' dir='ltr'><strong>Ecce</strong></span> <span class='ocrx_word' id='word_1_842' title='bbox 2351 5220 2512 5272; x_wconf 86' lang='lat' dir='ltr'><strong>quam</strong></span> <span class='ocrx_word' id='word_1_843' title='bbox 2546 5205 2770 5272; x_wconf 90' lang='lat' dir='ltr'><strong>bonum,</strong></span> <span class='ocrx_word' id='word_1_844' title='bbox 2823 5219 2877 5264; x_wconf 90' lang='lat' dir='ltr'><strong>et</strong></span> <span class='ocrx_word' id='word_1_845' title='bbox 2925 5228 3088 5280; x_wconf 88' lang='lat' dir='ltr'><strong>quam</strong></span> <span class='ocrx_word' id='word_1_846' title='bbox 3129 5213 3430 5281; x_wconf 88' lang='lat' dir='ltr'><strong>jucundum</strong></span> 
     </span>
    </p>
   </div>
   <div class='ocr_carea' id='block_1_116' title="bbox 1829 5291 3135 5373">
    <p class='ocr_par' dir='ltr' id='par_1_116' title="bbox 1829 5291 3135 5373">
     <span class='ocr_line' id='line_1_116' title="bbox 1829 5291 3135 5373; baseline 0.009 -27"><span class='ocrx_word' id='word_1_847' title='bbox 1829 5291 2082 5347; x_wconf 87' lang='lat' dir='ltr'><strong>habitare</strong></span> <span class='ocrx_word' id='word_1_848' title='bbox 2106 5293 2307 5350; x_wconf 83' lang='lat' dir='ltr'><strong>fratres</strong></span> <span class='ocrx_word' id='word_1_849' title='bbox 2337 5295 2388 5349; x_wconf 90' lang='lat' dir='ltr'><strong>in</strong></span> <span class='ocrx_word' id='word_1_850' title='bbox 2420 5313 2585 5352; x_wconf 89' lang='lat' dir='ltr'><strong>unum</strong></span> <span class='ocrx_word' id='word_1_851' title='bbox 2615 5298 2789 5369; x_wconf 81' lang='lat' dir='ltr'><strong>(Psal.</strong></span> <span class='ocrx_word' id='word_1_852' title='bbox 2821 5306 3082 5373; x_wconf 75' lang='lat' dir='ltr'><strong>ccxxx“).</strong></span> <span class='ocrx_word' id='word_1_853' title='bbox 3118 5326 3135 5358; x_wconf 79' lang='grc' dir='ltr'><strong>ι</strong></span> 
     </span>
    </p>
   </div>
   <div class='ocr_carea' id='block_1_117' title="bbox 1901 5383 3427 5470">
    <p class='ocr_par' dir='ltr' id='par_1_117' title="bbox 1901 5383 3427 5470">
     <span class='ocr_line' id='line_1_117' title="bbox 1901 5383 3427 5470; baseline 0.011 -34"><span class='ocrx_word' id='word_1_854' title='bbox 1901 5383 2104 5439; x_wconf 88' lang='lat' dir='ltr'><strong>Deinde</strong></span> <span class='ocrx_word' id='word_1_855' title='bbox 2127 5387 2340 5440; x_wconf 72' lang='lat' dir='ltr'><strong>veni&#39;ur</strong></span> <span class='ocrx_word' id='word_1_856' title='bbox 2363 5387 2417 5442; x_wconf 91' lang='lat' dir='ltr'><strong>in</strong></span> <span class='ocrx_word' id='word_1_857' title='bbox 2445 5387 2710 5457; x_wconf 88' lang='lat' dir='ltr'><strong>Tbaratb,</strong></span> <span class='ocrx_word' id='word_1_858' title='bbox 2743 5393 2844 5457; x_wconf 88' lang='lat' dir='ltr'><strong>vel,</strong></span> <span class='ocrx_word' id='word_1_859' title='bbox 2871 5395 3014 5450; x_wconf 87' lang='lat' dir='ltr'><strong>sicut</strong></span> <span class='ocrx_word' id='word_1_860' title='bbox 3036 5395 3165 5450; x_wconf 89' lang='lat' dir='ltr'><strong>alibi</strong></span> <span class='ocrx_word' id='word_1_861' title='bbox 3205 5397 3427 5470; x_wconf 90' lang='lat' dir='ltr'><strong>legitur,</strong></span> 
     </span>
    </p>
   </div>
   <div class='ocr_carea' id='block_1_118' title="bbox 1829 5473 3425 5553">
    <p class='ocr_par' dir='ltr' id='par_1_118' title="bbox 1829 5473 3425 5553">
     <span class='ocr_line' id='line_1_118' title="bbox 1829 5473 3425 5553; baseline 0.011 -28"><span class='ocrx_word' id='word_1_862' title='bbox 1829 5473 1883 5526; x_wconf 86' lang='lat' dir='ltr'><strong>in</strong></span> <span class='ocrx_word' id='word_1_863' title='bbox 1906 5474 2100 5539; x_wconf 65' lang='lat' dir='ltr'><strong>(Iaath,</strong></span> <span class='ocrx_word' id='word_1_864' title='bbox 2150 5477 2293 5544; x_wconf 89' lang='lat' dir='ltr'><strong>quod</strong></span> <span class='ocrx_word' id='word_1_865' title='bbox 2318 5485 2400 5532; x_wconf 89' lang='lat' dir='ltr'><strong>est</strong></span> <span class='ocrx_word' id='word_1_866' title='bbox 2431 5480 2709 5547; x_wconf 78' lang='lat' dir='ltr'><strong>patientia,</strong></span> <span class='ocrx_word' id='word_1_867' title='bbox 2755 5483 2842 5537; x_wconf 82' lang='lat' dir='ltr'><strong>vel</strong></span> <span class='ocrx_word' id='word_1_868' title='bbox 2875 5485 3230 5553; x_wconf 75' lang='lat' dir='ltr'><strong>conﬁrmatio.</strong></span> <span class='ocrx_word' id='word_1_869' title='bbox 3263 5487 3425 5553; x_wconf 84' lang='lat' dir='ltr'><strong>Quis-</strong></span> 
     </span>
    </p>
   </div>
   <div class='ocr_carea' id='block_1_119' title="bbox 1826 5565 3427 5648">
    <p class='ocr_par' dir='ltr' id='par_1_119' title="bbox 1826 5565 3427 5648">
     <span class='ocr_line' id='line_1_119' title="bbox 1826 5565 3427 5648; baseline 0.011 -33"><span class='ocrx_word' id='word_1_870' title='bbox 1826 5565 1950 5632; x_wconf 85' lang='lat' dir='ltr'><strong>quis</strong></span> <span class='ocrx_word' id='word_1_871' title='bbox 1981 5565 2125 5618; x_wconf 90' lang='lat' dir='ltr'><strong>cnim</strong></span> <span class='ocrx_word' id='word_1_872' title='bbox 2165 5565 2440 5622; x_wconf 89' lang='lat' dir='ltr'><strong>desiderat</strong></span> <span class='ocrx_word' id='word_1_873' title='bbox 2471 5579 2671 5625; x_wconf 88' lang='lat' dir='ltr'><strong>terram</strong></span> <span class='ocrx_word' id='word_1_874' title='bbox 2715 5573 3010 5630; x_wconf 86' lang='lat' dir='ltr'><strong>viventium</strong></span> <span class='ocrx_word' id='word_1_875' title='bbox 3046 5590 3144 5648; x_wconf 86' lang='lat' dir='ltr'><strong>per</strong></span> <span class='ocrx_word' id='word_1_876' title='bbox 3189 5591 3427 5647; x_wconf 59' lang='lat' dir='ltr'><strong>praesen-</strong></span> 
     </span>
    </p>
   </div>
   <div class='ocr_carea' id='block_1_120' title="bbox 1828 5655 3421 5730">
    <p class='ocr_par' dir='ltr' id='par_1_120' title="bbox 1828 5655 3421 5730">
     <span class='ocr_line' id='line_1_120' title="bbox 1828 5655 3421 5730; baseline 0.009 -22"><span class='ocrx_word' id='word_1_877' title='bbox 1828 5656 1896 5708; x_wconf 86' lang='lat' dir='ltr'><strong>tis</strong></span> <span class='ocrx_word' id='word_1_878' title='bbox 1931 5655 2053 5709; x_wconf 76' lang='lat' dir='ltr'><strong>vitac</strong></span> <span class='ocrx_word' id='word_1_879' title='bbox 2085 5655 2298 5713; x_wconf 89' lang='lat' dir='ltr'><strong>labores</strong></span> <span class='ocrx_word' id='word_1_880' title='bbox 2335 5659 2564 5730; x_wconf 87' lang='lat' dir='ltr'><strong>ingredi,</strong></span> <span class='ocrx_word' id='word_1_881' title='bbox 2612 5679 2834 5720; x_wconf 84' lang='lat' dir='ltr'><strong>necesse</strong></span> <span class='ocrx_word' id='word_1_882' title='bbox 2885 5676 2969 5720; x_wconf 90' lang='lat' dir='ltr'><strong>est</strong></span> <span class='ocrx_word' id='word_1_883' title='bbox 2998 5682 3120 5722; x_wconf 89' lang='lat' dir='ltr'><strong>eum</strong></span> <span class='ocrx_word' id='word_1_884' title='bbox 3171 5666 3236 5721; x_wconf 87' lang='lat' dir='ltr'><strong>ad</strong></span> <span class='ocrx_word' id='word_1_885' title='bbox 3287 5667 3421 5723; x_wconf 84' lang='lat' dir='ltr'><strong>tole-</strong></span> 
     </span>
    </p>
   </div>
   <div class='ocr_carea' id='block_1_121' title="bbox 1831 5747 3415 5825">
    <p class='ocr_par' dir='ltr' id='par_1_121' title="bbox 1831 5747 3415 5825">
     <span class='ocr_line' id='line_1_121' title="bbox 1831 5747 3415 5825; baseline 0.008 -25"><span class='ocrx_word' id='word_1_886' title='bbox 1831 5747 1998 5802; x_wconf 87' lang='lat' dir='ltr'><strong>randa</strong></span> <span class='ocrx_word' id='word_1_887' title='bbox 2039 5749 2223 5804; x_wconf 88' lang='lat' dir='ltr'><strong>mundi</strong></span> <span class='ocrx_word' id='word_1_888' title='bbox 2281 5751 2522 5820; x_wconf 88' lang='lat' dir='ltr'><strong>pericula</strong></span> <span class='ocrx_word' id='word_1_889' title='bbox 2577 5769 2674 5824; x_wconf 88' lang='lat' dir='ltr'><strong>per</strong></span> <span class='ocrx_word' id='word_1_890' title='bbox 2708 5756 3028 5825; x_wconf 80' lang='lat' dir='ltr'><strong>patientiam</strong></span> <span class='ocrx_word' id='word_1_891' title='bbox 3082 5754 3415 5813; x_wconf 71' lang='lat' dir='ltr'><strong>confirmari.</strong></span> 
     </span>
    </p>
   </div>
   <div class='ocr_carea' id='block_1_122' title="bbox 2860 5847 2932 5904">
    <p class='ocr_par' dir='ltr' id='par_1_122' title="bbox 2860 5847 2932 5904">
     <span class='ocr_line' id='line_1_122' title="bbox 2860 5847 2932 5904; baseline 0.028 -2"><span class='ocrx_word' id='word_1_892' title='bbox 2860 5847 2932 5904; x_wconf 81' lang='grc'><strong>18</strong></span> 
     </span>
    </p>
   </div>
  </div>
