5664 6672
286 26 1172 267 τι,

2261 549 2365 607 555
2757 542 2816 597 S.
2856 534 3059 595 PETRI
3096 527 3382 589 DAHIANI
3417 526 3567 587 OPP.
3610 521 3844 583 TOMUS
3880 518 4013 579 SEU
4050 515 4231 577 PARS
4260 514 4346 573 lll.
4371 546 4444 560 —
4479 513 4844 575 OPUSCULA
4873 510 5103 570 VARIA.
5390 508 5485 567 556

2257 664 2357 723 Vel
2386 664 2430 718 si
2462 658 2729 719 Tbabatb,
2760 662 2816 708 ut
2850 669 2881 707 a
2906 649 3224 721 quibusdam
3264 645 3487 709 dicitur,
3510 640 3739 698 vertitur
3763 637 3821 693 in
3846 636 3903 701 Α
3923 634 4020 699 lat,
4048 634 4285 703 inquam,
4328 644 4451 687 cum
4496 630 4626 685 illud
4652 629 5019 700 evangelicum
5049 632 5230 681 servat
5263 640 5276 678 :
5309 621 5380 679 Ut
5426 638 5486 679 ne

2258 768 2533 828 pavorem,
2576 749 2778 804 dicatur
2808 741 3099 809 unicuique
3127 734 3381 799 certanti,
3537 730 3653 828 jam
3687 725 3829 782 forte

2259 818 2360 920 per
2384 844 2615 899 divinam
2657 836 2882 907 gratiam
2914 826 3307 899 triumphanti:
3352 844 3371 876 ι
3399 821 3516 877 Noli
3544 818 3711 874 altum
3739 830 3829 872 sa-

2258 952 2406 1008 pere,
2442 932 2532 987 sed
2572 930 2699 983 time
2729 925 2897 995 (Rom.
2922 924 3019 990 xi).
3060 937 3078 971 ι

2332 1025 2439 1081 Sed
2470 1022 2590 1076 inde
2635 1015 2859 1089 profecti
2892 1013 3119 1067 veniunt
3160 1012 3213 1066 in
3244 1007 3442 1070 Thare,
3478 1000 3621 1073 quod
3646 999 3832 1055 Graece

2264 1117 2477 1190 quidem
2509 1112 2719 1168 ecstasis
2742 1108 3146 1175 interpretatur,
3187 1102 3245 1156 in
3266 1108 3449 1156 nostra
3497 1108 3627 1150 vero
3650 1092 3832 1190 lingua

2261 1184 2457 1265 dicitur
2486 1198 2867 1268 contemplatio.
2899 1196 3247 1263 Consequens
3272 1198 3359 1246 est
3394 1187 3560 1253 enim,
3592 1192 3656 1240 ut
3684 1184 3832 1254 quis-

2259 1296 2382 1367 quis
2409 1302 2566 1349 antea
2604 1289 2861 1359 probetur
2886 1300 2982 1355 per
3007 1281 3342 1354 patientiam,
3371 1277 3597 1347 proinde
3620 1276 3685 1327 ad
3709 1288 3832 1329 eon-

2259 1363 2628 1457 templationis
2652 1379 2930 1449 perveniat
2963 1374 3189 1445 gratiam
3215 1390 3229 1438 ;
3275 1379 3331 1425 et
3358 1368 3450 1438 qui
3477 1368 3625 1437 prius
3654 1365 3712 1419 in
3733 1363 3831 1417 tri-

2263 1454 2543 1533 bulatione
2566 1468 2899 1540 deprimitur,
2927 1462 3265 1533 postmodum
3291 1459 3358 1513 ad
3385 1456 3605 1511 visionis
3635 1454 3835 1508 intimae

2260 1567 2506 1623 lmtitiam
2530 1560 2860 1617 sustollatur.
2895 1556 2991 1610 Sin
3022 1564 3201 1610 autem
3231 1552 3430 1615 Thare,
3453 1550 3591 1604 sicut
3620 1547 3833 1614 quidam

2264 1666 2477 1729 putant,
2510 1652 2741 1714 astutia,
2774 1647 2856 1703 vel
2891 1646 3094 1700 malitia
3124 1644 3282 1699 debet
3323 1639 3569 1705 intelligi,
3628 1635 3727 1689 hoc
3769 1631 3834 1684 ad

2262 1732 2623 1804 Eeclesiarum
2653 1739 2971 1813 prtepositos
2998 1751 3106 1790 non
3149 1732 3418 1788 immerito
3439 1729 3651 1783 videtur
3678 1737 3837 1793 posse

2264 1837 2500 1899 referri;
2557 1842 2616 1887 ut
2658 1812 2767 1901 ipsi
2810 1829 2923 1883 suis
2974 1822 3306 1879 auditoribus
3356 1821 3601 1880 timeant,
3661 1813 3752 1883 qui
3782 1812 3837 1865 in

2214 1960 2227 1981 ι
2268 1926 2620 1982 tentationum
2652 1918 2999 1974 tribulatione
3035 1915 3300 1968 laborant.
3336 1908 3548 1964 Astutia
3576 1906 3740 1967 enim,
3787 1912 3841 1956 et

3930 742 4067 783 unus
4093 726 4310 797 quidem
4334 739 4493 795 apex,
4520 732 4613 779 aut
4633 738 4799 779 unum
4826 722 4934 778 iota
4965 722 5029 776 de
5054 719 5168 791 lege
5196 728 5487 791 praetereat,

3931 819 4059 890 quin
4098 817 4277 873 omnia
4330 817 4461 872 ﬁant
4509 814 4725 887 (Matth.
4755 814 4831 883 v).
4885 811 4942 868 Si
4970 827 5098 867 vero
5145 810 5487 875 Beneiaaean,

3931 912 4070 967 sicut
4099 910 4316 980 quidam
4343 909 4552 973 dicunt,
4603 905 4928 962 transfertur
4954 905 5005 959 in
5031 903 5169 958 filios
5210 904 5493 957 necessita-

3930 1001 4025 1067 tis,
4052 1000 4166 1055 sive
4186 998 4457 1066 stridoris,
4485 999 4588 1054 hoc
4615 995 4908 1069 signiﬁcat,
4936 996 5061 1063 quia
5093 994 5337 1064 quisquis
5366 992 5493 1047 divi-

3931 1092 4015 1147 nis
4037 1089 4265 1161 eloquiis
4305 1090 4549 1145 eruditus
4582 1098 4699 1154 est,
4757 1097 4812 1142 et
4855 1084 5136 1141 atlluenter
5189 1086 5492 1146 instructus,

3930 1193 4153 1237 necesse
4179 1188 4262 1234 est
4290 1186 4352 1233 ut
4375 1185 4497 1248 post
4522 1192 4583 1234 se
4607 1187 4663 1233 et
4680 1177 4812 1232 alios
4833 1176 5031 1241 trahat,
5055 1190 5117 1229 ac
5135 1174 5273 1228 ﬁlios
5294 1173 5491 1243 gignat.

3931 1272 4139 1339 Quibus
4174 1271 4430 1325 nimirum
4458 1270 4584 1325 dum
4626 1269 4804 1333 ﬂetus,
4853 1277 4905 1321 et
4936 1267 5219 1321 stridorem
5262 1265 5496 1319 dentium

3932 1363 4221 1418 minaciter
4241 1360 4446 1430 objicit,
4479 1361 4873 1431 quodammodo
4898 1357 5274 1415 necessitatem
5303 1355 5404 1420 eis,
5446 1365 5497 1407 ut

3934 1455 4001 1507 ad
4041 1453 4208 1507 Deum
4253 1460 4658 1517 convertantur,
4700 1450 4946 1521 imponit.
5002 1450 5043 1504 li
5082 1461 5207 1504 sunt
5240 1462 5369 1519 ergo
5411 1446 5497 1500 filii

3935 1541 4298 1602 necessitatis,
4322 1540 4408 1595 vel
4438 1542 4722 1607 stridoris,
4773 1542 4837 1597 de
4864 1540 5056 1610 quibus
5100 1549 5153 1595 et
5197 1539 5495 1608 prophetico

3936 1634 4187 1687 canitur:
4230 1652 4247 1683 ‹
4280 1631 4479 1687 Aﬂ'erte
4507 1633 4756 1699 Domino,
4783 1632 4878 1688 ﬁlii
4910 1632 5024 1695 Dei,
5058 1630 5243 1686 ail‘erte
5277 1631 5494 1687 Domino

3938 1724 4076 1779 ﬁlios
4101 1723 4331 1779 arietum
4363 1725 4536 1797 (Paul.
4563 1726 4777 1795 xxvm).
4809 1745 4828 1776 ι

4544 1833 4768 1889 CAPUT
4810 1832 4913 1887 ιιι.

4210 1904 4382 1965 Quare
4415 1906 4630 1957 tenttttt'o
4662 1905 4839 1959 rirtutt’
4862 1903 5228 1957 admisceatur.

2266 2011 2472 2073 malitia
2504 2015 2645 2067 illius
2686 2010 2921 2065 cavenda
2953 2016 3051 2068 est,
3097 2006 3165 2059 de
3193 2019 3297 2075 quo
3342 2003 3539 2057 dicitur
3572 2019 3582 2053 :
3638 2017 3655 2049 ι
3694 1996 3835 2063 Quo-
3866 1993 3914 2054 Β
4012 1996 4142 2051 Post
4175 1997 4289 2051 hate
4316 1998 4613 2052 ascendunt
4640 1997 4692 2051 in
4728 2007 4966 2053 montem
4998 1996 5231 2065 Gadgad,
5264 1995 5403 2065 quod
5428 1995 5499 2049 in-

2268 2110 2410 2162 niam
2434 2102 2772 2160 adversarius
2796 2108 2976 2155 noster
3004 2112 3258 2167 tanquam
3285 2095 3369 2149 leo
3384 2095 3603 2162 rugiens
3625 2090 3835 2154 circuit,

2268 2212 2515 2268 quaerens
2548 2208 2706 2264 quem
2728 2194 2950 2247 devoret
2984 2189 3031 2257 (I
3062 2186 3207 2241 Petr.
3236 2185 3310 2256 v).
3344 2204 3362 2236 ι»

2340 2287 2539 2341 Deinde
2579 2283 2875 2353 procedunt
2913 2282 2965 2334 in
2998 2280 3229 2340 Methca,
3270 2276 3384 2333 vel.
3440 2276 3576 2329 sicut
3609 2271 3732 2327 alibi
3765 2272 3841 2325 le-

2270 2378 2433 2449 gitur,
2491 2374 2774 2435 Maatbica,
2829 2370 2970 2440 quod
3026 2374 3453 2437 interpretatur,
3506 2381 3645 2417 mors
3684 2382 3835 2415 noro.

2270 2468 2551 2535 Nunquam
2607 2472 2716 2517 tam
2767 2462 3002 2531 perfecte
3049 2457 3310 2512 diabolica
3358 2466 3578 2510 cavetur
3619 2456 3811 2508 astuti:-

2270 2572 2429 2625 qsam
2456 2554 2501 2607 si
2522 2552 2741 2607 Christo
2770 2550 3157 2605 connuorimur
3183 2565 3196 2609 ;
3230 2555 3286 2601 ut
3312 2557 3563 2615 tanquam
3612 2547 3839 2599 insensi-

2270 2647 2406 2701 biles
2434 2645 2501 2698 ad
2528 2643 2701 2698 bostis
2727 2640 2905 2697 callidi
2940 2648 3271 2694 tcutamcnta
3312 2639 3614 2695 reddamur.
3669 2636 3838 2703 Quam

2272 2754 2467 2793 novam
2501 2747 2732 2792 mortem
2758 2735 3139 2804 contemplatio
3178 2736 3339 2803 parit,
3379 2747 3497 2801 quae
3542 2733 3752 2786 scilicet
3792 2742 3846 2786 et

2271 2830 2531 2886 mundum
2552 2828 2731 2893 nobis,
2766 2835 2822 2882 et
2859 2841 2955 2881 nos
2987 2825 3187 2881 mundo
3211 2834 3454 2879 mortuos
3487 2822 3665 2876 emcit.
3693 2822 3844 2888 Quod

2271 2922 2317 2977 si
2348 2918 2580 2983 Methca,
2611 2924 2670 2971 ut
2700 2916 3020 2987 quibusdam
3050 2915 3247 2983 placet,
3287 2914 3337 2968 in
3368 2912 3701 2968 dulcedinem
3727 2926 3845 2967 ver-

2172 3015 2181 3019 ’
2270 3015 2407 3069 titur
2431 3028 2448 3078 ;
2477 3011 2605 3083 quid
2630 3010 2848 3075 mirum,
2906 3008 2952 3063 si
2982 3008 3048 3062 de
3075 3006 3535 3076 contemplatione
3561 3006 3627 3059 ad
3658 3006 3844 3060 dulce-

2272 3104 2451 3157 dinem
2481 3102 2748 3163 veniatur,
2771 3114 2896 3155 cum
2925 3100 3039 3168 ipsa
3068 3098 3451 3167 contemplatio
3476 3096 3552 3151 nil
3582 3097 3727 3152 aliud
3753 3098 3846 3165 sit,

2272 3208 2433 3264 quam
2461 3191 2764 3256 inetl‘abilis,
2792 3199 2847 3246 et
2871 3191 3133 3245 iunnensa
3168 3190 3442 3246 dulcedo?

2339 3283 2467 3339 Post
2488 3285 2601 3338 brcc
2627 3282 2838 3338 venitur
2865 3282 2921 3336 in
2945 3281 3234 3348 Hesmona,
3266 3297 3385 3352 quae
3412 3281 3676 3351 festinatio
3715 3281 3848 3336 dici-

3944 2098 4294 2159 terpretatur,
4342 2092 4576 2153 nuntius,
4614 2089 4697 2143 vel
4737 2089 5009 2152 accitu-tio,
5049 2088 5129 2141 vel
5168 2099 5311 2143 certe
5338 2090 5500 2141 conci-

3940 2183 4035 2233 sio.
4064 2180 4268 2246 Quibus
4294 2179 4435 2232 enim
4459 2180 4620 2232 verba
4647 2178 4740 2232 Dei
4782 2166 5174 2241 annuntiautus,
5208 2194 5299 2232 eos
5324 2176 5499 2246 procul

3944 2272 4105 2326 dubio
4134 2284 4478 2325 commonere
4500 2270 4775 2333 debemus,
4814 2279 4873 2322 ut
4898 2277 4953 2323 et
4983 2282 5039 2322 se
5063 2268 5315 2322 virtutum
5342 2269 5500 2322 armis

3945 2365 4247 2433 accingam,
4280 2370 4333 2415 et
4365 2361 4711 2415 invisibilium
4743 2360 4975 2413 hostium
5006 2358 5367 2427 spiritualibus
5397 2360 5495 2428 gla~

3945 2458 4046 2510 diis
4069 2466 4211 2525 terga
4238 2454 4551 2510 concidant.
4584 2453 4735 2518 Quod
4766 2452 4889 2504 dum
4917 2466 5010 2506 eos
5032 2466 5188 2520 agere
5211 2465 5313 2503 non
5337 2448 5501 2519 segni-

3944 2558 4026 2602 ter
4065 2548 4371 2611 edocemus,
4405 2558 4526 2599 cum
4561 2544 4641 2597 eis
4672 2541 4826 2597 simul
4858 2542 4921 2595 ad
4975 2554 5223 2595 montana
5253 2554 5501 2595 conscen-

3945 2637 4139 2691 dimus.
4178 2636 4329 2702 Quod
4372 2636 4417 2689 si
4461 2630 4703 2702 Gadgad,
4754 2640 4811 2684 ut
4840 2629 5053 2699 quidam
5094 2638 5302 2699 putant,
5332 2637 5499 2682 tenta-

3947 2738 4127 2782 mcnta
4162 2728 4464 2797 signiﬁcat;
4499 2728 4658 2779 datur
4688 2724 4934 2796 intelligi,
4985 2728 5230 2794 quoniam
5281 2722 5383 2788 his,
5415 2722 5500 2791 qui

3946 2819 4010 2871 ad
4043 2819 4318 2875 caelestem
4372 2818 4603 2886 patriam
4660 2816 4900 2879 tendum,
4951 2816 5271 2870 tentatiomjs
5326 2816 5502 2870 deesse

3944 2925 4049 2963 non
4081 2920 4328 2979 possunt.
4374 2910 4438 2963 Et
4469 2923 4609 2978 smpe
4651 2910 4877 2964 tentatio
4923 2908 5207 2963 viriutibus
5248 2909 5503 2975 admisce-

3947 3010 4058 3064 tur,
4106 3011 4166 3054 ιιι
4206 2999 4474 3054 laborioso
4504 2998 4705 3054 Christi
4740 2999 4894 3053 militi
4946 3014 5149 3055 merces
5176 2998 5390 3054 uberior
5421 3014 5502 3052 ac-

3948 3090 4215 3161 quiratur.

4020 3185 4085 3239 Et
4136 3185 4260 3255 quia
4307 3198 4406 3254 per
4454 3182 4593 3238 mala
4646 3183 4999 3238 tentationum
5057 3181 5123 3237 ad
5173 3182 5501 3253 praemiorum

3949 3274 4086 3330 bona
4116 3274 4395 3339 transitur,
4428 3286 4664 3343 congrue
4686 3272 4947 3341 sequitur,
4978 3271 5229 3342 quoniam
5248 3272 5366 3327 inde
5389 3287 5505 3342 pro-

2271 3387 2379 3431 tur.
2446 3374 2579 3429 Nam
2622 3384 2907 3443 postquam
2958 3373 3311 3443 pertingimus
3371 3375 3437 3428 ad
3498 3372 3837 3429 dulce‘linem
3870 3359 3917 3423 C
3948 3366 4075 3422 fecti
4101 3375 4366 3421 venerunt
4402 3366 4455 3421 in
4503 3364 4806 3430 Jetebatba,
4843 3366 4974 3428 sive,
5022 3374 5079 3417 ut
5110 3364 5233 3419 alibi
5282 3364 5491 3434 legitur,

2270 3465 2740 3535 contemplationis
2762 3506 2775 3529 ,
2820 3470 3024 3518 moram
3057 3478 3162 3519 non
3203 3462 3429 3518 ferimus
3460 3466 3750 3519 tarditatis.
3804 3464 3849 3520 Ο

2271 3571 2436 3629 quam
2466 3553 2692 3609 moleste
2723 3567 2929 3606 moram
2978 3553 3282 3622 patiebatur
3314 3552 3426 3619 ille,
3466 3554 3557 3624 qui
3588 3554 3801 3609 dicebat
3832 3572 3843 3607 :

2278 3665 2299 3699 ι
2338 3644 2557 3699 Utinam
2603 3643 2942 3711 dirumperes
2971 3641 3157 3707 eteius,
3214 3651 3269 3696 et
3298 3642 3673 3709 descenderes,
3701 3653 3753 3697 et
3788 3643 3849 3698 li-

2273 3734 2573 3807 queﬁerent
2620 3740 2834 3787 montes
2878 3747 2909 3785 a
2942 3731 3078 3787 facie
3116 3741 3205 3786 tua
3235 3731 3369 3799 (Ira.
3403 3734 3568 3805 xcvi).
3623 3753 3641 3786 ι
3676 3735 3847 3802 Quam

2273 3829 2510 3901 graviter
2540 3827 2677 3880 hanc
2700 3839 2904 3879 moram
2934 3824 3139 3880 ferebat
3169 3825 3277 3889 ille,
3303 3826 3393 3895 qui
3418 3826 3629 3882 dicebat
3654 3844 3666 3879 :
3702 3846 3720 3877 ‹
3744 3826 3849 3881 Cu-

2272 3918 2365 3988 pio
2398 3914 2639 3980 dissolvi,
2672 3923 2727 3969 et
2756 3928 2875 3969 esse
2898 3929 3021 3969 cum
3046 3912 3262 3969 Christo
3291 3912 3513 3985 (Philip.
3542 3915 3601 3985 ι),
3628 3934 3647 3967 ι
3682 3915 3848 3975 multo

2274 4008 2448 4080 magis
2475 4006 2683 4062 melius.
2716 4005 2811 4059 Sin
2840 4014 3017 4060 autem
3044 4022 3074 4059 a
3104 4005 3281 4061 Senna
3327 4007 3537 4061 dicatur
3557 4006 3700 4076 quod
3726 4021 3849 4060 ossa

2276 4100 2564 4172 signiﬁcat,
2593 4099 2697 4152 hoc
2726 4098 2792 4150 ad
2821 4099 2987 4152 robur
3032 4098 3353 4151 constantia:
3393 4098 3646 4167 pertinet.
3690 4097 3849 4164 Quod

2274 4206 2501 4248 necesse
2522 4203 2629 4255 est,
2659 4198 2716 4244 ut
2738 4188 2938 4244 Christi
2964 4198 3173 4244 amator
3196 4189 3413 4255 habeat,
3468 4204 3536 4245 ne
3579 4205 3675 4260 per
3702 4206 3849 4247 amo-

2280 4298 2398 4339 rem
2423 4283 2649 4337 nimium
2674 4281 2956 4350 impatiens
2979 4280 3091 4334 fiat.

2347 4367 2512 4445 567
2540 4371 2675 4426 Hinc
2695 4371 2806 4441 jam
2833 4372 3093 4425 transitur
3113 4371 3165 4425 in
3195 4369 3488 4437 Mosorotb,
3522 4372 3663 4441 quod
3691 4372 3850 4442 signi-

2278 4466 2443 4520 ﬁcare
2476 4471 2717 4533 putatur,
2770 4462 3066 4516 excludens.
3120 4463 3311 4517 Anima
3345 4463 3560 4533 quippe,
3610 4477 3728 4532 quas
3772 4462 3848 4517 ad

2276 4553 2575 4626 perfectum
2610 4554 2789 4622 sponsi
2826 4552 2907 4606 sui
2940 4568 3174 4607 amorem
3207 4556 3471 4623 pervenit,
3528 4554 3849 4610 tentationes

2278 4660 2307 4698 a
2330 4660 2389 4700 se
2413 4643 2588 4699 callidi
2625 4642 2958 4710 corruptoris
2983 4643 3236 4698 excludit.
3271 4643 3422 4699 Unde
3450 4645 3805 4715 etApostolus
3832 4664 3845 4700 :

2285 4754 2304 4787 ι
2342 4734 2537 4797 Nolite,
2577 4732 2774 4800 inquit,
2826 4734 3000 4787 locum
3034 4736 3163 4787 dare
3204 4734 3414 4790 diabolo
3442 4734 3659 4807 (Ep/res.
3685 4739 3780 4807 tv).
3820 4758 3840 4791 ι

2280 4823 2433 4891 Quod
2460 4825 2505 4876 si
2533 4820 2826 4886 Moserotb,
2851 4822 3004 4892 juxta
3041 4825 3298 4892 quosdam
3324 4826 3713 4897 interpretatur
3732 4832 3845 4885 vin-

2280 4915 2421 4980 cuia,
2447 4928 2609 4968 sanus
2646 4928 2741 4981 per
2773 4914 2975 4979 omnia,
3020 4923 3075 4967 et
3110 4929 3379 4985 congruus
3405 4918 3708 4974 intellectus
3732 4921 3847 4975 elu-

2278 5012 2382 5060 cet.
2443 5001 2706 5056 Nimirum
2756 5009 2942 5056 sancta
2984 5003 3237 5070 quaelibet
3266 5006 3463 5073 anima,
3492 5023 3611 5077 quas
3640 5010 3848 5065 ccelesti

2281 5102 2477 5163 sponso
2501 5093 2555 5147 in
2582 5105 2766 5147 amore
2791 5092 3157 5161 coniungitur,
3188 5109 3408 5150 necesse
3450 5105 3533 5151 est
3557 5108 3617 5152 ut
3638 5098 3687 5153 ei
3716 5100 3849 5154 assi-

2282 5183 2404 5237 duis
2429 5180 2826 5249 Scripturarum
2849 5183 3305 5248 meditationibus,
3337 5187 3490 5255 quasi
3530 5189 3849 5256 quibusdam

2282 5271 2513 5327 vinculis
2538 5270 2888 5327 insolabiliter
2932 5281 3307 5329 connectatur.
3333 5275 3410 5331 De
3437 5277 3633 5348 quibus
3658 5279 3849 5334 vincu-

2282 5359 2351 5417 lis
2372 5361 2591 5418 Cbristo
2619 5374 2717 5431 per
2756 5360 2948 5417 Isaiam
2996 5364 3223 5421 dicitur:
3269 5385 3289 5419 ι
3318 5367 3433 5423 Viri
3478 5369 3733 5426 sublimes
3782 5370 3851 5425 ad

2288 5456 2339 5505 te
2364 5450 2687 5515 tmusibunt,
2743 5457 2797 5505 et
2829 5449 2908 5505 tui
2938 5461 3116 5519 erunt,
3167 5462 3222 5509 et
3248 5464 3371 5526 post
3401 5464 3456 5514 te
3500 5460 3852 5516 ambulabunt

2286 5540 2515 5611 colligati
2548 5540 2771 5597 vinculis
2798 5541 2934 5611 (Ira.
2959 5544 3105 5613 xw).
3138 5562 3159 5597 ι

2359 5626 2511 5687 Unde
2564 5646 2667 5687 non
2724 5632 2992 5689 immerito
3038 5634 3152 5705 jam
3200 5640 3413 5697 venitur
3458 5643 3513 5698 in
3568 5643 3848 5710 Banaeim,

2289 5720 2427 5790 quod
2474 5720 2737 5791 signiﬁcat
2770 5723 2955 5791 fontes,
2993 5726 3075 5780 vel
3111 5728 3493 5796 excolationes,
3532 5734 3583 5788 id
3612 5745 3713 5799 est,
3754 5735 3847 5790 ubi

2289 5810 2590 5864 divinarum
2627 5810 3021 5881 Scripturarum
3065 5815 3237 5871 fontes
3267 5820 3443 5876 anima
3471 5820 3626 5888 bibit,
3672 5833 3728 5877 et
3750 5839 3848 5878 ex-

2290 5900 2449 5969 colat,
2472 5903 2578 5959 hoc
2603 5911 2706 5972 est,
2736 5906 3003 5963 subtiliter
3036 5917 3249 5977 tractat,
3299 5922 3355 5968 et
3385 5915 3638 5969 ruminat.
3676 5915 3848 5972 Exco-

3949 3455 4225 3521 Jatbatba,
4258 3456 4395 3526 quod
4446 3457 4848 3525 interpretatur,
4884 3454 5102 3520 bonitas,
5152 3455 5263 3509 sive
5292 3455 5496 3509 bonum.

3950 3546 4090 3619 Ergo
4119 3562 4215 3617 per
4260 3546 4629 3615 experimenta
4670 3546 5025 3599 tentationum
5082 3544 5148 3599 ad
5196 3545 5503 3612 bonitatem,

3950 3651 4068 3707 quae.
4092 3637 4278 3706 procul
4303 3637 4466 3690 dubio
4495 3636 4739 3693 Christus
4761 3642 4864 3702 est,
4894 3634 5217 3705 pervenitur.

4019 3725 4144 3780 Inde
4167 3724 4393 3796 profecti
4434 3736 4557 3780 sunt
4594 3725 4647 3778 in
4673 3724 4908 3791 Ebrona,
4953 3724 5091 3793 quod
5132 3723 5376 3777 transitus
5414 3739 5504 3795 ap-

3946 3814 4195 3885 pellatur.
4244 3815 4438 3869 Aniino
4465 3815 4661 3884 quippe
4691 3812 5016 3868 transeunda
5046 3822 5168 3868 sunt
5191 3804 5406 3878 omnia";
5454 3824 5505 3867 et

3949 3907 4003 3960 in
4035 3921 4157 3958 cum
4182 3905 4355 3959 solum
4393 3904 4558 3959 debes
4588 3904 4830 3959 obtutum
4878 3904 5071 3957 mentis
5115 3900 5348 3971 inﬁgere,
5386 3916 5502 3957 cun

3948 4010 4055 4066 quo
4086 3996 4203 4050 sine
4234 3994 4466 4051 transitu
4498 3993 4677 4048 valeas
4704 4008 5039 4063 permanere.
5080 4018 5097 4023 -

4018 4086 4147 4141 Post
4170 4087 4282 4141 haec
4302 4086 4528 4141 veniunt
4554 4086 4608 4139 in
4631 4083 4987 4155 Asiongaber,
5019 4083 5158 4154 quod
5194 4083 5509 4153 interpreta-

3949 4190 4058 4246 tur,
4086 4181 4311 4236 consilia
4342 4182 4459 4237 viri.
4512 4179 4802 4251 Postquam
4849 4180 4991 4235 enim
5022 4193 5118 4234 nos
5158 4178 5211 4233 in
5240 4179 5507 4235 Christqu

3948 4274 4171 4330 omnino
4193 4271 4530 4344 projicimus,
4554 4281 4839 4343 postquam
4872 4272 4925 4326 in
4954 4287 5074 4326 eum
5104 4285 5311 4326 omnem
5335 4272 5510 4327 cordis

3948 4361 4120 4416 nostri
4153 4358 4403 4415 fiduciam
4442 4359 4791 4425 collocamus,
4836 4374 4955 4415 esse
4981 4359 5139 4430 568
5176 4360 5324 4429 pueri
5374 4375 5497 4415 sen-

3949 4453 4097 4509 sibus
4135 4452 4364 4508 ulterius
4403 4467 4514 4509 non
4552 4453 4828 4519 debemus,
4858 4454 5149 4509 rimitantes
5178 4444 5504 4523 Apostolum,

3950 4542 4041 4615 qui
4084 4543 4254 4598 dicit:
4301 4543 4323 4593 'c
4357 4540 4492 4597 Cum
4519 4551 4697 4598 autem
4725 4540 4899 4599 factus
4940 4557 5057 4599 sum
5099 4542 5198 4605 vir,
5255 4544 5508 4598 evacuavi

3952 4649 4070 4704 quae
4112 4643 4270 4689 erant
4316 4633 4527 4701 parvuli
4578 4632 4663 4703 (II
4711 4633 4834 4688 Cor.
4888 4633 5030 4705 xm).
5072 4652 5091 4686 ι
5145 4632 5211 4687 Et
5272 4635 5504 4690 iterum:

3873 4704 3927 4767 D
3958 4744 3977 4778 ι
4010 4725 4184 4780 Nolite
4213 4724 4367 4807 pueri
4396 4720 4528 4779 emet
4558 4725 4803 4797 sensibus
4824 4723 4911 4797 (II
4934 4723 5055 4779 Cor.
5084 4725 5212 4793 ιιν).
5244 4743 5264 4777 ι

4024 4821 4131 4877 Sed
4168 4820 4418 4890 quoniam
4439 4821 4531 4892 qui
4561 4821 4780 4891 apponit
4800 4819 5102 4886 scientiam,
5130 4819 5345 4890 apponit
5366 4820 5510 4877 dolo-

3952 4928 4091 4978 rem,
4121 4912 4314 4967 iterum
4340 4912 4563 4968 veniunt
4608 4912 4663 4967 in
4707 4912 4975 4967 desertum
5005 4908 5130 4979 Sin,
5160 4926 5276 4982 qua:
5302 4923 5383 4967 est
5410 4912 5507 4969 Ca-

3951 5005 4065 5059 des.
4118 5002 4212 5058 Sin
4239 5014 4415 5061 autem
4441 5003 4789 5059 tentationem
4818 5003 5189 5073 interpretari,
5213 5002 5323 5073 jam
5355 5020 5508 5076 supe-

3949 5096 4065 5151 rius
4090 5094 4340 5151 diximus.
4389 5096 4540 5152 Sicut
4576 5096 4718 5151 enim
4772 5110 4867 5151 vas
4901 5110 5141 5159 aureum,
5175 5097 5254 5151 vel
5308 5112 5503 5170 argen-

3953 5192 4098 5239 teum
4146 5201 4287 5256 saepe
4334 5186 4560 5241 malleus
4588 5184 4842 5255 percutit,
4889 5201 5029 5256 saepe
5075 5186 5195 5241 lima
5229 5187 5355 5243 hinc
5384 5188 5506 5245 inde

3952 5277 4199 5346 potiendo
4250 5278 4572 5343 circumdat,
4612 5286 4673 5333 ut
4707 5277 4909 5335 clarius
4941 5276 5033 5333 ﬁat
5070 5275 5261 5349 (Eccle.
5295 5282 5385 5351 x);
5429 5281 5504 5336 sic

3953 5369 4145 5425 iterata
4174 5371 4425 5436 tentatio,
4455 5370 4775 5437 constantis,
4820 5378 4875 5427 et
4921 5384 5027 5426 non
5051 5369 5285 5426 cedentis
5314 5373 5501 5427 anima

3952 5460 4252 5531 rubiginem
4276 5469 4488 5532 purgat.
4522 5460 4629 5516 Vas
4657 5461 4803 5516 enim
4831 5459 4975 5533 ﬁguli
5003 5461 5193 5532 probat
5221 5460 5425 5528 fornax,
5448 5472 5500 5518 et

3954 5548 4200 5605 homines
4243 5550 4419 5621 justas
4460 5551 4686 5607 tentatio
4715 5552 5070 5608 tribulationis
5098 5552 5284 5624 (Eccli.
5310 5557 5496 5625 xxvn).

3954 5640 4018 5697 Et
4069 5644 4193 5712 quia
4243 5642 4455 5711 Cades,
4512 5643 4850 5714 fructiﬁcatio
4889 5656 5068 5701 sancta
5105 5646 5319 5711 dicitur,
5357 5647 5502 5714 vides

3955 5733 4207 5801 quoniam
4240 5733 4591 5789 tentationum
4622 5712 4801 5791 sulcos
4816 5746 4999 5791 sancta
5030 5734 5365 5792 fructiﬁcatio
5386 5712 5502 5793 sub-

3956 5833 4227 5894 sequatur.

4027 5913 4135 5971 Sed
4161 5923 4216 5972 et
4240 5916 4367 5972 hinc
4409 5915 4782 5988 applicuerunt
4809 5919 4860 5975 in
4900 5927 5129 5975 montem
5158 5917 5285 5987 Hor,
5335 5920 5385 5974 in
5410 5934 5502 5977 cx-

5616 6012 5617 6105 i

5498 6484 5513 6489 ἡ
5536 6396 5618 6494 Δ
