5664 6624
667 462 770 518 557

1555 468 1797 527 OPUSC.
1840 470 2053 527 XXXII.
2093 503 2164 515 ——
2201 472 2289 529 DE
2320 474 2897 544 QUADRAGESIMA.
2938 485 3092 543 ETC.

3848 500 3959 559 558

667 570 857 625 tremis
890 570 1087 627 finibus
1116 571 1307 629 Edom.
1342 572 1473 641 Hor,
1525 589 1804 633 montanus
1852 581 2261 652 interpretatur.
2292 594 2348 652 Α
2377 586 2655 645 festinant.
2695 591 2752 647 Si
2792 609 2921 650 vero
2966 612 3073 653 non
3113 596 3393 670 Gebarim,
3431 605 3525 661 sed
3574 606 3676 663 Gai
3720 609 3955 680 dicatur,

669 661 925 731 Quisquis
968 664 1112 717 enim
1164 673 1405 719 tentatus
1445 683 1549 722 non
1601 668 1822 735 labitur,
1870 672 1964 725 sed
1994 673 2061 726 de
2090 682 2269 729 tenta-

674 756 815 810 tione
836 754 1153 819 fructificat,
1196 772 1533 828 consequens
1566 771 1649 815 est
1684 772 1741 815 ut
1771 764 1837 818 ad
1877 777 2139 832 montem,
2173 768 2267 837 qui

671 844 918 900 Christus
967 853 1075 907 est,
1112 846 1288 901 victor
1332 851 1607 904 ascendat.
1663 849 1761 905 Hic
1806 863 1889 907 est
1933 856 2077 909 enim
2109 872 2267 911 mons

672 934 763 989 ille
794 933 1127 1004 coagulatus,
1174 953 1330 993 mons
1356 940 1569 1009 pinguis
1614 939 1787 1012 (Psal.
1822 948 2010 1017 van),
2063 949 2129 1002 de
2158 956 2265 1017 quo

670 1039 768 1092 per
796 1025 1114 1094 prophetam
1155 1029 1393 1082 dicitur:
1440 1048 1457 1079 ι
1491 1031 1607 1085 Erit
1656 1035 1708 1087 in
1736 1037 2045 1095 novissimis
2072 1040 2263 1097 diebus

669 1126 1005 1185 praeparatus
1029 1133 1183 1171 mons
1205 1120 1397 1174 domus
1419 1120 1629 1177 Domini
1658 1126 1711 1178 in
1733 1128 1944 1183 vertice
1968 1132 2257 1198 montium,

668 1213 723 1259 et
754 1206 1057 1260 elevabitur
1101 1224 1265 1278 super
1303 1212 1503 1277 colles,
1544 1222 1601 1269 et
1628 1215 1793 1271 fluent
1824 1220 1891 1273 ad
1914 1235 2039 1274 eum
2068 1237 2262 1280 omnes

668 1306 856 1367 gentes
887 1298 1021 1368 (Iaa.
1054 1302 1139 1368 ιι).
1190 1321 1210 1353 ›
1246 1301 1343 1357 Hic
1383 1320 1539 1361 mons
1566 1307 1764 1369 dicitur
1793 1320 2106 1381 montanus,
2133 1318 2259 1384 quia

663 1390 757 1445 ubi
783 1390 1055 1455 Christus,
1092 1392 1162 1447 ibi
1191 1403 1245 1448 et
1276 1397 1462 1464 procul
1492 1398 1652 1454 dubio
1696 1400 2057 1459 Christianus.
2102 1426 2121 1458 ι
2160 1406 2258 1463 Ubi

667 1493 811 1545 sum,
854 1482 1045 1550 inquit,
1095 1498 1195 1553 ego
1215 1525 1229 1549 ,
1258 1485 1367 1541 illic
1397 1498 1453 1543 et
1480 1490 1727 1545 minister
1756 1508 1904 1547 meus
1936 1498 2041 1550 erit
2071 1496 2252 1569 (Joan.

661 1568 786 1640 xu).
823 1590 843 1621 ι

731 1664 934 1721 Deinde
966 1667 1188 1722 veniunt
1219 1670 1272 1724 in
1318 1670 1596 1739 Salmona,
1648 1678 1793 1746 quod
1838 1681 2251 1754 interpretatur,

656 1757 845 1809 umbra
888 1760 1161 1824 partionis.
1216 1759 1281 1813 Et
1313 1765 1510 1821 merito
1556 1776 1846 1839 postquam
1901 1774 1953 1827 in
1988 1789 2248 1847 montem,

652 1849 747 1916 qui
778 1856 861 1903 est
892 1848 1156 1915 Christus,
1184 1859 1547 1923 ascendimus,
1578 1863 1829 1919 vitiorum
1862 1865 2127 1939 fugientes
2158 1888 2248 1927 ar-

2374 682 2517 750 quod
2546 682 2652 736 alia
2685 693 2917 740 testatur
2938 689 3123 755 editio,
3153 702 3207 747 et
3237 693 3340 750 hoc
3371 695 3439 751 ab
3470 698 3745 756 intellectu
3782 712 3959 760 trans-

2372 772 2618 827 euntium
2651 789 2755 828 non
2806 778 3044 833 aberrat.
3090 780 3189 837 Gai
3230 784 3497 855 siquidem
3541 789 3954 862 interpretatur,

2369 861 2547 916 chaos.
2597 863 2739 919 Dicit
2784 876 2964 923 autem
3013 871 3289 930 Abraham
3341 878 3531 932 diviti:
3572 900 3591 932 ι
3628 884 3764 949 Quia
3811 887 3957 944 inter

2367 966 2486 1015 nos,
2517 962 2570 1005 et
2594 969 2709 1021 vos,
2738 957 2903 1013 chaos
2926 967 3477 1033 magnum-firmatum
3499 984 3583 1028 est
3602 975 3753 1045 (Luc.
3782 982 3949 1053 xvr).i

2364 1040 2449 1093 Ad
2500 1042 2653 1097 illum
2700 1064 2829 1119 ergo
2864 1055 3038 1107 sancti
3071 1070 3290 1127 semper
3337 1065 3571 1119 transire
3617 1068 3952 1142 desiderant,

2367 1139 2428 1183 ut
2452 1131 2505 1185 in
2535 1132 2651 1202 ejus
2673 1138 2817 1206 sinu,
2850 1143 2991 1198 sicut
3016 1153 3072 1201 et
3096 1147 3291 1206 beatus
3316 1152 3406 1209 ille
3430 1154 3694 1227 Lazarus,
3721 1161 3954 1222 feliciter

2364 1229 2730 1295 requiescant.

2435 1320 2586 1375 Unde
2630 1323 2762 1379 satis
2809 1338 2934 1395 apte
2983 1335 3359 1405 consequitur,
3394 1349 3453 1396 ut
3479 1353 3603 1413 post
3648 1348 3813 1405 chaos
3847 1366 3949 1423 py-

2360 1408 2585 1466 thonum
2613 1424 2777 1484 atque
2817 1433 3119 1489 magorum,
3150 1430 3293 1495 quod
3327 1440 3409 1485 est
3451 1408 3740 1494 tenebrosa
3789 1408 3948 1499 callici-

2359 1500 2500 1557 ditas
2551 1505 2972 1577 haereticorum,
3020 1524 3219 1584 praesto
3268 1522 3485 1578 veniant
3539 1528 3591 1581 in
3643 1529 3949 1605 Dibongad,

2357 1593 2502 1659 quod
2561 1595 2870 1665 significare
2928 1602 3155 1668 dicitur,
3232 1612 3501 1680 apiarium
3559 1593 3945 1683 tentationitm.

2354 1682 2498 1751 Apes
2538 1687 2683 1739 enim
2714 1703 2811 1742 ore
2840 1693 3001 1747 mella
3040 1695 3255 1765 ferunt,
3289 1703 3383 1756 sed
3419 1707 3620 1762 aculeis
3657 1726 3942 1784 pungunt;

2355 1774 2433 1828 sic
2472 1785 2523 1831 et
2573 1779 2838 1847 lueretici,
2892 1787 3073 1843 verbis
3124 1792 3342 1859 quidem
3394 1799 3681 1855 manifeste
3732 1805 3946 1863 blandi-

2355 1876 2537 1921 menta
2568 1875 2944 1940 praetendunt,
2977 1881 3071 1934 sed
3116 1886 3269 1949 quasi
3320 1898 3445 1957 post
3491 1906 3550 1946 se
3578 1896 3785 1951 erroris
3815 1914 3944 1955 acu-

656 1937 869 2005 dorem,
908 1943 1009 1998 sub
1053 1944 1380 2004 defensionis
1428 1952 1545 2021 ejus
1574 1956 1892 2010 umbraculo
1926 1952 2245 2023 residcmus.
2277 1961 2327 2021 B
2356 1957 2469 2014 leos
2518 1973 2833 2035 contegunt.
2885 1968 2893 2023 l

660 2028 733 2059 nn
775 2046 875 2059 mm
944 2034 1192 2059 ..:,l..l:-...
1250 2040 1357 2059 --με
1386 2056 1433 2059 Α
1660 2044 1680 2059 π
1843 2049 1852 2059 .
2018 2054 2051 2059 -.
2095 2057 2103 2059 .

2568 1937 2583 1940 -
2932 1937 2938 1939 -
3135 1937 3147 1949 .
3239 1937 3267 1938 η
3320 1937 3443 1957 ι---
3491 1937 3549 1946 η
3582 1937 3785 1951 eum...
3815 1937 3937 1955 au.—

1708 1959 1892 2010 raculo
1926 1937 2245 2023 residcmus.
2277 1961 2327 2021 B
2356 1957 2469 2014 leos
2518 1973 2833 2035 contegunt.
2885 1968 3069 2025 Primo
3121 1974 3388 2033 distillant
3436 1998 3531 2039 ore
3574 1986 3937 2059 dulcedinem,

654 2028 733 2083 De
773 2046 877 2097 qua
944 2034 1195 2089 videlicet
1250 2040 1441 2094 umbra
1499 2059 1597 2113 per
1652 2044 1943 2103 Jeremiam
2001 2054 2243 2112 dicitur:

653 2134 674 2167 α
712 2117 946 2186 Spiritus
988 2125 1099 2176 oris
1121 2128 1293 2180 nostri
1336 2128 1583 2186 Christus
1627 2134 1908 2203 Dominus,
1948 2156 2139 2213 captus
2165 2157 2249 2203 est

647 2206 701 2259 in
740 2212 977 2275 peceatis
1014 2214 1236 2279 nostris,
1275 2219 1361 2271 cui
1391 2220 1662 2277 diximus:
1705 2223 1764 2280 In
1798 2231 1990 2286 umbra
2044 2243 2131 2289 tua
2164 2239 2247 2291 vi-

642 2312 837 2353 vemus
867 2302 917 2354 in
948 2306 1198 2373 gentibus
1222 2308 1438 2377 (Thren.
1468 2314 1541 2385 tv)
1578 2334 1591 2368 :
1632 2336 1651 2367 ι
1700 2327 1755 2373 et
1786 2324 2010 2391 angelus
2040 2329 2106 2382 ad
2136 2329 2245 2385 Ma-

642 2386 824 2440 riam:
879 2408 897 2439 t
928 2392 1131 2459 Virtus,
1191 2398 1386 2467 inquit,
1440 2403 1707 2462 Altissimi
1759 2386 2113 2472 obtimbrabit
2145 2420 2242 2475 tibi

640 2474 800 2547 (Luc.
854 2481 915 2549 ι).
959 2501 976 2533 i
1032 2484 1287 2541 Salmona
1338 2494 1540 2560 etiam,
1586 2505 1648 2551 ut
1694 2498 1891 2556 alicubi
1948 2510 2238 2575 reperitur,

639 2566 984 2637 imaguncula
1034 2576 1272 2634 dicitur:
1312 2586 1455 2651 quod
1504 2588 1688 2657 utique
1738 2592 1855 2647 loco
1901 2596 1974 2649 illi
2020 2603 2241 2657 nouab~

637 2660 807 2712 surde
853 2667 1139 2732 congruit,
1188 2671 1315 2725 dum
1371 2675 1445 2729 ibi
1499 2693 1684 2733 aeneus
1739 2681 1825 2737 ille
1879 2700 2109 2761 serpens
2144 2706 2239 2761 ap-

634 2761 841 2816 pensus
893 2753 962 2805 sit
999 2754 1189 2824 (Num.
1222 2773 1346 2825 xxt;
1390 2761 1553 2819 Joan.
1593 2768 1697 2837 ιιι),
1739 2772 1831 2839 qui
1868 2753 2111 2831 crucifixi
2146 2794 2233 2833 re-

631 2849 928 2905 praesentat
956 2843 1240 2915 imaginem
1270 2850 1589 2909 Salvatoris.

1228 2940 1456 2998 CAPUT
1502 2945 1629 3001 \’lll.

745 3018 901 3085 Quod
926 3026 1035 3079 oris
1058 3033 1387 3096 parcimouia
1423 3039 1676 3115 transitus
1705 3040 1773 3093 sit
1804 3043 1860 3096 in
1888 3042 2120 3100 Phineu.

700 3111 792 3165 Fit
820 3125 1081 3182 prteterea
1114 3123 1375 3178 transitus
1412 3127 1462 3178 in
1490 3111 1734 3199 Phinon,
1785 3136 1928 3202 quod
1963 3136 2231 3209 interpre-

627 3207 778 3255 tatur
826 3220 903 3269 οε,
960 3207 1039 3261 vel
1071 3210 1175 3264 oris
1211 3216 1560 3280 parcimouia,
1611 3220 1676 3274 Et
1708 3236 1771 3277 os
1806 3226 2047 3293 quidem,
2099 3233 2225 3299 quia

623 3306 752 3346 mox
784 3301 842 3347 ut
869 3298 1138 3361 passionis
1168 3300 1371 3357 Christi
1416 3321 1755 3365 sacramenta
1816 3320 2221 3389 COgnoscimus,

624 3384 771 3453 quod
808 3387 971 3441 corde
998 3392 1290 3457 credimus,
1317 3410 1413 3450 ore
1442 3402 1892 3471 pronuntiamus;
1926 3408 2067 3464 sicut
2088 3415 2223 3468 scri-

619 3484 777 3547 ptum
840 3490 959 3534 est:
1037 3500 1056 3533 ι
1089 3482 1306 3543 Credidi
1360 3503 1579 3561 propter
1622 3499 1789 3565 quod
1831 3499 2041 3558 locutus
2096 3522 2220 3564 sum

623 3565 801 3637 (Psal.
854 3586 1000 3642 CXV).
1040 3591 1056 3623 ι
1120 3575 1188 3629 Ει
1216 3577 1550 3648 Apostolus:
1610 3603 1629 3635 ι
1661 3587 1839 3644 Corde
1867 3594 2111 3649 creditur
2150 3600 2218 3653 ad

611 3657 906 3728 justitiam,
940 3680 1036 3719 ore
1062 3676 1241 3723 autem
1286 3673 1556 3729 confessio
1586 3676 1644 3730 fit
1672 3681 1740 3734 ad
1779 3683 2004 3740 salutem
2034 3688 2212 3758 (Rom.

618 3749 702 3821 χ).
731 3769 751 3800 ι
795 3748 921 3806 Oris
948 3768 1077 3809 vero
1105 3759 1440 3826 parcituonia
1490 3764 1719 3836 dicitur;
1778 3774 1902 3841 quia
1934 3776 2058 3829 dum
2105 3788 2212 3835 tam

614 3836 888 3907 profunda
921 3842 1309 3915 redemptionis
1338 3851 1589 3910 humana:
1633 3863 1892 3929 mysteria
1922 3878 2211 3933 penetrare

615 3945 724 3984 non
757 3948 1065 4001 possumus,
1092 3941 1248 4008 quasi
1274 3944 1357 3997 ori
1387 3956 1571 4001 nostro
1625 3949 1850 4021 digitum
1882 3962 2208 4029 superponi-

616 4038 765 4086 mus,
807 4033 866 4078 ut
904 4026 1206 4084 divinitatis
1234 4030 1437 4087 Christi
1492 4036 1869 4097 celsitudinem
1907 4026 2207 4117 majoribus

614 4110 1006 4180 relinquentes,
1042 4118 1106 4171 de
1135 4119 1248 4172 sola
1281 4130 1485 4177 tantum
1512 4162 1515 4165 -
1547 4125 1664 4195 ejus
1698 4144 1862 4188 cruce
1887 4142 2201 4196 tractemus.

615 4198 773 4253 Sicut
800 4200 934 4255 dicit
962 4204 1255 4273 Apostolus
1286 4224 1300 4261 :
1337 4229 1356 4262 ι
1390 4210 1537 4266 Nihil
1564 4214 1805 4284 judicavi
1846 4238 1931 4278 me
1955 4228 2099 4283 scire
2125 4231 2204 4286 in-

613 4298 697 4343 ter
724 4306 843 4355 vos,
893 4294 993 4349 nisi
1022 4295 1295 4356 Christum
1322 4302 1525 4371 Jesum,
1582 4316 1637 4364 et
1682 4310 1828 4369 hunc
1877 4320 2199 4379 crucifixum

609 4377 662 4449 (Ι
692 4379 818 4434 Cor.
854 4385 992 4451 vut).
1031 4406 1050 4438 ι

674 4468 810 4524 Pest
831 4471 944 4526 haec
970 4476 1197 4544 profecti
1227 4492 1355 4537 sunt
1375 4484 1431 4539 in
1461 4485 1663 4556 Oboth,
1692 4496 1835 4562 quod
1858 4497 2047 4569 utique
2069 4518 2193 4560 ver-

608 4564 745 4619 titur
772 4566 821 4619 iu
851 4584 1054 4639 magos,
1100 4573 1221 4643 sive
1256 4580 1527 4648 pytltones.
1574 4583 1805 4657 Propter
1846 4564 1989 4661 quod
2035 4598 2192 4656 datur

605 4656 859 4728 intelligi,
903 4662 1030 4730 quia
1080 4674 1201 4732 post
1244 4668 1533 4738 imaginem
1582 4656 1709 4743 Dei,
1759 4656 1881 4749 quae
1919 4685 1973 4738 in
2010 4690 2189 4746 cordis
2220 4659 2271 4720 Β

606 4749 817 4802 ratione
844 4753 1166 4821 concipitur,
1206 4769 1327 4826 post
1353 4759 1517 4834 569
1546 4768 1821 4838 acceptam
1846 4774 2024 4843 fidem,
2069 4795 2188 4856 quae

607 4838 720 4892 oris
768 4840 1113 4898 confessione
1162 4849 1472 4919 profertur;
1532 4871 1866 4931 consurgunt
1900 4848 2184 4928 adversum

603 4943 700 4983 nos
743 4932 1003 5001 haeretici,
1032 4951 1274 4995 errorem
1315 4957 1591 5003 venenatae
1639 4953 1876 5021 perﬁdiae
1919 4959 2185 5031 dogmati-

602 5033 811 5089 zantes,
839 5036 1090 5098 tauquam
1134 5036 1419 5105 pythones,
1450 5053 1503 5095 et
1538 5046 1679 5117 magi
1714 5049 1963 5109 malefica
1996 5056 2182 5115 incan-

600 5115 863 5170 tationum
896 5123 1133 5177 carmina
1167 5140 1599 5202 eouspergentes.
1638 5115 1649 5117 ἡ
1819 5139 1829 5148 ’

666 5204 808 5261 Hinc
857 5212 1112 5268 transitur
1155 5216 1210 5271 in
1249 5218 1527 5293 Geharim,
1572 5244 1691 5300 quae
1722 5241 1806 5289 est
1856 5237 1913 5294 in
1968 5239 2169 5301 ﬁnibus

602 5295 979 5357 hloabitarum.
1032 5303 1288 5366 Gebarim
1331 5295 1607 5388 significat
1662 5340 1887 5385 acervos
1933 5295 2174 5404 lapidum

599 5394 1010 5449 transeuntium.
1055 5396 1146 5453 lsli
1199 5418 1363 5471 porro
1408 5420 1535 5465 sunt
1567 5412 1773 5484 lapides
1822 5420 1952 5489 vivi,
1988 5394 2171 5485 sancti

596 5481 821 5549 scilicet,
870 5502 935 5540 ex
964 5489 1161 5559 quibus
1205 5510 1310 5551 non
1348 5502 1508 5557 modo
1549 5504 1887 5567 Hierusalem
1933 5530 2169 5587 superna

595 5580 943 5644 construitur,
974 5585 1067 5638 sed
1106 5595 1160 5641 et
1183 5603 1419 5657 praesens
1450 5595 1691 5657 Ecclesia
1723 5614 1979 5675 tanquam
2019 5628 2165 5669 mar-

594 5669 780 5733 gat-itis
808 5678 1220 5734 coruscantibus
1271 5686 1583 5745 adornatur.
1618 5692 1717 5760 Qui
1755 5699 1953 5756 merito
1984 5714 2163 5763 trans-

594 5769 776 5815 euntes
816 5761 1099 5835 dicuntur,
1144 5773 1271 5840 quia
1316 5785 1531 5836 terrena
1562 5788 1835 5855 quaelibet,
1870 5808 1934 5851 ac
1963 5800 2163 5855 transi-

595 5850 723 5903 toria
770 5864 950 5911 mente
988 5857 1253 5929 :caicant,
1305 5875 1468 5939 atque
1513 5850 1597 5931 ad—
1637 5879 1878 5939 coelestia
1929 5890 2165 5950 transire

2351 2053 2446 2106 sed
2488 2060 2832 2122 postmodum
2880 2074 3142 2133 spargunt
3182 2069 3442 2125 aculeata:
3487 2074 3741 2135 falsitatis
3784 2097 3939 2138 erro-

2351 2156 2483 2197 rem.
2537 2144 2687 2199 Undc
2734 2146 3007 2218 Propheta
3054 2160 3434 2226 conqueritur,
3487 2165 3713 2223 dicens:
3768 2190 3789 2225 ι
3821 2173 3941 2229 Cir-

2348 2235 2742 2291 cumdederunt
2785 2256 2868 2295 me
2926 2244 3069 2297 sicut
3119 2263 3279 2316 apes,
3332 2262 3387 2305 et
3427 2268 3749 2315 exarserunt
3796 2265 3940 2323 sicut

2346 2322 2488 2393 ignis
2513 2326 2566 2378 in
2596 2329 2762 2395 spinis
2790 2329 2963 2398 (Pani.
2997 2340 3197 2407 cxvii).
3230 2359 3247 2392 ι

2413 2413 2544 2469 inde
2590 2418 2818 2487 profecti
2868 2428 3081 2481 suntin
3131 2430 3734 2508 Helmondeblathaim,
3787 2451 3935 2517 quod

2346 2506 2575 2561 vertitur
2608 2509 2658 2562 iu
2692 2521 3060 2585 contemptum
3084 2522 3414 2593 palatarum,
3444 2531 3545 2585 hoc
3573 2545 3678 2601 eSt,
3708 2536 3929 2609 fieunm,

2343 2598 2454 2649 sive
2490 2608 2827 2670 contemptus
2868 2612 3163 2677 opprobrii.
3218 2615 3377 2672 Ficus
3426 2633 3606 2677 autem
3637 2629 3928 2688 deliciosus

2341 2698 2422 2739 est
2469 2688 2698 2755 fructus,
2743 2709 2839 2762 per
2861 2700 3003 2766 quod
3037 2702 3357 2775 intelligitur
3382 2717 3751 2773 necessarium
3782 2736 3927 2791 esse,

2337 2785 2397 2829 ut
2421 2779 2511 2847 qui
2539 2780 2650 2848 jam
2694 2784 2849 2839 donis
2878 2789 3193 2847 cmlestibus
3233 2802 3687 2871 appropinquant,
3725 2779 3926 2869 cuncta

2337 2870 2572 2924 carnalis
2627 2873 2894 2930 illecebra:
2942 2879 3311 2940 blandimenta
3355 2870 3727 2955 contemnant.
3768 2886 3927 2967 Quod

2334 2958 2381 3012 si
2413 2972 2755 3032 contemptus
2785 2971 3061 3036 opprobrii
3104 2978 3275 3045 magis
3325 2982 3651 3050 admittitur,
3684 3002 3783 3058 per
3821 2992 3924 3049 hoc

2334 3050 2707 3111 indubitanter
2750 3059 3103 3132 instruimur,
3146 3076 3205 3121 ut
3248 3070 3292 3123 si
3336 3077 3554 3142 quando
3582 3080 3668 3133 vel
3700 3084 3924 3141 lucreti-

2332 3154 2518 3197 corum
2539 3186 2554 3210 ,
2587 3147 2672 3200 vel
2704 3152 3058 3217 reproborum
3104 3161 3470 3227 quorumlibet
3499 3167 3925 3231 dehonestamur

2330 3231 2565 3301 injuriis,
2596 3242 3030 3297 non‘turbemur.
3074 3245 3180 3301 Per
3214 3253 3358 3319 quod
3391 3255 3601 3313 scilicet
3630 3271 3923 3337 utrumque

3231 3307 3251 3319 ,
3432 3307 3463 3309 η

2251 3307 2296 3368 C
2329 3326 2619 3381 salubriter
2662 3330 2973 3397 edocemur,
3030 3345 3087 3388 ut
3141 3354 3241 3394 nos
3298 3358 3400 3397 nec
3457 3347 3729 3406 inhonesti
3784 3372 3917 3411 con-

2330 3422 2564 3484 temptns
2594 3419 2774 3475 irrisio
2808 3435 3045 3492 moveat,
3077 3444 3175 3483 nec
3204 3431 3312 3485 ulla
3345 3442 3573 3492 terrena:
3613 3443 3917 3504 dulcedinis

2326 3506 2720 3565 oblectamenta
2774 3514 3079 3581 resolvant,
3131 3533 3401 3589 quatenus
3449 3529 3516 3583 de
3562 3532 3665 3587 hoc
3713 3539 3918 3595 mundo

2324 3597 2601 3655 valeamus
2651 3604 2831 3659 dicere
2886 3622 3008 3663 cum
3057 3608 3367 3681 Propheta:
3424 3638 3441 3667 ι
3473 3619 3627 3677 Sicut
3679 3631 3915 3689 tenebrat

2321 3687 2459 3754 ejus,
2490 3687 2560 3741 ita
2592 3698 2647 3743 et.
2677 3692 2854 3747 lumen
2891 3696 3009 3765 ejus
3050 3697 3224 3769 (Psal.
3258 3711 3545 3781 cxxxvut).
3582 3732 3601 3763 ›

2324 3780 2325 3783 “
2392 3776 2519 3831 lude
2587 3784 2947 3855 commigrant
3011 3791 3077 3843 ad
3138 3805 3350 3851 montes
3425 3802 3647 3858 Abarim
3716 3821 3909 3869 contra

2317 3866 2490 3922 Nabn.
2520 3872 2761 3937 Abarim,
2799 3882 3092 3946 transitus;
3136 3883 3307 3952 Nubo,
3343 3890 3601 3949 abscessio
3632 3899 3907 3973 interpre-

2318 3968 2482 4026 tatur,
2515 3964 2603 4017 ubi
2644 3968 2852 4023 scilicet
2882 3972 3088 4039 anima,
3135 3981 3292 4046 quasi
3339 3998 3440 4053 per
3466 4002 3654 4045 omnes
3690 3993 3906 4055 itineris

2312 4056 2642 4122 mansiones,
2678 4060 2749 4113 ita
2786 4077 2885 4130 per
2914 4076 3135 4122 cunctas
3170 4069 3337 4127 fuerit
3384 4092 3670 4150 progressa
3726 4088 3903 4146 virtu-

2311 4148 2424 4208 tes;
2484 4146 2609 4213 quia
2654 4148 2766 4219 jam
2824 4155 2891 4206 ad
2957 4156 3173 4213 culmen
3219 4146 3570 4231 perfectionis
3620 4181 3899 4250 ascendit,

2307 4243 2489 4289 mente
2547 4254 2670 4292 mox
2727 4245 2917 4299 transit
2964 4261 3031 4301 ex
3085 4250 3188 4305 hoc
3243 4258 3463 4324 szeculo,
3512 4271 3566 4316 et
3622 4266 3891 4327 abscedit.

2306 4320 2437 4388 Quae
2490 4327 2768 4396 nimirum,
2821 4345 2876 4388 et
2938 4338 2981 4389 si
3036 4340 3214 4396 adhuc
3264 4362 3485 4404 manere
3543 4355 3794 4413 videatur
3837 4363 3893 4420 in

2304 4414 2529 4477 mundo,
2565 4418 2633 4469 in.
2669 4434 2831 4475 carne
2886 4434 3106 4493 tamen,
3167 4448 3272 4487 non
3328 4444 3623 4497 secundum
3668 4464 3893 4511 carnem

2300 4503 2583 4563 ambulans
2606 4509 2653 4579 (I
2683 4511 2803 4567 Cor.
2828 4516 2909 4585 χ),
2932 4516 3047 4586 jam
3079 4529 3306 4581 recessit
3332 4545 3363 4583 e
3388 4538 3608 4592 mundo.
3639 4539 3792 4600 Sicut
3821 4548 3890 4605 de

2298 4594 2483 4652 Enoch
2514 4600 2749 4656 dicitur:
2784 4624 2800 4655 ι
2831 4606 2895 4661 Ει
2918 4624 3023 4663 ιιοιι
3059 4612 3458 4694 inveniebatur,
3483 4627 3609 4694 quia
3645 4639 3890 4693 transtu-

2298 4690 2360 4745 lit
2385 4692 2536 4748 illum
2566 4695 2708 4751 Deus
2730 4696 2881 4770 (Gen.
2912 4698 2993 4771 v).'
3020 4724 3039 4757 ι
3066 4692 3144 4763 Ita
3172 4713 3418 4784 quisquis
3446 4690 3734 4783 sanctitate
3755 4745 3881 4799 per-

2292 4779 2490 4847 fectus,
2518 4795 2572 4841 et
2602 4790 2935 4859 mundojam
2966 4809 3213 4856 mortuus
3239 4812 3557 4873 pertransiit
3587 4779 3873 4892 munditm,

2290 4884 2345 4930 et
2368 4876 2579 4933 habitat
2605 4881 2656 4935 in
2686 4885 2908 4955 regione
2933 4888 3213 4949 virtutum.

2360 4966 2640 5025 Postrema
2678 4988 2807 5031 vero
2838 4982 3047 5036 mansio
3086 4996 3168 5039 est
3202 4987 3253 5041 iu
3286 4999 3684 5065 campestribus
3713 5004 3873 5066 Moab

2288 5073 2449 5129 super
2478 5060 2767 5122 Iordanem
2808 5081 2995 5128 contra
3042 5075 3279 5137 Jericho.
3314 5086 3392 5141 Ad
3439 5089 3541 5146 hoc
3584 5096 3727 5149 enim
3761 5107 3872 5159 tam

2288 5147 2433 5222 longi
2480 5153 2693 5212 itineris
2745 5162 3002 5219 transitus
3054 5170 3253 5236 agitur,
3310 5174 3376 5228 ad
3432 5178 3531 5234 hoc
3582 5182 3745 5258 570
3789 5199 3872 5247 tot

2284 5244 2598 5311 atruminis,
2649 5262 2714 5305 ac
2764 5251 3036 5313 laboribus
3075 5275 3175 5330 per
3214 5273 3419 5322 vastam
3468 5272 3627 5342 hujus
3674 5284 3866 5340 mundi

2246 5352 2251 5355 τ
2282 5334 2625 5396 solitudinem
2653 5346 2973 5415 suspiratur,
3006 5361 3067 5409 ut
3094 5356 3425 5426 applieemus
3456 5366 3521 5421 ad
3544 5365 3863 5445 Iordanem,

2277 5426 2380 5485 hoc
2425 5440 2525 5499 est,
2571 5439 2892 5496 accedamus
2938 5444 3004 5498 ad
3052 5447 3432 5510 inexhaustam
3480 5460 3724 5521 caelestis
3769 5483 3858 5525 sa-

2272 5520 2494 5590 pientia:
2535 5526 2949 5596 plenitudinem.
2998 5537 3156 5596 Juxta
3212 5559 3373 5612 quam
3403 5557 3860 5625 peregrinationis

2275 5624 2476 5672 nostra:
2527 5619 2931 5681 tabernaculum
2980 5642 3379 5707 construentes,
3404 5619 3541 5714 'ejus
3572 5646 3787 5707 ﬂuentis
3822 5669 3856 5711 a

2275 5712 2486 5766 cunctis
2511 5729 2611 5769 nos
2628 5714 2846 5791 (Egypti
2869 5723 3213 5791 squaloribus
3226 5712 3580 5805 properemus
3605 5743 3857 5815 abluere,

2272 5812 2333 5858 ut
2373 5806 2641 5874 purificati
2696 5819 2897 5868 terram
2950 5823 3391 5887 repromissionis
3447 5831 3856 5895 valeantusiin-

2273 5903 2439 5965 trare,
2467 5909 2528 5956 ut
2555 5901 2748 5972 simus,
2769 5905 2911 5963 sicut
2935 5908 3002 5966 de
3029 5928 3225 5983 sponsa
3256 5918 3311 5973 in
3341 5919 3582 5983 Canticis
3614 5927 3853 5987 dicitur:

4882 6198 5130 6408 4
