5664 6738
5231 639 5242 662 Ι

2851 735 2908 789 8.
2939 734 3138 789 PETRI
3179 731 3459 786 DAMIANI
3498 732 3648 787 OPP.
3692 729 3925 786 TOMUS
3968 729 4095 783 Slil}
4135 729 4312 783 PARS
4349 729 4430 783 lll.
4463 760 4531 769 —
4561 728 4924 786 OPUSCULA
4964 727 5190 784 VARIA.
5484 731 5560 786 560

2393 734 2496 789 559

2396 869 2412 900 ι
2445 849 2596 903 Oculi
2647 852 2762 918 ejus
2809 849 2948 902 sicut
2989 847 3246 900 columba:
3297 862 3456 916 super
3482 847 3626 899 rivos
3672 859 3955 912 aquarum,
3987 852 4034 906 Α
4065 843 4302 896 lumnam
4333 859 4360 896 a
4392 844 4615 908 dextris,
4666 854 4719 899 et
4765 843 4988 898 alteram
5021 844 5197 912 posuit
5230 861 5256 897 a
5299 845 5555 912 sinistris“

4065 938 4155 990 ubi
4190 952 4308 989 mox
4345 937 4589 1003 sequitur
4620 954 4631 987 :
4680 953 4696 985 ι
4729 936 4880 996 Eam,
4923 949 5040 1002 qua:
5084 952 5113 988 a
5151 935 5341 989 dextris
5360 945 5562 999 erat,vo-

4063 1031 4201 1084 cavit
4240 1029 4472 1091 Jachim,
4503 1047 4520 1077 ι
4558 1028 4660 1082 hoc
4697 1036 4808 1092 est,
4842 1027 5065 1094 ﬁrmitas
5091 1039 5108 1076 :
5145 1045 5162 1077 ‹
5196 1034 5249 1079 et
5277 1041 5380 1095 qua:
5409 1028 5463 1080 ad
5497 1026 5564 1081 la:-

4063 1137 4199 1183 vam,
4227 1119 4365 1172 Booz
4396 1117 4469 1187 (11
4504 1117 4687 1172 Paral.
4721 1119 4823 1186 ιιι),
4863 1135 4879 1167 ι
4917 1117 5019 1171 hoc
5049 1126 5130 1170 est
5163 1117 5216 1168 in
5246 1117 5418 1169 robore.

4129 1210 4265 1276 Quid
4294 1211 4436 1263 enim
4465 1225 4559 1279 per
4589 1209 4913 1271 columnam,
4952 1222 5073 1275 qua:
5112 1222 5141 1259 a
5179 1205 5368 1260 dextris
5390 1214 5502 1269 erat,
5525 1215 5566 1259 et

4057 1311 4280 1353 vocatur
4311 1300 4570 1363 firmitas,
4616 1299 4777 1353 debet
4821 1297 5067 1366 intelligi,
5116 1297 5217 1350 nisi
5255 1296 5442 1350 dilectio
5467 1296 5568 1350 Dei?

4058 1393 4122 1445 Et
4147 1393 4274 1461 quid
4302 1407 4395 1461 per
4425 1407 4566 1456 eam,
4597 1407 4715 1459 qua:
4747 1406 4773 1442 a
4815 1389 5052 1443 sinistris
5089 1397 5202 1452 est,
5231 1394 5280 1441 et
5312 1395 5503 1441 vocatur
5527 1387 5566 1438 in

4056 1487 4270 1549 robore,
4306 1485 4406 1537 nisi
4437 1483 4652 1537 dilectio
4684 1480 4951 1551 proximi?
4985 1478 5141 1532 Aliud
5177 1487 5257 1532 est
5285 1477 5409 1531 enim
5436 1477 5569 1530 lirmi-

4056 1583 4157 1637 tas,
4207 1575 4306 1626 hoc
4354 1582 4437 1625 cst
4481 1573 4652 1639 ipsum
4703 1569 4858 1640 571
4892 1568 5076 1633 robur,
5116 1567 5257 1621 aliud
5303 1566 5351 1619 in
5379 1567 5566 1627 robore;

4054 1662 4309 1730 quoniam
4339 1661 4482 1712 aliud
4526 1670 4610 1712 est
4650 1659 4870 1728 diligere
4901 1657 5075 1726 ipsum
5113 1655 5295 1732 Deum,
5325 1652 5448 1706 aliud
5473 1651 5571 1704 dili-

4052 1770 4177 1825 gere
4204 1753 4508 1820 proximum
4540 1752 4592 1804 in
4619 1751 4743 1804 Deo.
4771 1751 4824 1803 In
4855 1751 5140 1804 dilectione
5167 1747 5350 1816 quippe
5374 1744 5568 1814 proximi

2388 958 2506 1010 qlne
2535 942 2671 994 lacte
2700 949 2822 992 sunt
2869 939 3006 1003 lotaa,
3053 948 3107 991 et
3152 938 3385 989 resident
3423 939 3574 1006 juxta
3620 937 3813 989 fluenta
3847 937 3961 1004 ple—

2391 1033 2610 1085 niSsima
2647 1031 2822 1098 (Cant.
2869 1030 2992 1099 v).i
3052 1030 3117 1082 Et
3164 1030 3457 1082 notandum
3508 1029 3650 1098 quod
3698 1029 3960 1096 profectio

2382 1123 2489 1177 ista
2534 1138 2638 1175 non
2670 1124 2720 1174 in
2752 1123 3055 1180 montibus,
3094 1122 3185 1172 sed
3217 1122 3270 1173 in
3304 1120 3696 1189 campestribus
3725 1120 3954 1184 desinit;

2380 1213 2637 1280 quoniam
2682 1212 2856 1264 sancti
2900 1211 3102 1278 quique
3130 1218 3331 1277 quanto
3367 1209 3577 1263 celsiori
3624 1209 3957 1276 perfectione

2376 1309 2505 1353 sunt
2553 1300 2785 1369 prtediti,
2818 1309 2967 1353 tanto
3015 1300 3205 1366 majori
3243 1309 3366 1352 sunt
3394 1297 3695 1352 humilitate
3723 1297 3953 1352 fundati.

2378 1389 2478 1454 Qui
2509 1390 2674 1442 etiam
2710 1399 2894 1442 contra
2924 1389 3140 1442 Jericho
3175 1389 3477 1441 mansiones
3507 1389 3794 1452 aedificant,
3824 1405 3954 1459 quo-

2377 1478 2524 1530 niam
2556 1477 2814 1531 adversus
2859 1480 3147 1542 mumlum,
3199 1479 3287 1545 qui
3331 1493 3425 1545 per
3455 1493 3574 1531 eam
3621 1479 3951 1548 designatur,

2375 1567 2828 1620 infmderahilitcr
2875 1579 3127 1637 pugnant.
3168 1566 3373 1632 Quibus
3411 1567 3655 1620 dicitur:
3713 1588 3729 1619 ‹
3780 1569 3833 1623 Si
3887 1571 3952 1623 de

2367 1657 2571 1710 mundo
2606 1657 2861 1722 fuissetis,
2915 1658 3142 1712 mundus
3168 1658 3307 1726 quod
3343 1673 3494 1710 suum
3523 1667 3640 1711 erat
3672 1659 3946 1727 diligeret;

2364 1748 2461 1800 sed
2510 1749 2632 1814 quia
2674 1749 2740 1801 de
2784 1749 2982 1803 nmndo
3031 1764 3137 1802 non
3185 1749 3339 1813 estis,
3369 1759 3652 1820 prOpterea
3697 1751 3808 1803 odit
3855 1764 3948 1803 vos

0 6423 916 6724 ⁵,
1047 6629 1077 6633 ,

2361 1838 2594 1892 mundus
2631 1839 2812 1909 (Joan.
2843 1839 2954 1908 xv).
2986 1860 3004 1891 ›

2967 1930 3193 1986 CAPUT
3233 1931 3322 1985 IX.

2718 2021 2926 2092 Epilogi
2949 2033 2997 2076 et
3024 2025 3259 2090 opusculi
3283 2024 3564 2076 conclusio.

2433 2111 2558 2167 Htec
2607 2113 2722 2176 tibi,
2766 2114 3090 2166 venerabilis
3119 2113 3310 2178 frater,
3349 2116 3413 2167 de
3438 2113 3750 2168 lsraeliticis
3787 2131 3940 2166 man-

4049 1857 4301 1896 mcnsura
4367 1842 4622 1910 ponitur;
4679 1840 4847 1894 Deum
4901 1854 5033 1893 vero
5081 1838 5300 1907 diligere
5343 1835 5444 1889 sine
5482 1835 5571 1887 ulla

4051 1948 4268 2002 prorsus
4292 1946 4542 1985 mensura
4569 1930 4842 1998 iubemur.
4874 1929 4933 1982 In
4983 1926 5248 1982 vestibulo
5271 1940 5385 1994 ergo
5415 1924 5570 1992 templi

4049 2023 4371 2085 columnam,
4407 2037 4525 2090 qure
4557 2021 4784 2074 firmitas
4812 2027 5054 2080 vocatur,
5085 2017 5360 2086 erigimus,
5387 2030 5493 2066 cum
5522 2014 5567 2066 in

4047 2115 4148 2168 hac
4179 2115 4422 2183 praesenti
4452 2112 4714 2176 Ecclesia,
4743 2127 4860 2180 qua:
4905 2110 5138 2165 cmlestis
5175 2108 5313 2162 illtus
5351 2106 5569 2161 Ecclesia:

2366 2202 2614 2257 sionibus
2636 2203 2969 2266 summatim,
2997 2203 3297 2272 raptimque
3330 2205 3782 2264 transcurrimus;
3813 2220 3937 2272 pro-
3969 2198 4014 2257 B
4043 2209 4363 2262 vestibulum
4400 2216 4506 2270 est,
4534 2205 4701 2259 Deum
4738 2205 4862 2257 totis
4890 2203 5096 2257 viribus
5122 2201 5359 2262 firmiter,
5387 2207 5435 2251 et
5455 2212 5567 2253 con-

2363 2292 2617 2346 fundiora
2649 2307 2776 2346 vero
2803 2295 3060 2362 mysteria
3106 2295 3374 2348 vacationi
3423 2306 3546 2359 tuae,
3578 2311 3695 2364 qum
3721 2297 3937 2348 liberior

2358 2393 2463 2450 est,
2503 2400 2860 2440 reservamus.
2893 2387 3198 2454 Inquirendi
3229 2389 3463 2455 quidem,
3493 2389 3573 2442 vel
3608 2388 3933 2454 intelligendi

2361 2477 2607 2530 dedimus
2653 2479 3022 2542 occasionem,
3051 2493 3157 2531 non
3202 2488 3379 2530 autem
3410 2479 3582 2546 plenae
3609 2479 3935 2532 contulimus

2357 2565 2726 2636 inleiligentia:
2758 2566 3087 2620 facultatem.
3135 2567 3201 2621 Et
3227 2584 3324 2622 nos
3370 2569 3585 2636 quidem
3615 2569 3929 2621 earumdem

2356 2657 2700 2710 mansionum
2747 2658 3122 2710 tantummodo
3165 2659 3319 2726 quasi
3358 2657 3553 2727 januas
3598 2658 3927 2726 aperuimus,

2351 2754 2458 2800 tua:
2483 2746 2785 2814 prudentia:
2819 2748 2890 2802 sit
2933 2763 3024 2800 eas
3068 2748 3298 2817 ingredi,
3329 2763 3625 2816 earumque
3673 2750 3929 2818 mysteria

2347 2838 2502 2891 velut
2528 2836 2735 2891 occulta
2771 2839 3012 2891 thesauri
3061 2838 3296 2892 cwlcstis
3334 2839 3534 2891 talenta
3565 2839 3770 2891 rimari.
3802 2839 3930 2893 Mihi

2347 2936 2531 2982 autem
2560 2928 2821 2981 duntaxat
2851 2930 3151 2983 obtinuisse
3194 2928 3438 2994 sufficiat,
3477 2939 3536 2982 ut
3564 2929 3744 2982 fatuus
3786 2930 3931 2997 quis-

2347 3030 2456 3087 que
2485 3017 2729 3070 nesciens
2760 3032 2878 3085 quae
2923 3016 3180 3084 loquitur,
3224 3017 3306 3069 vel
3339 3019 3405 3069 de
3449 3017 3643 3083 quibus
3671 3017 3924 3082 allirmat,

2341 3122 2452 3163 non
2478 3108 2702 3162 ulterius
2729 3110 2932 3177 garriat
2969 3110 3083 3164 lucc
3112 3110 3244 3162 nihil
3285 3110 3534 3163 utilitatis
3569 3109 3796 3173 afferre;
3829 3110 3924 3163 sed

2343 3199 2591 3270 mysticis
2622 3199 3004 3267 allegorarium
3034 3200 3394 3268 spiritualium
3427 3201 3784 3254 sacramentis
3815 3216 3920 3253 non

2341 3281 2553 3343 dubitet
2583 3290 2762 3342 omnia
2811 3290 3133 3348 redundare.
3182 3288 3288 3343 Nos
3335 3291 3517 3359 itaque
3557 3299 3678 3359 post
3725 3300 3923 3345 metata

2339 3387 2418 3433 tot
2449 3379 2789 3434 mansionum
2822 3389 3026 3444 castra,
3059 3391 3179 3449 post
3211 3391 3318 3434 tam
3359 3381 3530 3451 longa:
3568 3382 3922 3450 profectionis

2344 3484 2647 3534 aerumnas,
2677 3473 2856 3524 Aaron
2905 3481 2959 3524 et
3003 3471 3183 3542 Moyse
3209 3473 3322 3540 jam
3364 3473 3652 3538 defunctis,
3685 3475 3785 3527 hoc
3818 3485 3918 3539 est,

4042 2310 4248 2356 stanter
4284 2313 4546 2351 amamus.
4581 2296 4696 2363 Ipsa
4734 2295 4933 2362 quippe
4981 2292 5225 2354 dilectio,
5272 2291 5397 2344 sicut
5432 2287 5569 2342 Joan-

4041 2408 4134 2444 nes
4173 2389 4507 2456 Evangelista
4559 2385 4842 2453 perhibet,
4889 2383 5028 2436 Deus
5059 2391 5140 2435 cst
5190 2379 5258 2451 (Ι
5298 2379 5441 2433 Jonn.
5483 2379 5568 2446 tv).

4043 2481 4104 2530 lit
4130 2481 4193 2531 de
4223 2479 4332 2531 Deo
4361 2478 4627 2544 Propheta
4660 2473 4841 2544 psallit
4870 2493 4880 2526 :
4923 2494 4940 2524 ι
4973 2472 5051 2525 Tu
5093 2487 5150 2526 es
5176 2472 5313 2526 Deus
5345 2485 5498 2534 meus,
5525 2481 5571 2524 et

4036 2569 4294 2623 fortitudo
4340 2585 4456 2622 mea
4490 2567 4660 2636 (Psal.
4693 2569 4846 2634 XLII).
4881 2585 4899 2618 ι
4936 2565 5249 2619 Columnam
5278 2577 5422 2625 vero,
5462 2577 5566 2630 qua:

4034 2671 4258 2714 vocatur
4314 2661 4365 2712 in
4415 2660 4639 2720 robore,
4699 2658 4754 2710 in
4801 2657 5017 2709 sinistra
5078 2653 5310 2721 ejusdem
5348 2650 5567 2705 vestibuli

4034 2761 4188 2820 parte
4232 2751 4542 2812 statuimus,
4593 2763 4716 2800 cum
4759 2747 5060 2816 proximum
5093 2755 5330 2798 nostrum
5369 2743 5418 2795 in
5449 2741 5560 2803 Deo,

4034 2843 4172 2894 sicut
4206 2840 4565 2907 nosmetipsos
4612 2852 4876 2891 amamus.
4927 2834 5028 2889 Ubi
5079 2835 5393 2897 notandum,
5443 2832 5568 2899 quod

4035 2932 4316 3000 Scriptura
4369 2930 4754 2998 prosequitur:
4801 2945 4820 2978 ι
4851 2925 4961 2980 Nec
5007 2941 5112 2979 non
5163 2934 5216 2979 et
5262 2923 5404 2993 quasi
5434 2931 5567 2976 cate-

4031 3022 4186 3075 nulas
4213 3022 4264 3072 in
4294 3021 4534 3082 oraculo,
4579 3029 4631 3072 et
4672 3018 4831 3087 572
4859 3015 5198 3086 superposuit
5221 3030 5309 3068 eas
5327 3012 5570 3082 capitibus

4028 3111 4398 3166 columnarum
4433 3108 4506 3176 (ll
4538 3107 4665 3161 Par.
4697 3119 4805 3174 Ill).
4838 3128 4854 3159 ι
4882 3108 4939 3162 1η
4968 3117 5164 3162 nostra:
5207 3105 5393 3176 quippe
5428 3117 5566 3157 meu-

4029 3204 4099 3256 tis
4129 3203 4347 3254 oraculo
4380 3202 4644 3269 capitibus
4678 3201 5050 3255 columnarum
5093 3198 5362 3254 catenulas
5400 3211 5571 3265 super-

4029 3292 4299 3361 ponimus,
4341 3293 4536 3359 quibus
4566 3291 4772 3344 scilicet
4811 3300 5094 3358 utramque
5129 3289 5421 3344 columnam
5453 3288 5573 3342 sibi—

4028 3392 4138 3436 met
4190 3383 4416 3436 invicem
4475 3391 4894 3446 connectamus;
4946 3383 5068 3451 quia
5115 3396 5212 3435 nec
5263 3380 5420 3434 Detnn
5468 3383 5574 3434 sine

4026 3472 4302 3539 proximo,
4355 3487 4455 3524 nec
4488 3472 4790 3538 proximum
4837 3486 4964 3523 vere
5005 3469 5270 3536 diligimus
5306 3469 5418 3522 sine
5449 3469 5571 3522 Deo.

2341 3563 2511 3616 veteri
2544 3563 2849 3616 sacerdotio
2898 3579 2961 3616 ac
3011 3564 3122 3632 lege
3159 3564 3376 3627 solutis,
3428 3567 3527 3618 sub
3575 3564 3737 3620 Josue
3783 3568 3917 3622 duce
3947 3545 3990 3606 (ἶ
4024 3562 4176 3628 Quod
4208 3563 4390 3631 utique
4441 3561 4696 3629 templum
4749 3570 4833 3623 tu,
4879 3560 5198 3614 venerabilis
5220 3558 5402 3623 frater,
5446 3561 5575 3627 opti-

2334 3657 2539 3703 terram
2580 3651 2901 3720 evangelica:
2948 3653 3378 3719 repromissionis
3430 3671 3616 3708 sumus
3662 3656 3910 3724 ingressi.

2339 3742 2594 3808 Terram,
2629 3745 2868 3814 inquam,
2922 3745 3060 3800 lacte
3113 3762 3176 3800 ac
3229 3749 3382 3802 melle
3429 3760 3758 3814 manantem,
3812 3753 3914 3806 hoc

2332 3843 2440 3899 est,
2487 3835 2842 3888 humanitatis
2892 3835 3090 3889 Christi
3128 3844 3288 3904 atque
3325 3837 3623 3892 divinitatis
3655 3840 3913 3908 mysteria

2334 3922 2729 3995 proﬂuentem;
2781 3925 2973 3992 quibus
3013 3925 3195 3992 utique
3234 3924 3347 3991 jam
3393 3926 3468 3978 nil
3517 3927 3663 3981 aliud
3705 3937 3910 3994 restat,

2335 4012 2442 4068 nisi
2470 4021 2527 4066 ut
2571 4013 2624 4066 in
2668 4012 3001 4067 Hierusalem
3045 4015 3280 4083 pectoris
3324 4015 3493 4068 nostri
3535 4026 3913 4072 construamus

2333 4103 2566 4160 Domino
2597 4105 2874 4175 templum,
2901 4107 2972 4159 ita
3001 4108 3195 4160 decore
3227 4107 3483 4161 virtutum
3509 4117 3762 4176 tanquam
3789 4111 3904 4163 auri

2337 4206 2394 4252 et
2439 4201 2668 4268 argenti,
2717 4199 3063 4266 omniumque
3104 4213 3437 4266 gemmarum
3480 4199 3742 4252 varietate
3780 4216 3904 4253 con-

2332 4287 2602 4356 spicuum.
2628 4287 2687 4340 ln
2711 4286 2864 4354 cujus
2893 4287 3310 4358 scilicetutempli
3340 4287 3606 4342 vestibulo
3637 4289 3773 4342 duas
3801 4291 3906 4343 eri-

2339 4393 2530 4448 ganms
2558 4379 2682 4433 hinc
2710 4379 2834 4433 inde
2859 4379 3135 4434 columnas
3158 4381 3223 4434 ad
3251 4379 3554 4435 Salomonis
3575 4382 3900 4450 exemplum,

2329 4478 2597 4538 ponentes
2617 4478 2672 4523 et
2700 4469 2975 4524 calenulas
2999 4471 3050 4522 in
3079 4470 3390 4524 earumdem
3419 4471 3680 4540 capitibus
3701 4471 3904 4526 colum-

2330 4571 2547 4612 narum.
2578 4558 2729 4613 Sicut
2754 4560 2898 4614 enim
2929 4558 3205 4627 Scriptura
3247 4568 3511 4614 testatur:
3553 4578 3572 4610 ι
3604 4559 3775 4614 Unam
3807 4576 3901 4615 co-

4022 3669 4110 3709 me
4155 3663 4335 3723 potes,
4387 3653 4494 3707 Deo
4527 3668 4739 3706 manum
4791 3654 5092 3721 prmbente,
5123 3660 5461 3714 construere,
5492 3651 5576 3718 qui

4024 3756 4303 3800 mutuatus
4349 3761 4407 3799 es
4441 3746 4506 3798 ab
4547 3744 4816 3813 Egyptiis
4859 3760 5019 3798 aurea
5055 3760 5208 3805 vasa,
5238 3754 5291 3796 et
5328 3754 5576 3812 argentea

4017 3855 4138 3893 cum
4203 3838 4445 3892 vestibus
4503 3838 4756 3906 pretiosis
4822 3834 5036 3906 (Exod.
5088 3839 5202 3906 ιιι).
5251 3834 5576 3890 Thesaurnm

4016 3928 4211 3996 quippe
4264 3925 4403 3979 tollit
4450 3923 4752 3995 Egyptiis,
4817 3926 4956 3979 unde
5011 3925 5120 3978 Deo
5177 3924 5577 3978 tabernaculum

4017 4027 4315 4080 eonstruat,
4349 4017 4437 4085 qui
4471 4026 4676 4084 poetas,
4712 4032 4776 4071 ac
4803 4017 5146 4087 philosophos
5192 4016 5340 4085 legit,
5386 4017 5579 4083 quibus

4017 4109 4080 4161 ad
4125 4107 4458 4177 penetranda
4503 4109 4754 4177 mysteria
4801 4109 5036 4164 caelestis
5087 4109 5280 4176 eloquii
5329 4106 5579 4162 subtilius

4014 4197 4373 4252 convalescat.
4398 4198 4514 4266 Ipse
4543 4198 4949 4252 tabernaculum
4980 4199 5079 4253 hoc
5106 4199 5156 4250 in
5182 4209 5368 4253 nostra
5394 4198 5580 4266 digne-

4015 4296 4102 4340 tur
4131 4295 4313 4340 mente
4343 4295 4678 4349 construerc,
4721 4287 4811 4355 qui
4864 4288 5192 4340 destructum
5224 4286 5310 4342 sui
5338 4285 5583 4356 corporis

4012 4379 4268 4450 templum
4299 4379 4546 4431 triduano
4576 4379 4748 4447 potuit
4775 4379 4948 4448 spatio
4982 4377 5289 4433 reformare.

4329 4513 4406 4565 Sit
4450 4526 4633 4566 nomen
4661 4510 4873 4566 Domini
4915 4512 5250 4566 benedictum.

2334 4745 5579 4769 Μὴ

2461 4886 3703 5025 573'57‘OPUSCULUM
3792 4909 4676 5024 TRICESIMUM
4765 4911 5462 5024 TERTIUM.

2404 5129 2508 5187 DE
2557 5128 2768 5188 BONO
2815 5128 3430 5191 SUFFRAGIORUM
3491 5132 3591 5190 ET
3640 5131 3910 5193 VARUS
3951 5130 4405 5204 MIRACULIS,
4462 5129 4938 5192 PBESERTIM
4993 5129 5062 5189 B.
5105 5128 5499 5190 VlRGlNlS.

2333 5352 2734 5434 Ancuncsrrn.
2758 5388 2826 5397 —
2851 5358 3157 5434 Desiderius
3177 5358 3486 5434 Casinensis
3515 5360 3681 5416 abbas
3703 5361 3763 5414 Β.
3794 5363 3955 5417 Petro
3981 5364 4236 5419 Damiano
4266 5379 4361 5434 per
4389 5363 4778 5434 internuntium
4807 5362 5160 5434 comminatus
5183 5345 5582 5434 fuerat-illum,

2408 5427 2515 5502 nisi
2549 5427 2614 5479 ad
2649 5443 2802 5502 suum
2833 5431 3218 5502 iuonasterium
3257 5431 3535 5502 visendum
3566 5435 3964 5501 quamprimum
3992 5427 4300 5497 accederet,
4328 5434 4630 5486 orationan
4658 5431 4940 5502 sulfragia,
4973 5432 5016 5484 si
5065 5448 5119 5486 se
5165 5431 5386 5486 vivente
5417 5434 5586 5502 dece-

2408 5500 2596 5558 deret,
2627 5512 2655 5572 a
2686 5495 3069 5552 Casinensibus
3111 5501 3390 5572 monachis
3440 5516 3546 5572 non
3582 5495 3915 5556 habiturum.
3965 5504 4074 5568 Qua
4111 5495 4529 5558 comminatione
4579 5495 4854 5572 permotus
4898 5495 5082 5556 scribit
5115 5503 5178 5554 ad
5213 5502 5481 5572 eumdem
5531 5501 5585 5552 in

2397 5566 2718 5640 praesentia,
2767 5576 2823 5640 ut
2852 5582 2972 5619 eam
3005 5578 3244 5632 revocet,
3279 5570 3590 5638 itinerisque
3640 5566 4007 5626 difficultatem
4053 5585 4331 5635 causatur;
4377 5588 4546 5640 ptenze
4579 5566 4656 5640 'qu

4735 5587 4828 5637 ue,
4874 5587 5034 5640 quam
5073 5572 5170 5625 sibi
5199 5571 5585 5624 comminatus

2396 5635 2600 5709 fuerat,
2631 5636 2951 5709 gravitatem
2979 5647 3285 5709 exaggerat.
3311 5640 3390 5694 Ad
3419 5635 3664 5695 ultimum
3699 5657 3820 5696 cum
3861 5643 4176 5700 obedientiam.
4221 5635 4476 5698 virtutem
4524 5635 4906 5697 collaudasset:
4963 5656 5020 5696 se
5059 5641 5582 5709 obtemperaturum

2393 5704 2470 5757 illi
2497 5721 2600 5758 non
2637 5706 2862 5761 obscure
2888 5704 3186 5776 praesefeit.

2391 5813 2729 5883 Archangelo
2758 5817 3142 5872 monachorum
3183 5818 3470 5875 Dssmsmo
3508 5820 3722 5879 Ρετιιυε
3765 5840 3894 5894 pec-
3920 5809 3971 5869 Ῐ)
3996 5825 4136 5881 roris
4161 5824 4404 5880 aculeum
4434 5824 4566 5877 meis
4593 5820 4893 5877 visceribus
4919 5819 5122 5886 intulit;
5150 5834 5272 5874 cum
5305 5818 5388 5883 id,
5427 5815 5584 5886 quod

2321 5911 2475 5956 cator
2502 5905 2793 5958 monaclms
2817 5909 3147 5963 servitutem.

2393 5991 2505 6046 Non
2555 5994 2800 6062 ignorare
2848 6008 2896 6051 te
2946 6000 3137 6068 patior,
3188 6001 3495 6056 venerande
3528 6003 3706 6070 Pater,
3756 6008 3886 6077 quia

2322 6080 2683 6139 Guidunculus
2717 6086 2839 6154 ille,
2877 6105 3006 6159 puer
3037 6091 3279 6146 vidulin
3315 6104 3518 6161 master,
3545 6111 3723 6152 acrem
3749 6113 3882 6154 mte-

3989 5919 4117 5973 mihi
4145 5919 4380 5973 minatus
4409 5931 4492 5982 es,
4525 5932 4621 5986 per
4647 5915 4890 5970 ordinem
4921 5913 5203 5968 nuntiavit.
5237 5910 5473 5966 Dixisse
5497 5907 5578 5962 si-

3989 6010 4199 6079 quidem
4223 6020 4276 6065 te
4304 6009 4510 6073 retulit,
4541 6009 4663 6078 quia
4691 6007 4792 6062 nisi
4818 6006 5111 6062 Casinense
5134 6003 5576 6060 monasterium,

3989 6101 4128 6170 quod
4159 6101 4347 6172 utique
4374 6099 4625 6156 nobiliter
4656 6099 4828 6169 regis.
4879 6096 5196 6163 inviserem;
5242 6095 5578 6152 orationem
