  <div class='ocr_page' id='page_1' title='image "/cluster/home/n/w/nwhite01/storage/ocr_20150623/144-145/uc1.31175001639262/820.png"; bbox 0 0 5664 6632; ppageno 0'>
   <div class='ocr_carea' id='block_1_1' title="bbox 677 342 3097 425">
    <p class='ocr_par' dir='ltr' id='par_1_1' title="bbox 677 342 3097 425">
     <span class='ocr_line' id='line_1_1' title="bbox 677 342 3097 425; baseline 0.01 -27"><span class='ocrx_word' id='word_1_1' title='bbox 677 342 765 401; x_wconf 74' lang='grc'><strong>561</strong></span> <span class='ocrx_word' id='word_1_2' title='bbox 1516 356 1757 416; x_wconf 82' lang='lat' dir='ltr'><strong>OPUSC.</strong></span> <span class='ocrx_word' id='word_1_3' title='bbox 1800 361 2034 419; x_wconf 67' lang='lat' dir='ltr'><strong>XXXIII.</strong></span> <span class='ocrx_word' id='word_1_4' title='bbox 2076 395 2147 408; x_wconf 94' lang='lat'><strong><em>—</em></strong></span> <span class='ocrx_word' id='word_1_5' title='bbox 2184 367 2272 422; x_wconf 84' lang='lat' dir='ltr'><strong>DE</strong></span> <span class='ocrx_word' id='word_1_6' title='bbox 2312 367 2493 424; x_wconf 83' lang='grc' dir='ltr'><strong>ΒΟΝο</strong></span> <span class='ocrx_word' id='word_1_7' title='bbox 2533 368 3097 425; x_wconf 76' lang='lat' dir='ltr'><strong>SUFFRAGIOBUM.</strong></span> 
     </span>
    </p>
   </div>
   <div class='ocr_carea' id='block_1_2' title="bbox 3827 368 3935 424">
    <p class='ocr_par' dir='ltr' id='par_1_2' title="bbox 3827 368 3935 424">
     <span class='ocr_line' id='line_1_2' title="bbox 3827 368 3935 424; baseline 0.019 -2"><span class='ocrx_word' id='word_1_8' title='bbox 3827 368 3935 424; x_wconf 78' lang='lat'><strong>562</strong></span> 
     </span>
    </p>
   </div>
   <div class='ocr_carea' id='block_1_3' title="bbox 676 458 3934 551">
    <p class='ocr_par' dir='ltr' id='par_1_3' title="bbox 676 458 3934 551">
     <span class='ocr_line' id='line_1_3' title="bbox 676 458 3934 551; baseline 0.003 -28"><span class='ocrx_word' id='word_1_9' title='bbox 676 458 957 551; x_wconf 14' lang='grc' dir='ltr'><strong>ξπιιθιίλίοοᾲῖ</strong></span> <span class='ocrx_word' id='word_1_10' title='bbox 979 501 992 524; x_wconf 76' lang='grc' dir='ltr'><strong><em>ο</em></strong></span> <span class='ocrx_word' id='word_1_11' title='bbox 1024 463 1068 517; x_wconf 91' lang='lat' dir='ltr'><strong>si</strong></span> <span class='ocrx_word' id='word_1_12' title='bbox 1100 470 1150 518; x_wconf 91' lang='lat' dir='ltr'><strong>te</strong></span> <span class='ocrx_word' id='word_1_13' title='bbox 1182 466 1402 520; x_wconf 71' lang='lat' dir='ltr'><strong>vivente,</strong></span> <span class='ocrx_word' id='word_1_14' title='bbox 1437 467 1782 538; x_wconf 70' lang='lat' dir='ltr'><strong>defungerer,</strong></span> <span class='ocrx_word' id='word_1_15' title='bbox 1816 493 1920 531; x_wconf 80' lang='lat' dir='ltr'><strong>non</strong></span> <span class='ocrx_word' id='word_1_16' title='bbox 1955 479 2226 533; x_wconf 71' lang='lat' dir='ltr'><strong>haberem.</strong></span> <span class='ocrx_word' id='word_1_17' title='bbox 2257 486 2311 544; x_wconf 79' lang='grc' dir='ltr'><strong>Α</strong></span> <span class='ocrx_word' id='word_1_18' title='bbox 2338 481 2751 550; x_wconf 72' lang='lat' dir='ltr'><strong>projicerentur,</strong></span> <span class='ocrx_word' id='word_1_19' title='bbox 2787 483 3059 536; x_wconf 85' lang='lat' dir='ltr'><strong>instruxit.</strong></span> <span class='ocrx_word' id='word_1_20' title='bbox 3099 481 3325 536; x_wconf 86' lang='lat' dir='ltr'><strong>Placere</strong></span> <span class='ocrx_word' id='word_1_21' title='bbox 3353 481 3553 551; x_wconf 89' lang='lat' dir='ltr'><strong>quippe</strong></span> <span class='ocrx_word' id='word_1_22' title='bbox 3583 482 3684 536; x_wconf 84' lang='lat' dir='ltr'><strong>sibi</strong></span> <span class='ocrx_word' id='word_1_23' title='bbox 3715 483 3780 536; x_wconf 93' lang='lat' dir='ltr'><strong>de</strong></span> <span class='ocrx_word' id='word_1_24' title='bbox 3809 498 3934 536; x_wconf 84' lang='lat' dir='ltr'><strong>cru-</strong></span> 
     </span>
    </p>
   </div>
   <div class='ocr_carea' id='block_1_4' title="bbox 676 549 2239 631">
    <p class='ocr_par' dir='ltr' id='par_1_4' title="bbox 676 549 2239 631">
     <span class='ocr_line' id='line_1_4' title="bbox 676 549 2239 631; baseline 0.014 -31"><span class='ocrx_word' id='word_1_25' title='bbox 676 549 794 614; x_wconf 73' lang='lat' dir='ltr'><strong>Quze</strong></span> <span class='ocrx_word' id='word_1_26' title='bbox 815 549 1058 606; x_wconf 82' lang='lat' dir='ltr'><strong>videlicet</strong></span> <span class='ocrx_word' id='word_1_27' title='bbox 1083 556 1239 608; x_wconf 73' lang='lat' dir='ltr'><strong>minze</strong></span> <span class='ocrx_word' id='word_1_28' title='bbox 1262 571 1384 610; x_wconf 91' lang='lat' dir='ltr'><strong>cum</strong></span> <span class='ocrx_word' id='word_1_29' title='bbox 1408 575 1501 613; x_wconf 90' lang='lat' dir='ltr'><strong>cas</strong></span> <span class='ocrx_word' id='word_1_30' title='bbox 1523 562 1588 614; x_wconf 91' lang='lat' dir='ltr'><strong>ad</strong></span> <span class='ocrx_word' id='word_1_31' title='bbox 1617 572 1849 618; x_wconf 76' lang='lat' dir='ltr'><strong>mentem</strong></span> <span class='ocrx_word' id='word_1_32' title='bbox 1883 583 2105 631; x_wconf 77' lang='lat' dir='ltr'><strong>revoco;</strong></span> <span class='ocrx_word' id='word_1_33' title='bbox 2134 586 2239 622; x_wconf 90' lang='lat' dir='ltr'><strong>non</strong></span> 
     </span>
    </p>
   </div>
   <div class='ocr_carea' id='block_1_5' title="bbox 674 645 2239 723">
    <p class='ocr_par' dir='ltr' id='par_1_5' title="bbox 674 645 2239 723">
     <span class='ocr_line' id='line_1_5' title="bbox 674 645 2239 723; baseline 0.014 -34"><span class='ocrx_word' id='word_1_34' title='bbox 674 648 728 690; x_wconf 91' lang='lat' dir='ltr'><strong>ut</strong></span> <span class='ocrx_word' id='word_1_35' title='bbox 757 653 880 692; x_wconf 89' lang='lat' dir='ltr'><strong>acus</strong></span> <span class='ocrx_word' id='word_1_36' title='bbox 901 650 1171 709; x_wconf 78' lang='lat' dir='ltr'><strong>pungunt,</strong></span> <span class='ocrx_word' id='word_1_37' title='bbox 1203 645 1296 696; x_wconf 88' lang='lat' dir='ltr'><strong>sed</strong></span> <span class='ocrx_word' id='word_1_38' title='bbox 1323 648 1470 701; x_wconf 92' lang='lat' dir='ltr'><strong>conti</strong></span> <span class='ocrx_word' id='word_1_39' title='bbox 1501 651 1678 718; x_wconf 79' lang='lat' dir='ltr'><strong>potius</strong></span> <span class='ocrx_word' id='word_1_40' title='bbox 1708 669 1879 720; x_wconf 77' lang='lat' dir='ltr'><strong>more,</strong></span> <span class='ocrx_word' id='word_1_41' title='bbox 1914 657 1994 709; x_wconf 97' lang='lat' dir='ltr'><strong>vel</strong></span> <span class='ocrx_word' id='word_1_42' title='bbox 2028 658 2239 723; x_wconf 77' lang='lat' dir='ltr'><strong>spiculi,</strong></span> 
     </span>
    </p>
   </div>
   <div class='ocr_carea' id='block_1_6' title="bbox 673 726 2242 813">
    <p class='ocr_par' dir='ltr' id='par_1_6' title="bbox 673 726 2242 813">
     <span class='ocr_line' id='line_1_6' title="bbox 673 726 2242 813; baseline 0.017 -35"><span class='ocrx_word' id='word_1_43' title='bbox 673 726 868 782; x_wconf 86' lang='lat' dir='ltr'><strong>viscera</strong></span> <span class='ocrx_word' id='word_1_44' title='bbox 912 738 1094 784; x_wconf 90' lang='lat' dir='ltr'><strong>nostra</strong></span> <span class='ocrx_word' id='word_1_45' title='bbox 1132 734 1514 791; x_wconf 81' lang='lat' dir='ltr'><strong>transfodiunt.</strong></span> <span class='ocrx_word' id='word_1_46' title='bbox 1562 740 1800 797; x_wconf 71' lang='lat' dir='ltr'><strong>Gemina:</strong></span> <span class='ocrx_word' id='word_1_47' title='bbox 1848 745 2116 813; x_wconf 77' lang='lat' dir='ltr'><strong>siquidem</strong></span> <span class='ocrx_word' id='word_1_48' title='bbox 2150 764 2242 804; x_wconf 84' lang='lat' dir='ltr'><strong>ne-</strong></span> 
     </span>
    </p>
   </div>
   <div class='ocr_carea' id='block_1_7' title="bbox 673 819 2245 908">
    <p class='ocr_par' dir='ltr' id='par_1_7' title="bbox 673 819 2245 908">
     <span class='ocr_line' id='line_1_7' title="bbox 673 819 2245 908; baseline 0.015 -38"><span class='ocrx_word' id='word_1_49' title='bbox 673 819 931 903; x_wconf 83' lang='lat' dir='ltr'><strong>cessitatis</strong></span> <span class='ocrx_word' id='word_1_50' title='bbox 965 823 1200 892; x_wconf 77' lang='lat' dir='ltr'><strong>undique</strong></span> <span class='ocrx_word' id='word_1_51' title='bbox 1231 835 1486 894; x_wconf 87' lang='lat' dir='ltr'><strong>coarctor</strong></span> <span class='ocrx_word' id='word_1_52' title='bbox 1516 829 1832 886; x_wconf 73' lang='lat' dir='ltr'><strong>obstaculis.</strong></span> <span class='ocrx_word' id='word_1_53' title='bbox 1866 834 1998 888; x_wconf 68' lang='lat' dir='ltr'><strong>Nam</strong></span> <span class='ocrx_word' id='word_1_54' title='bbox 2032 849 2081 891; x_wconf 81' lang='lat' dir='ltr'><strong>et</strong></span> <span class='ocrx_word' id='word_1_55' title='bbox 2118 854 2245 908; x_wconf 87' lang='lat' dir='ltr'><strong>pro-</strong></span> 
     </span>
    </p>
   </div>
   <div class='ocr_carea' id='block_1_8' title="bbox 668 908 2242 994">
    <p class='ocr_par' dir='ltr' id='par_1_8' title="bbox 668 908 2242 994">
     <span class='ocr_line' id='line_1_8' title="bbox 668 908 2242 994; baseline 0.014 -34"><span class='ocrx_word' id='word_1_56' title='bbox 668 908 843 978; x_wconf 86' lang='lat' dir='ltr'><strong>pinqui</strong></span> <span class='ocrx_word' id='word_1_57' title='bbox 869 910 1049 966; x_wconf 89' lang='lat' dir='ltr'><strong>obitus</strong></span> <span class='ocrx_word' id='word_1_58' title='bbox 1074 928 1159 967; x_wconf 91' lang='lat' dir='ltr'><strong>me</strong></span> <span class='ocrx_word' id='word_1_59' title='bbox 1189 917 1365 971; x_wconf 92' lang='lat' dir='ltr'><strong>reddit</strong></span> <span class='ocrx_word' id='word_1_60' title='bbox 1395 927 1527 972; x_wconf 88' lang='lat' dir='ltr'><strong>aetas</strong></span> <span class='ocrx_word' id='word_1_61' title='bbox 1556 926 1766 975; x_wconf 71' lang='lat' dir='ltr'><strong>matura</strong></span> <span class='ocrx_word' id='word_1_62' title='bbox 1816 936 2154 994; x_wconf 67' lang='lat' dir='ltr'><strong>tusgtectum,</strong></span> <span class='ocrx_word' id='word_1_63' title='bbox 2186 937 2242 982; x_wconf 91' lang='lat' dir='ltr'><strong>et</strong></span> 
     </span>
    </p>
   </div>
   <div class='ocr_carea' id='block_1_9' title="bbox 669 1009 2236 1088">
    <p class='ocr_par' dir='ltr' id='par_1_9' title="bbox 669 1009 2236 1088">
     <span class='ocr_line' id='line_1_9' title="bbox 669 1009 2236 1088; baseline 0.015 -33"><span class='ocrx_word' id='word_1_64' title='bbox 669 1009 742 1056; x_wconf 89' lang='lat' dir='ltr'><strong>tot</strong></span> <span class='ocrx_word' id='word_1_65' title='bbox 765 1015 1073 1062; x_wconf 86' lang='lat' dir='ltr'><strong>sanctorum</strong></span> <span class='ocrx_word' id='word_1_66' title='bbox 1101 1013 1347 1066; x_wconf 89' lang='lat' dir='ltr'><strong>oratione</strong></span> <span class='ocrx_word' id='word_1_67' title='bbox 1371 1011 1634 1080; x_wconf 78' lang='lat' dir='ltr'><strong>fraudari,</strong></span> <span class='ocrx_word' id='word_1_68' title='bbox 1652 1033 1753 1070; x_wconf 81' lang='lat' dir='ltr'><strong>non</strong></span> <span class='ocrx_word' id='word_1_69' title='bbox 1779 1019 1897 1073; x_wconf 86' lang='lat' dir='ltr'><strong>leve</strong></span> <span class='ocrx_word' id='word_1_70' title='bbox 1919 1022 2236 1088; x_wconf 89' lang='lat' dir='ltr'><strong>periculum.</strong></span> 
     </span>
    </p>
   </div>
   <div class='ocr_carea' id='block_1_10' title="bbox 669 1093 2244 1176">
    <p class='ocr_par' dir='ltr' id='par_1_10' title="bbox 669 1093 2244 1176">
     <span class='ocr_line' id='line_1_10' title="bbox 669 1093 2244 1176; baseline 0.012 -29"><span class='ocrx_word' id='word_1_71' title='bbox 669 1093 887 1152; x_wconf 82' lang='lat' dir='ltr'><strong>Veniens</strong></span> <span class='ocrx_word' id='word_1_72' title='bbox 913 1099 1097 1169; x_wconf 84' lang='lat' dir='ltr'><strong>itaque</strong></span> <span class='ocrx_word' id='word_1_73' title='bbox 1125 1102 1434 1158; x_wconf 82' lang='lat' dir='ltr'><strong>medullitus</strong></span> <span class='ocrx_word' id='word_1_74' title='bbox 1481 1109 1839 1176; x_wconf 73' lang='lat' dir='ltr'><strong>pertimesco,</strong></span> <span class='ocrx_word' id='word_1_75' title='bbox 1869 1124 1936 1164; x_wconf 91' lang='lat' dir='ltr'><strong>ne</strong></span> <span class='ocrx_word' id='word_1_76' title='bbox 1965 1113 2088 1165; x_wconf 90' lang='lat' dir='ltr'><strong>dum</strong></span> <span class='ocrx_word' id='word_1_77' title='bbox 2130 1128 2244 1167; x_wconf 80' lang='lat' dir='ltr'><strong>mo-</strong></span> 
     </span>
    </p>
   </div>
   <div class='ocr_carea' id='block_1_11' title="bbox 666 1188 2241 1258">
    <p class='ocr_par' dir='ltr' id='par_1_11' title="bbox 666 1188 2241 1258">
     <span class='ocr_line' id='line_1_11' title="bbox 666 1188 2241 1258; baseline 0.013 -22"><span class='ocrx_word' id='word_1_78' title='bbox 666 1188 945 1241; x_wconf 87' lang='lat' dir='ltr'><strong>nasterium</strong></span> <span class='ocrx_word' id='word_1_79' title='bbox 977 1205 1188 1258; x_wconf 74' lang='lat' dir='ltr'><strong>qucero,</strong></span> <span class='ocrx_word' id='word_1_80' title='bbox 1222 1202 1377 1247; x_wconf 81' lang='lat' dir='ltr'><strong>extra</strong></span> <span class='ocrx_word' id='word_1_81' title='bbox 1411 1199 1802 1252; x_wconf 74' lang='lat' dir='ltr'><strong>monasterium</strong></span> <span class='ocrx_word' id='word_1_82' title='bbox 1836 1201 2060 1254; x_wconf 91' lang='lat' dir='ltr'><strong>moriar.</strong></span> <span class='ocrx_word' id='word_1_83' title='bbox 2097 1202 2241 1256; x_wconf 82' lang='lat' dir='ltr'><strong>Mors</strong></span> 
     </span>
    </p>
   </div>
   <div class='ocr_carea' id='block_1_12' title="bbox 665 1275 2242 1356">
    <p class='ocr_par' dir='ltr' id='par_1_12' title="bbox 665 1275 2242 1356">
     <span class='ocr_line' id='line_1_12' title="bbox 665 1275 2242 1356; baseline 0.013 -28"><span class='ocrx_word' id='word_1_84' title='bbox 665 1275 797 1329; x_wconf 73' lang='lat' dir='ltr'><strong>enim</strong></span> <span class='ocrx_word' id='word_1_85' title='bbox 829 1276 953 1333; x_wconf 91' lang='lat' dir='ltr'><strong>licet</strong></span> <span class='ocrx_word' id='word_1_86' title='bbox 986 1279 1105 1335; x_wconf 87' lang='lat' dir='ltr'><strong>aliis</strong></span> <span class='ocrx_word' id='word_1_87' title='bbox 1150 1285 1219 1336; x_wconf 92' lang='lat' dir='ltr'><strong>sit</strong></span> <span class='ocrx_word' id='word_1_88' title='bbox 1267 1285 1503 1351; x_wconf 88' lang='lat' dir='ltr'><strong>incerta,</strong></span> <span class='ocrx_word' id='word_1_89' title='bbox 1535 1289 1723 1356; x_wconf 90' lang='lat' dir='ltr'><strong>procul</strong></span> <span class='ocrx_word' id='word_1_90' title='bbox 1756 1290 1918 1345; x_wconf 91' lang='lat' dir='ltr'><strong>dubio</strong></span> <span class='ocrx_word' id='word_1_91' title='bbox 1950 1300 2125 1347; x_wconf 90' lang='lat' dir='ltr'><strong>tamen</strong></span> <span class='ocrx_word' id='word_1_92' title='bbox 2156 1310 2242 1350; x_wconf 69' lang='lat' dir='ltr'><strong>se-</strong></span> 
     </span>
    </p>
   </div>
   <div class='ocr_carea' id='block_1_13' title="bbox 662 1365 2238 1451">
    <p class='ocr_par' dir='ltr' id='par_1_13' title="bbox 662 1365 2238 1451">
     <span class='ocr_line' id='line_1_13' title="bbox 662 1365 2238 1451; baseline 0.013 -33"><span class='ocrx_word' id='word_1_93' title='bbox 662 1365 809 1421; x_wconf 88' lang='lat' dir='ltr'><strong>nibus</strong></span> <span class='ocrx_word' id='word_1_94' title='bbox 833 1380 915 1423; x_wconf 92' lang='lat' dir='ltr'><strong>est</strong></span> <span class='ocrx_word' id='word_1_95' title='bbox 939 1374 1263 1443; x_wconf 88' lang='lat' dir='ltr'><strong>propinqua.</strong></span> <span class='ocrx_word' id='word_1_96' title='bbox 1296 1375 1454 1431; x_wconf 59' lang='lat' dir='ltr'><strong>[Etas</strong></span> <span class='ocrx_word' id='word_1_97' title='bbox 1480 1380 1621 1432; x_wconf 90' lang='lat' dir='ltr'><strong>enim</strong></span> <span class='ocrx_word' id='word_1_98' title='bbox 1656 1381 1741 1434; x_wconf 91' lang='lat' dir='ltr'><strong>cui</strong></span> <span class='ocrx_word' id='word_1_99' title='bbox 1774 1398 1877 1436; x_wconf 91' lang='lat' dir='ltr'><strong>non</strong></span> <span class='ocrx_word' id='word_1_100' title='bbox 1905 1385 2238 1451; x_wconf 79' lang='lat' dir='ltr'><strong>succeditur,</strong></span> 
     </span>
    </p>
   </div>
   <div class='ocr_carea' id='block_1_14' title="bbox 662 1453 2241 1532">
    <p class='ocr_par' dir='ltr' id='par_1_14' title="bbox 662 1453 2241 1532">
     <span class='ocr_line' id='line_1_14' title="bbox 662 1453 2241 1532; baseline 0.013 -23"><span class='ocrx_word' id='word_1_101' title='bbox 662 1453 812 1512; x_wconf 80' lang='lat' dir='ltr'><strong>ﬁnem</strong></span> <span class='ocrx_word' id='word_1_102' title='bbox 864 1461 992 1516; x_wconf 70' lang='lat' dir='ltr'><strong>vita:</strong></span> <span class='ocrx_word' id='word_1_103' title='bbox 1043 1467 1350 1532; x_wconf 81' lang='lat' dir='ltr'><strong>proximum</strong></span> <span class='ocrx_word' id='word_1_104' title='bbox 1411 1469 1793 1524; x_wconf 88' lang='lat' dir='ltr'><strong>counninatur.</strong></span> <span class='ocrx_word' id='word_1_105' title='bbox 1846 1471 1960 1526; x_wconf 87' lang='lat' dir='ltr'><strong>Non</strong></span> <span class='ocrx_word' id='word_1_106' title='bbox 2019 1476 2241 1529; x_wconf 85' lang='lat' dir='ltr'><strong>veniens</strong></span> 
     </span>
    </p>
   </div>
   <div class='ocr_carea' id='block_1_15' title="bbox 661 1552 2240 1633">
    <p class='ocr_par' dir='ltr' id='par_1_15' title="bbox 661 1552 2240 1633">
     <span class='ocr_line' id='line_1_15' title="bbox 661 1552 2240 1633; baseline 0.013 -34"><span class='ocrx_word' id='word_1_107' title='bbox 661 1559 828 1604; x_wconf 84' lang='lat' dir='ltr'><strong>autem</strong></span> <span class='ocrx_word' id='word_1_108' title='bbox 853 1552 1205 1609; x_wconf 89' lang='lat' dir='ltr'><strong>nihilominus</strong></span> <span class='ocrx_word' id='word_1_109' title='bbox 1243 1573 1444 1626; x_wconf 75' lang='lat' dir='ltr'><strong>p&#39;lVCO,</strong></span> <span class='ocrx_word' id='word_1_110' title='bbox 1495 1574 1561 1611; x_wconf 87' lang='lat' dir='ltr'><strong>ne</strong></span> <span class='ocrx_word' id='word_1_111' title='bbox 1612 1562 1655 1613; x_wconf 89' lang='lat' dir='ltr'><strong>si</strong></span> <span class='ocrx_word' id='word_1_112' title='bbox 1708 1560 1999 1628; x_wconf 84' lang='lat' dir='ltr'><strong>fratribus,</strong></span> <span class='ocrx_word' id='word_1_113' title='bbox 2043 1566 2240 1633; x_wconf 85' lang='lat' dir='ltr'><strong>quibus</strong></span> 
     </span>
    </p>
   </div>
   <div class='ocr_carea' id='block_1_16' title="bbox 663 1639 2236 1720">
    <p class='ocr_par' dir='ltr' id='par_1_16' title="bbox 663 1639 2236 1720">
     <span class='ocr_line' id='line_1_16' title="bbox 663 1639 2236 1720; baseline 0.013 -29"><span class='ocrx_word' id='word_1_114' title='bbox 663 1639 908 1697; x_wconf 88' lang='lat' dir='ltr'><strong>intersum</strong></span> <span class='ocrx_word' id='word_1_115' title='bbox 929 1684 944 1708; x_wconf 90' lang='lat'><strong>,</strong></span> <span class='ocrx_word' id='word_1_116' title='bbox 981 1646 1418 1715; x_wconf 85' lang='lat' dir='ltr'><strong>inseparabiliter</strong></span> <span class='ocrx_word' id='word_1_117' title='bbox 1445 1650 1680 1705; x_wconf 63' lang='lat' dir='ltr'><strong>haeream</strong></span> <span class='ocrx_word' id='word_1_118' title='bbox 1703 1693 1715 1715; x_wconf 95' lang='lat'><strong>,</strong></span> <span class='ocrx_word' id='word_1_119' title='bbox 1749 1654 2042 1720; x_wconf 82' lang='lat' dir='ltr'><strong>uberioris,</strong></span> <span class='ocrx_word' id='word_1_120' title='bbox 2075 1666 2130 1710; x_wconf 90' lang='lat' dir='ltr'><strong>et</strong></span> <span class='ocrx_word' id='word_1_121' title='bbox 2155 1658 2236 1711; x_wconf 86' lang='lat' dir='ltr'><strong>in-</strong></span> 
     </span>
    </p>
   </div>
   <div class='ocr_carea' id='block_1_17' title="bbox 663 1736 2240 1816">
    <p class='ocr_par' dir='ltr' id='par_1_17' title="bbox 663 1736 2240 1816">
     <span class='ocr_line' id='line_1_17' title="bbox 663 1736 2240 1816; baseline 0.011 -32"><span class='ocrx_word' id='word_1_122' title='bbox 663 1736 1093 1802; x_wconf 88' lang='lat' dir='ltr'><strong>comparabiliter</strong></span> <span class='ocrx_word' id='word_1_123' title='bbox 1122 1739 1502 1795; x_wconf 84' lang='lat' dir='ltr'><strong>subventionis</strong></span> <span class='ocrx_word' id='word_1_124' title='bbox 1550 1740 1863 1812; x_wconf 83' lang='lat' dir='ltr'><strong>[sanctioris</strong></span> <span class='ocrx_word' id='word_1_125' title='bbox 1915 1746 1992 1799; x_wconf 73' lang='lat' dir='ltr'><strong>vel</strong></span> <span class='ocrx_word' id='word_1_126' title='bbox 2018 1748 2141 1816; x_wconf 81' lang='lat' dir='ltr'><strong>quid</strong></span> <span class='ocrx_word' id='word_1_127' title='bbox 2167 1748 2240 1801; x_wconf 83' lang='lat' dir='ltr'><strong>si-</strong></span> 
     </span>
    </p>
   </div>
   <div class='ocr_carea' id='block_1_18' title="bbox 2346 572 3937 643">
    <p class='ocr_par' dir='ltr' id='par_1_18' title="bbox 2346 572 3937 643">
     <span class='ocr_line' id='line_1_18' title="bbox 2346 572 3937 643; baseline 0.003 -18"><span class='ocrx_word' id='word_1_128' title='bbox 2346 574 2564 628; x_wconf 77' lang='lat' dir='ltr'><strong>delitatc</strong></span> <span class='ocrx_word' id='word_1_129' title='bbox 2612 575 2951 643; x_wconf 86' lang='lat' dir='ltr'><strong>potissimum</strong></span> <span class='ocrx_word' id='word_1_130' title='bbox 3015 574 3277 636; x_wconf 88' lang='lat' dir='ltr'><strong>credidit,</strong></span> <span class='ocrx_word' id='word_1_131' title='bbox 3330 588 3488 641; x_wconf 83' lang='lat' dir='ltr'><strong>quem</strong></span> <span class='ocrx_word' id='word_1_132' title='bbox 3536 582 3592 626; x_wconf 87' lang='lat' dir='ltr'><strong>et</strong></span> <span class='ocrx_word' id='word_1_133' title='bbox 3637 572 3937 630; x_wconf 79' lang='lat' dir='ltr'><strong>inferendis</strong></span> 
     </span>
    </p>
   </div>
   <div class='ocr_carea' id='block_1_19' title="bbox 2347 660 3937 732">
    <p class='ocr_par' dir='ltr' id='par_1_19' title="bbox 2347 660 3937 732">
     <span class='ocr_line' id='line_1_19' title="bbox 2347 660 3937 732; baseline 0.001 -17"><span class='ocrx_word' id='word_1_134' title='bbox 2347 678 2563 731; x_wconf 82' lang='lat' dir='ltr'><strong>semper</strong></span> <span class='ocrx_word' id='word_1_135' title='bbox 2589 663 2866 732; x_wconf 88' lang='lat' dir='ltr'><strong>suppliciis</strong></span> <span class='ocrx_word' id='word_1_136' title='bbox 2902 663 3200 716; x_wconf 90' lang='lat' dir='ltr'><strong>inhiantem</strong></span> <span class='ocrx_word' id='word_1_137' title='bbox 3221 703 3235 725; x_wconf 89' lang='lat'><strong>,</strong></span> <span class='ocrx_word' id='word_1_138' title='bbox 3264 671 3319 715; x_wconf 91' lang='lat' dir='ltr'><strong>et</strong></span> <span class='ocrx_word' id='word_1_139' title='bbox 3350 661 3655 714; x_wconf 66' lang='lat' dir='ltr'><strong>inhumana:</strong></span> <span class='ocrx_word' id='word_1_140' title='bbox 3681 660 3937 732; x_wconf 83' lang='lat' dir='ltr'><strong>cognovit</strong></span> 
     </span>
    </p>
   </div>
   <div class='ocr_carea' id='block_1_20' title="bbox 2345 754 3937 824">
    <p class='ocr_par' dir='ltr' id='par_1_20' title="bbox 2345 754 3937 824">
     <span class='ocr_line' id='line_1_20' title="bbox 2345 754 3937 824; baseline 0 -16"><span class='ocrx_word' id='word_1_141' title='bbox 2345 755 2683 808; x_wconf 87' lang='lat' dir='ltr'><strong>crudelitatis</strong></span> <span class='ocrx_word' id='word_1_142' title='bbox 2712 763 3009 809; x_wconf 88' lang='lat' dir='ltr'><strong>auctorem.</strong></span> <span class='ocrx_word' id='word_1_143' title='bbox 3047 754 3357 808; x_wconf 63' lang='lat' dir='ltr'><strong>Prtcsertim</strong></span> <span class='ocrx_word' id='word_1_144' title='bbox 3389 755 3515 822; x_wconf 79' lang='lat' dir='ltr'><strong>quia</strong></span> <span class='ocrx_word' id='word_1_145' title='bbox 3550 755 3676 807; x_wconf 88' lang='lat' dir='ltr'><strong>dum</strong></span> <span class='ocrx_word' id='word_1_146' title='bbox 3705 755 3937 824; x_wconf 87' lang='lat' dir='ltr'><strong>quisque</strong></span> 
     </span>
    </p>
   </div>
   <div class='ocr_carea' id='block_1_21' title="bbox 2345 843 3939 912">
    <p class='ocr_par' dir='ltr' id='par_1_21' title="bbox 2345 843 3939 912">
     <span class='ocr_line' id='line_1_21' title="bbox 2345 843 3939 912; baseline 0.001 -16"><span class='ocrx_word' id='word_1_147' title='bbox 2345 843 2616 912; x_wconf 89' lang='lat' dir='ltr'><strong>projectus</strong></span> <span class='ocrx_word' id='word_1_148' title='bbox 2645 845 2698 897; x_wconf 93' lang='lat' dir='ltr'><strong>in</strong></span> <span class='ocrx_word' id='word_1_149' title='bbox 2748 845 2978 898; x_wconf 85' lang='lat' dir='ltr'><strong>bestiam</strong></span> <span class='ocrx_word' id='word_1_150' title='bbox 3017 858 3178 897; x_wconf 87' lang='lat' dir='ltr'><strong>voces</strong></span> <span class='ocrx_word' id='word_1_151' title='bbox 3210 844 3519 907; x_wconf 86' lang='lat' dir='ltr'><strong>emitteret,</strong></span> <span class='ocrx_word' id='word_1_152' title='bbox 3572 854 3758 896; x_wconf 90' lang='lat' dir='ltr'><strong>taurus</strong></span> <span class='ocrx_word' id='word_1_153' title='bbox 3799 856 3939 911; x_wconf 82' lang='lat' dir='ltr'><strong>quo-</strong></span> 
     </span>
    </p>
   </div>
   <div class='ocr_carea' id='block_1_22' title="bbox 2346 930 3939 1001">
    <p class='ocr_par' dir='ltr' id='par_1_22' title="bbox 2346 930 3939 1001">
     <span class='ocr_line' id='line_1_22' title="bbox 2346 930 3939 1001; baseline -0.001 -15"><span class='ocrx_word' id='word_1_154' title='bbox 2346 935 2634 987; x_wconf 88' lang='lat' dir='ltr'><strong>danunodo</strong></span> <span class='ocrx_word' id='word_1_155' title='bbox 2659 933 2936 989; x_wconf 73' lang='lat' dir='ltr'><strong>videretur</strong></span> <span class='ocrx_word' id='word_1_156' title='bbox 2963 933 3218 998; x_wconf 89' lang='lat' dir='ltr'><strong>naribus,</strong></span> <span class='ocrx_word' id='word_1_157' title='bbox 3252 941 3304 985; x_wconf 90' lang='lat' dir='ltr'><strong>et</strong></span> <span class='ocrx_word' id='word_1_158' title='bbox 3337 948 3431 986; x_wconf 87' lang='lat' dir='ltr'><strong>ore</strong></span> <span class='ocrx_word' id='word_1_159' title='bbox 3461 933 3693 1001; x_wconf 82' lang='lat' dir='ltr'><strong>mugire.</strong></span> <span class='ocrx_word' id='word_1_160' title='bbox 3738 932 3806 984; x_wconf 85' lang='lat' dir='ltr'><strong>At</strong></span> <span class='ocrx_word' id='word_1_161' title='bbox 3845 930 3939 985; x_wconf 85' lang='lat' dir='ltr'><strong>ille</strong></span> 
     </span>
    </p>
   </div>
   <div class='ocr_carea' id='block_1_23' title="bbox 2348 1022 3934 1093">
    <p class='ocr_par' dir='ltr' id='par_1_23' title="bbox 2348 1022 3934 1093">
     <span class='ocr_line' id='line_1_23' title="bbox 2348 1022 3934 1093; baseline -0.001 -18"><span class='ocrx_word' id='word_1_162' title='bbox 2348 1023 2608 1078; x_wconf 86' lang='lat' dir='ltr'><strong>munifico</strong></span> <span class='ocrx_word' id='word_1_163' title='bbox 2661 1039 2792 1089; x_wconf 88' lang='lat' dir='ltr'><strong>suo,</strong></span> <span class='ocrx_word' id='word_1_164' title='bbox 2851 1040 2969 1093; x_wconf 67' lang='lat' dir='ltr'><strong>quae</strong></span> <span class='ocrx_word' id='word_1_165' title='bbox 3024 1025 3356 1087; x_wconf 85' lang='lat' dir='ltr'><strong>merebatur,</strong></span> <span class='ocrx_word' id='word_1_166' title='bbox 3407 1025 3547 1076; x_wconf 88' lang='lat' dir='ltr'><strong>dona</strong></span> <span class='ocrx_word' id='word_1_167' title='bbox 3601 1022 3934 1077; x_wconf 88' lang='lat' dir='ltr'><strong>redhibuit:</strong></span> 
     </span>
    </p>
   </div>
   <div class='ocr_carea' id='block_1_24' title="bbox 2343 1112 3936 1183">
    <p class='ocr_par' dir='ltr' id='par_1_24' title="bbox 2343 1112 3936 1183">
     <span class='ocr_line' id='line_1_24' title="bbox 2343 1112 3936 1183; baseline 0 -18"><span class='ocrx_word' id='word_1_168' title='bbox 2343 1113 2556 1178; x_wconf 81' lang='lat' dir='ltr'><strong>Amice,</strong></span> <span class='ocrx_word' id='word_1_169' title='bbox 2592 1113 2802 1183; x_wconf 74' lang='lat' dir='ltr'><strong>inquit;</strong></span> <span class='ocrx_word' id='word_1_170' title='bbox 2848 1115 2913 1168; x_wconf 91' lang='lat' dir='ltr'><strong>de</strong></span> <span class='ocrx_word' id='word_1_171' title='bbox 2955 1113 3147 1167; x_wconf 90' lang='lat' dir='ltr'><strong>collato</strong></span> <span class='ocrx_word' id='word_1_172' title='bbox 3194 1114 3412 1182; x_wconf 85' lang='lat' dir='ltr'><strong>quidem</strong></span> <span class='ocrx_word' id='word_1_173' title='bbox 3464 1128 3688 1168; x_wconf 89' lang='lat' dir='ltr'><strong>munere</strong></span> <span class='ocrx_word' id='word_1_174' title='bbox 3733 1112 3936 1183; x_wconf 81' lang='lat' dir='ltr'><strong>gratias</strong></span> 
     </span>
    </p>
   </div>
   <div class='ocr_carea' id='block_1_25' title="bbox 2343 1202 3940 1272">
    <p class='ocr_par' dir='ltr' id='par_1_25' title="bbox 2343 1202 3940 1272">
     <span class='ocr_line' id='line_1_25' title="bbox 2343 1202 3940 1272; baseline 0.002 -18"><span class='ocrx_word' id='word_1_175' title='bbox 2343 1217 2472 1269; x_wconf 77' lang='lat' dir='ltr'><strong>ago;</strong></span> <span class='ocrx_word' id='word_1_176' title='bbox 2515 1203 2609 1256; x_wconf 88' lang='lat' dir='ltr'><strong>sed</strong></span> <span class='ocrx_word' id='word_1_177' title='bbox 2637 1213 2756 1257; x_wconf 92' lang='lat' dir='ltr'><strong>voto</strong></span> <span class='ocrx_word' id='word_1_178' title='bbox 2776 1244 2791 1269; x_wconf 94' lang='lat'><strong>,</strong></span> <span class='ocrx_word' id='word_1_179' title='bbox 2817 1213 2872 1258; x_wconf 93' lang='lat' dir='ltr'><strong>et</strong></span> <span class='ocrx_word' id='word_1_180' title='bbox 2899 1203 3288 1257; x_wconf 89' lang='lat' dir='ltr'><strong>inevitabiliter</strong></span> <span class='ocrx_word' id='word_1_181' title='bbox 3311 1204 3552 1272; x_wconf 87' lang='lat' dir='ltr'><strong>impero,</strong></span> <span class='ocrx_word' id='word_1_182' title='bbox 3586 1215 3642 1256; x_wconf 92' lang='lat' dir='ltr'><strong>ut</strong></span> <span class='ocrx_word' id='word_1_183' title='bbox 3676 1202 3820 1272; x_wconf 87' lang='lat' dir='ltr'><strong>quod</strong></span> <span class='ocrx_word' id='word_1_184' title='bbox 3850 1218 3940 1257; x_wconf 89' lang='lat' dir='ltr'><strong>me</strong></span> 
     </span>
    </p>
   </div>
   <div class='ocr_carea' id='block_1_26' title="bbox 2344 1291 3940 1363">
    <p class='ocr_par' dir='ltr' id='par_1_26' title="bbox 2344 1291 3940 1363">
     <span class='ocr_line' id='line_1_26' title="bbox 2344 1291 3940 1363; baseline 0.001 -18"><span class='ocrx_word' id='word_1_185' title='bbox 2344 1291 2606 1356; x_wconf 86' lang='lat' dir='ltr'><strong>docuisti,</strong></span> <span class='ocrx_word' id='word_1_186' title='bbox 2643 1292 2794 1362; x_wconf 91' lang='lat' dir='ltr'><strong>prior</strong></span> <span class='ocrx_word' id='word_1_187' title='bbox 2821 1293 3139 1360; x_wconf 81' lang='lat' dir='ltr'><strong>experiaris.</strong></span> <span class='ocrx_word' id='word_1_188' title='bbox 3183 1292 3435 1346; x_wconf 85' lang='lat' dir='ltr'><strong>Protinus</strong></span> <span class='ocrx_word' id='word_1_189' title='bbox 3471 1294 3632 1363; x_wconf 78' lang='lat' dir='ltr'><strong>igitur</strong></span> <span class='ocrx_word' id='word_1_190' title='bbox 3661 1293 3940 1362; x_wconf 86' lang='lat' dir='ltr'><strong>projectus</strong></span> 
     </span>
    </p>
   </div>
   <div class='ocr_carea' id='block_1_27' title="bbox 2344 1384 3942 1454">
    <p class='ocr_par' dir='ltr' id='par_1_27' title="bbox 2344 1384 3942 1454">
     <span class='ocr_line' id='line_1_27' title="bbox 2344 1384 3942 1454; baseline -0.001 -16"><span class='ocrx_word' id='word_1_191' title='bbox 2344 1386 2396 1438; x_wconf 88' lang='lat' dir='ltr'><strong>in</strong></span> <span class='ocrx_word' id='word_1_192' title='bbox 2427 1395 2677 1450; x_wconf 90' lang='lat' dir='ltr'><strong>taurum,</strong></span> <span class='ocrx_word' id='word_1_193' title='bbox 2705 1387 2848 1453; x_wconf 90' lang='lat' dir='ltr'><strong>quod</strong></span> <span class='ocrx_word' id='word_1_194' title='bbox 2882 1385 3066 1438; x_wconf 83' lang='lat' dir='ltr'><strong>inferri</strong></span> <span class='ocrx_word' id='word_1_195' title='bbox 3098 1384 3218 1437; x_wconf 89' lang='lat' dir='ltr'><strong>aliis</strong></span> <span class='ocrx_word' id='word_1_196' title='bbox 3245 1385 3458 1449; x_wconf 89' lang='lat' dir='ltr'><strong>docuit,</strong></span> <span class='ocrx_word' id='word_1_197' title='bbox 3498 1385 3646 1454; x_wconf 89' lang='lat' dir='ltr'><strong>prior</strong></span> <span class='ocrx_word' id='word_1_198' title='bbox 3673 1386 3785 1451; x_wconf 85' lang='lat' dir='ltr'><strong>ipse</strong></span> <span class='ocrx_word' id='word_1_199' title='bbox 3813 1398 3942 1452; x_wconf 85' lang='lat' dir='ltr'><strong>pro-</strong></span> 
     </span>
    </p>
   </div>
   <div class='ocr_carea' id='block_1_28' title="bbox 2343 1467 3934 1546">
    <p class='ocr_par' dir='ltr' id='par_1_28' title="bbox 2343 1467 3934 1546">
     <span class='ocr_line' id='line_1_28' title="bbox 2343 1467 3934 1546; baseline -0.001 -16"><span class='ocrx_word' id='word_1_200' title='bbox 2343 1477 2508 1530; x_wconf 87' lang='lat' dir='ltr'><strong>bavit.</strong></span> <span class='ocrx_word' id='word_1_201' title='bbox 2540 1477 2605 1529; x_wconf 86' lang='lat' dir='ltr'><strong>Et</strong></span> <span class='ocrx_word' id='word_1_202' title='bbox 2632 1492 2806 1546; x_wconf 66' lang='lat' dir='ltr'><strong>poena:</strong></span> <span class='ocrx_word' id='word_1_203' title='bbox 2833 1476 3006 1530; x_wconf 90' lang='lat' dir='ltr'><strong>factus</strong></span> <span class='ocrx_word' id='word_1_204' title='bbox 3044 1467 3360 1537; x_wconf 37' lang='lat' dir='ltr'><strong>est&#39;auctor.</strong></span> <span class='ocrx_word' id='word_1_205' title='bbox 3404 1479 3492 1546; x_wconf 90' lang='lat' dir='ltr'><strong>qui</strong></span> <span class='ocrx_word' id='word_1_206' title='bbox 3527 1476 3757 1546; x_wconf 78' lang='lat' dir='ltr'><strong>poenalis</strong></span> <span class='ocrx_word' id='word_1_207' title='bbox 3783 1476 3934 1545; x_wconf 82' lang='lat' dir='ltr'><strong>laby-</strong></span> 
     </span>
    </p>
   </div>
   <div class='ocr_carea' id='block_1_29' title="bbox 2345 1568 3944 1640">
    <p class='ocr_par' dir='ltr' id='par_1_29' title="bbox 2345 1568 3944 1640">
     <span class='ocr_line' id='line_1_29' title="bbox 2345 1568 3944 1640; baseline 0.002 -19"><span class='ocrx_word' id='word_1_208' title='bbox 2345 1568 2508 1621; x_wconf 89' lang='lat' dir='ltr'><strong>rinthi</strong></span> <span class='ocrx_word' id='word_1_209' title='bbox 2528 1568 2701 1621; x_wconf 79' lang='lat' dir='ltr'><strong>fuerat</strong></span> <span class='ocrx_word' id='word_1_210' title='bbox 2721 1579 2842 1622; x_wconf 88' lang='lat' dir='ltr'><strong>ante</strong></span> <span class='ocrx_word' id='word_1_211' title='bbox 2861 1571 3140 1623; x_wconf 89' lang='lat' dir='ltr'><strong>conllator.</strong></span> <span class='ocrx_word' id='word_1_212' title='bbox 3162 1571 3272 1640; x_wconf 79' lang='lat' dir='ltr'><strong>Age</strong></span> <span class='ocrx_word' id='word_1_213' title='bbox 3297 1569 3526 1639; x_wconf 86' lang='lat' dir='ltr'><strong>igituret</strong></span> <span class='ocrx_word' id='word_1_214' title='bbox 3550 1571 3944 1639; x_wconf 66' lang='lat' dir='ltr'><strong>ipsequmprae-</strong></span> 
     </span>
    </p>
   </div>
   <div class='ocr_carea' id='block_1_30' title="bbox 2343 1658 3938 1728">
    <p class='ocr_par' dir='ltr' id='par_1_30' title="bbox 2343 1658 3938 1728">
     <span class='ocr_line' id='line_1_30' title="bbox 2343 1658 3938 1728; baseline 0 -16"><span class='ocrx_word' id='word_1_215' title='bbox 2343 1659 2512 1728; x_wconf 92' lang='lat' dir='ltr'><strong>cipis,</strong></span> <span class='ocrx_word' id='word_1_216' title='bbox 2544 1670 2593 1713; x_wconf 91' lang='lat' dir='ltr'><strong>et</strong></span> <span class='ocrx_word' id='word_1_217' title='bbox 2621 1658 2837 1726; x_wconf 81' lang='lat' dir='ltr'><strong>juvenis</strong></span> <span class='ocrx_word' id='word_1_218' title='bbox 2869 1659 2934 1711; x_wconf 89' lang='lat' dir='ltr'><strong>ad</strong></span> <span class='ocrx_word' id='word_1_219' title='bbox 2965 1674 3149 1712; x_wconf 83' lang='lat' dir='ltr'><strong>senem</strong></span> <span class='ocrx_word' id='word_1_220' title='bbox 3182 1675 3414 1728; x_wconf 87' lang='lat' dir='ltr'><strong>propera</strong></span> <span class='ocrx_word' id='word_1_221' title='bbox 3436 1700 3449 1724; x_wconf 92' lang='lat'><strong>,</strong></span> <span class='ocrx_word' id='word_1_222' title='bbox 3481 1660 3572 1728; x_wconf 89' lang='lat' dir='ltr'><strong>qui</strong></span> <span class='ocrx_word' id='word_1_223' title='bbox 3607 1675 3792 1713; x_wconf 88' lang='lat' dir='ltr'><strong>senem</strong></span> <span class='ocrx_word' id='word_1_224' title='bbox 3813 1699 3826 1724; x_wconf 91' lang='lat'><strong>,</strong></span> <span class='ocrx_word' id='word_1_225' title='bbox 3875 1667 3938 1712; x_wconf 83' lang='lat' dir='ltr'><strong>ut</strong></span> 
     </span>
    </p>
   </div>
   <div class='ocr_carea' id='block_1_31' title="bbox 2343 1748 3944 1818">
    <p class='ocr_par' dir='ltr' id='par_1_31' title="bbox 2343 1748 3944 1818">
     <span class='ocr_line' id='line_1_31' title="bbox 2343 1748 3944 1818; baseline 0.002 -14"><span class='ocrx_word' id='word_1_226' title='bbox 2343 1752 2411 1804; x_wconf 88' lang='lat' dir='ltr'><strong>ad</strong></span> <span class='ocrx_word' id='word_1_227' title='bbox 2446 1760 2495 1805; x_wconf 92' lang='lat' dir='ltr'><strong>te</strong></span> <span class='ocrx_word' id='word_1_228' title='bbox 2538 1751 2839 1818; x_wconf 82' lang='lat' dir='ltr'><strong>gradiatur,</strong></span> <span class='ocrx_word' id='word_1_229' title='bbox 2879 1750 3096 1805; x_wconf 90' lang='lat' dir='ltr'><strong>invitas.</strong></span> <span class='ocrx_word' id='word_1_230' title='bbox 3133 1748 3524 1804; x_wconf 78' lang='lat' dir='ltr'><strong>Verumtamen</strong></span> <span class='ocrx_word' id='word_1_231' title='bbox 3553 1794 3566 1816; x_wconf 91' lang='lat'><strong>,</strong></span> <span class='ocrx_word' id='word_1_232' title='bbox 3621 1768 3765 1804; x_wconf 85' lang='lat' dir='ltr'><strong>nunc</strong></span> <span class='ocrx_word' id='word_1_233' title='bbox 3796 1751 3944 1808; x_wconf 89' lang='lat' dir='ltr'><strong>serio</strong></span> 
     </span>
    </p>
   </div>
   <div class='ocr_carea' id='block_1_32' title="bbox 662 1825 3940 1910">
    <p class='ocr_par' dir='ltr' id='par_1_32' title="bbox 662 1825 3940 1910">
     <span class='ocr_line' id='line_1_32' title="bbox 662 1825 3940 1910; baseline 0.006 -36"><span class='ocrx_word' id='word_1_234' title='bbox 662 1825 772 1878; x_wconf 84' lang='lat' dir='ltr'><strong>mile</strong></span> <span class='ocrx_word' id='word_1_235' title='bbox 797 1825 860 1899; x_wconf 82' lang='lat'><strong>[.]</strong></span> <span class='ocrx_word' id='word_1_236' title='bbox 891 1829 1150 1884; x_wconf 75' lang='lat' dir='ltr'><strong>auxilium</strong></span> <span class='ocrx_word' id='word_1_237' title='bbox 1191 1843 1494 1888; x_wconf 88' lang='lat' dir='ltr'><strong>conventus</strong></span> <span class='ocrx_word' id='word_1_238' title='bbox 1535 1836 1802 1890; x_wconf 88' lang='lat' dir='ltr'><strong>amittam.</strong></span> <span class='ocrx_word' id='word_1_239' title='bbox 1847 1838 1902 1892; x_wconf 90' lang='lat' dir='ltr'><strong>lu</strong></span> <span class='ocrx_word' id='word_1_240' title='bbox 1954 1840 2238 1908; x_wconf 90' lang='lat' dir='ltr'><strong>utriusque</strong></span> <span class='ocrx_word' id='word_1_241' title='bbox 2269 1832 2313 1890; x_wconf 85' lang='grc' dir='ltr'><strong><em>Β</em></strong></span> <span class='ocrx_word' id='word_1_242' title='bbox 2345 1843 2556 1910; x_wconf 88' lang='lat' dir='ltr'><strong>loquar,</strong></span> <span class='ocrx_word' id='word_1_243' title='bbox 2592 1841 2635 1893; x_wconf 88' lang='lat' dir='ltr'><strong>si</strong></span> <span class='ocrx_word' id='word_1_244' title='bbox 2663 1856 2759 1908; x_wconf 89' lang='lat' dir='ltr'><strong>per</strong></span> <span class='ocrx_word' id='word_1_245' title='bbox 2788 1850 2896 1893; x_wconf 85' lang='lat' dir='ltr'><strong>tam</strong></span> <span class='ocrx_word' id='word_1_246' title='bbox 2923 1840 3201 1910; x_wconf 79' lang='lat' dir='ltr'><strong>longinqui</strong></span> <span class='ocrx_word' id='word_1_247' title='bbox 3233 1840 3445 1894; x_wconf 87' lang='lat' dir='ltr'><strong>itineris</strong></span> <span class='ocrx_word' id='word_1_248' title='bbox 3476 1839 3722 1906; x_wconf 90' lang='lat' dir='ltr'><strong>ductum,</strong></span> <span class='ocrx_word' id='word_1_249' title='bbox 3747 1840 3807 1894; x_wconf 85' lang='lat' dir='ltr'><strong>B.</strong></span> <span class='ocrx_word' id='word_1_250' title='bbox 3836 1841 3940 1894; x_wconf 81' lang='lat' dir='ltr'><strong>Be-</strong></span> 
     </span>
    </p>
   </div>
   <div class='ocr_carea' id='block_1_33' title="bbox 662 1911 2233 1999">
    <p class='ocr_par' dir='ltr' id='par_1_33' title="bbox 662 1911 2233 1999">
     <span class='ocr_line' id='line_1_33' title="bbox 662 1911 2233 1999; baseline 0.013 -35"><span class='ocrx_word' id='word_1_251' title='bbox 662 1911 814 1981; x_wconf 82' lang='lat' dir='ltr'><strong>igitur</strong></span> <span class='ocrx_word' id='word_1_252' title='bbox 841 1920 1065 1986; x_wconf 89' lang='lat' dir='ltr'><strong>periculi</strong></span> <span class='ocrx_word' id='word_1_253' title='bbox 1099 1921 1400 1976; x_wconf 89' lang='lat' dir='ltr'><strong>meditullio</strong></span> <span class='ocrx_word' id='word_1_254' title='bbox 1428 1925 1786 1991; x_wconf 91' lang='lat' dir='ltr'><strong>constitutus,</strong></span> <span class='ocrx_word' id='word_1_255' title='bbox 1818 1928 1945 1996; x_wconf 91' lang='lat' dir='ltr'><strong>quid</strong></span> <span class='ocrx_word' id='word_1_256' title='bbox 1981 1930 2108 1983; x_wconf 88' lang='lat' dir='ltr'><strong>mihi</strong></span> <span class='ocrx_word' id='word_1_257' title='bbox 2134 1945 2233 1999; x_wconf 90' lang='lat' dir='ltr'><strong>po-</strong></span> 
     </span>
    </p>
   </div>
   <div class='ocr_carea' id='block_1_34' title="bbox 663 2004 2231 2082">
    <p class='ocr_par' dir='ltr' id='par_1_34' title="bbox 663 2004 2231 2082">
     <span class='ocr_line' id='line_1_34' title="bbox 663 2004 2231 2082; baseline 0.013 -28"><span class='ocrx_word' id='word_1_258' title='bbox 663 2004 758 2059; x_wconf 90' lang='lat' dir='ltr'><strong>tius</strong></span> <span class='ocrx_word' id='word_1_259' title='bbox 785 2007 851 2060; x_wconf 86' lang='lat' dir='ltr'><strong>sit</strong></span> <span class='ocrx_word' id='word_1_260' title='bbox 877 2010 1167 2078; x_wconf 84' lang='lat' dir='ltr'><strong>agendum,</strong></span> <span class='ocrx_word' id='word_1_261' title='bbox 1208 2013 1274 2065; x_wconf 88' lang='lat' dir='ltr'><strong>ad</strong></span> <span class='ocrx_word' id='word_1_262' title='bbox 1307 2012 1569 2082; x_wconf 88' lang='lat' dir='ltr'><strong>liquidtnn</strong></span> <span class='ocrx_word' id='word_1_263' title='bbox 1605 2031 1709 2069; x_wconf 89' lang='lat' dir='ltr'><strong>non</strong></span> <span class='ocrx_word' id='word_1_264' title='bbox 1743 2019 2012 2082; x_wconf 85' lang='lat' dir='ltr'><strong>discerno,</strong></span> <span class='ocrx_word' id='word_1_265' title='bbox 2046 2022 2169 2074; x_wconf 90' lang='lat' dir='ltr'><strong>dum</strong></span> <span class='ocrx_word' id='word_1_266' title='bbox 2200 2037 2231 2076; x_wconf 93' lang='lat' dir='ltr'><strong>e</strong></span> 
     </span>
    </p>
   </div>
   <div class='ocr_carea' id='block_1_35' title="bbox 661 2096 2230 2182">
    <p class='ocr_par' dir='ltr' id='par_1_35' title="bbox 661 2096 2230 2182">
     <span class='ocr_line' id='line_1_35' title="bbox 661 2096 2230 2182; baseline 0.011 -34"><span class='ocrx_word' id='word_1_267' title='bbox 661 2096 856 2154; x_wconf 90' lang='lat' dir='ltr'><strong>duobus</strong></span> <span class='ocrx_word' id='word_1_268' title='bbox 893 2104 1156 2172; x_wconf 84' lang='lat' dir='ltr'><strong>quidquid</strong></span> <span class='ocrx_word' id='word_1_269' title='bbox 1193 2105 1446 2175; x_wconf 89' lang='lat' dir='ltr'><strong>elegero,</strong></span> <span class='ocrx_word' id='word_1_270' title='bbox 1485 2108 1810 2176; x_wconf 88' lang='lat' dir='ltr'><strong>suspicionis</strong></span> <span class='ocrx_word' id='word_1_271' title='bbox 1855 2110 2121 2182; x_wconf 62' lang='lat' dir='ltr'><strong>ambiguae</strong></span> <span class='ocrx_word' id='word_1_272' title='bbox 2151 2113 2230 2166; x_wconf 92' lang='lat' dir='ltr'><strong>la-</strong></span> 
     </span>
    </p>
   </div>
   <div class='ocr_carea' id='block_1_36' title="bbox 659 2195 1198 2253">
    <p class='ocr_par' dir='ltr' id='par_1_36' title="bbox 659 2195 1198 2253">
     <span class='ocr_line' id='line_1_36' title="bbox 659 2195 1198 2253; baseline 0.024 -18"><span class='ocrx_word' id='word_1_273' title='bbox 659 2201 841 2253; x_wconf 87' lang='lat' dir='ltr'><strong>queum</strong></span> <span class='ocrx_word' id='word_1_274' title='bbox 874 2209 977 2248; x_wconf 85' lang='lat' dir='ltr'><strong>non</strong></span> <span class='ocrx_word' id='word_1_275' title='bbox 1007 2195 1198 2251; x_wconf 88' lang='lat' dir='ltr'><strong>evado.</strong></span> 
     </span>
    </p>
   </div>
   <div class='ocr_carea' id='block_1_37' title="bbox 1151 2287 1709 2346">
    <p class='ocr_par' dir='ltr' id='par_1_37' title="bbox 1151 2287 1709 2346">
     <span class='ocr_line' id='line_1_37' title="bbox 1151 2287 1709 2346; baseline 0.007 -4"><span class='ocrx_word' id='word_1_276' title='bbox 1151 2287 1380 2343; x_wconf 84' lang='lat' dir='ltr'><strong>CAPUT</strong></span> <span class='ocrx_word' id='word_1_277' title='bbox 1418 2289 1709 2346; x_wconf 75' lang='lat' dir='ltr'><strong>PRIMUM.</strong></span> 
     </span>
    </p>
   </div>
   <div class='ocr_carea' id='block_1_38' title="bbox 928 2376 1942 2442">
    <p class='ocr_par' dir='ltr' id='par_1_38' title="bbox 928 2376 1942 2442">
     <span class='ocr_line' id='line_1_38' title="bbox 928 2376 1942 2442; baseline 0.006 -12"><span class='ocrx_word' id='word_1_278' title='bbox 928 2376 1083 2442; x_wconf 82' lang='lat' dir='ltr'><strong>Quod</strong></span> <span class='ocrx_word' id='word_1_279' title='bbox 1110 2381 1325 2433; x_wconf 80' lang='lat' dir='ltr'><strong>somniis</strong></span> <span class='ocrx_word' id='word_1_280' title='bbox 1374 2399 1477 2434; x_wconf 84' lang='lat' dir='ltr'><strong>non</strong></span> <span class='ocrx_word' id='word_1_281' title='bbox 1512 2384 1578 2435; x_wconf 81' lang='lat' dir='ltr'><strong>sit</strong></span> <span class='ocrx_word' id='word_1_282' title='bbox 1610 2385 1942 2438; x_wconf 80' lang='lat' dir='ltr'><strong>credendum.</strong></span> 
     </span>
    </p>
   </div>
   <div class='ocr_carea' id='block_1_39' title="bbox 723 2464 2232 2545">
    <p class='ocr_par' dir='ltr' id='par_1_39' title="bbox 723 2464 2232 2545">
     <span class='ocr_line' id='line_1_39' title="bbox 723 2464 2232 2545; baseline 0.011 -27"><span class='ocrx_word' id='word_1_283' title='bbox 723 2464 817 2522; x_wconf 88' lang='lat' dir='ltr'><strong>llic</strong></span> <span class='ocrx_word' id='word_1_284' title='bbox 859 2471 925 2525; x_wconf 84' lang='lat' dir='ltr'><strong>ad</strong></span> <span class='ocrx_word' id='word_1_285' title='bbox 969 2473 1288 2527; x_wconf 87' lang='lat' dir='ltr'><strong>memoriam</strong></span> <span class='ocrx_word' id='word_1_286' title='bbox 1321 2475 1497 2539; x_wconf 91' lang='lat' dir='ltr'><strong>redit,</strong></span> <span class='ocrx_word' id='word_1_287' title='bbox 1531 2478 1673 2544; x_wconf 91' lang='lat' dir='ltr'><strong>quod</strong></span> <span class='ocrx_word' id='word_1_288' title='bbox 1723 2477 1862 2532; x_wconf 89' lang='lat' dir='ltr'><strong>sicut</strong></span> <span class='ocrx_word' id='word_1_289' title='bbox 1887 2479 2088 2534; x_wconf 89' lang='lat' dir='ltr'><strong>Gellius</strong></span> <span class='ocrx_word' id='word_1_290' title='bbox 2121 2482 2232 2545; x_wconf 90' lang='lat' dir='ltr'><strong>ait,</strong></span> 
     </span>
    </p>
   </div>
   <div class='ocr_carea' id='block_1_40' title="bbox 660 2555 2233 2630">
    <p class='ocr_par' dir='ltr' id='par_1_40' title="bbox 660 2555 2233 2630">
     <span class='ocr_line' id='line_1_40' title="bbox 660 2555 2233 2630; baseline 0.013 -23"><span class='ocrx_word' id='word_1_291' title='bbox 660 2555 949 2614; x_wconf 77' lang='lat' dir='ltr'><strong>Alexander</strong></span> <span class='ocrx_word' id='word_1_292' title='bbox 1003 2565 1324 2630; x_wconf 81' lang='lat' dir='ltr'><strong>somniavit,</strong></span> <span class='ocrx_word' id='word_1_293' title='bbox 1378 2581 1446 2620; x_wconf 90' lang='lat' dir='ltr'><strong>ne</strong></span> <span class='ocrx_word' id='word_1_294' title='bbox 1503 2569 1731 2625; x_wconf 85' lang='lat' dir='ltr'><strong>somniis</strong></span> <span class='ocrx_word' id='word_1_295' title='bbox 1789 2573 2057 2625; x_wconf 85' lang='lat' dir='ltr'><strong>crederet.</strong></span> <span class='ocrx_word' id='word_1_296' title='bbox 2125 2572 2233 2628; x_wconf 91' lang='lat' dir='ltr'><strong>Ubi</strong></span> 
     </span>
    </p>
   </div>
   <div class='ocr_carea' id='block_1_41' title="bbox 659 2648 2233 2734">
    <p class='ocr_par' dir='ltr' id='par_1_41' title="bbox 659 2648 2233 2734">
     <span class='ocr_line' id='line_1_41' title="bbox 659 2648 2233 2734; baseline 0.013 -33"><span class='ocrx_word' id='word_1_297' title='bbox 659 2648 901 2718; x_wconf 67' lang='lat' dir='ltr'><strong>Quidquid</strong></span> <span class='ocrx_word' id='word_1_298' title='bbox 932 2655 1097 2724; x_wconf 82' lang='lat' dir='ltr'><strong>eligat</strong></span> <span class='ocrx_word' id='word_1_299' title='bbox 1120 2657 1443 2724; x_wconf 85' lang='lat' dir='ltr'><strong>Alexander,</strong></span> <span class='ocrx_word' id='word_1_300' title='bbox 1469 2663 1572 2717; x_wconf 91' lang='lat' dir='ltr'><strong>hoc</strong></span> <span class='ocrx_word' id='word_1_301' title='bbox 1608 2665 1931 2734; x_wconf 83' lang='lat' dir='ltr'><strong>disceptatio</strong></span> <span class='ocrx_word' id='word_1_302' title='bbox 1953 2668 2060 2721; x_wconf 86' lang='lat' dir='ltr'><strong>fine</strong></span> <span class='ocrx_word' id='word_1_303' title='bbox 2099 2684 2233 2722; x_wconf 83' lang='lat' dir='ltr'><strong>con-</strong></span> 
     </span>
    </p>
   </div>
   <div class='ocr_carea' id='block_1_42' title="bbox 659 2734 2229 2817">
    <p class='ocr_par' dir='ltr' id='par_1_42' title="bbox 659 2734 2229 2817">
     <span class='ocr_line' id='line_1_42' title="bbox 659 2734 2229 2817; baseline 0.015 -30"><span class='ocrx_word' id='word_1_304' title='bbox 659 2734 896 2807; x_wconf 89' lang='lat' dir='ltr'><strong>cluditur,</strong></span> <span class='ocrx_word' id='word_1_305' title='bbox 925 2755 984 2798; x_wconf 91' lang='lat' dir='ltr'><strong>ut</strong></span> <span class='ocrx_word' id='word_1_306' title='bbox 1019 2746 1111 2807; x_wconf 91' lang='lat' dir='ltr'><strong>illi,</strong></span> <span class='ocrx_word' id='word_1_307' title='bbox 1140 2750 1282 2817; x_wconf 86' lang='lat' dir='ltr'><strong>quod</strong></span> <span class='ocrx_word' id='word_1_308' title='bbox 1311 2750 1540 2813; x_wconf 87' lang='lat' dir='ltr'><strong>viderat,</strong></span> <span class='ocrx_word' id='word_1_309' title='bbox 1573 2755 1786 2809; x_wconf 89' lang='lat' dir='ltr'><strong>somnio</strong></span> <span class='ocrx_word' id='word_1_310' title='bbox 1819 2771 1924 2811; x_wconf 80' lang='lat' dir='ltr'><strong>non</strong></span> <span class='ocrx_word' id='word_1_311' title='bbox 1953 2758 2229 2811; x_wconf 78' lang='lat' dir='ltr'><strong>credatur.</strong></span> 
     </span>
    </p>
   </div>
   <div class='ocr_carea' id='block_1_43' title="bbox 661 2825 2233 2918">
    <p class='ocr_par' dir='ltr' id='par_1_43' title="bbox 661 2825 2233 2918">
     <span class='ocr_line' id='line_1_43' title="bbox 661 2825 2233 2918; baseline 0.017 -40"><span class='ocrx_word' id='word_1_312' title='bbox 661 2825 782 2883; x_wconf 73' lang='lat' dir='ltr'><strong>Nam</strong></span> <span class='ocrx_word' id='word_1_313' title='bbox 814 2835 856 2887; x_wconf 91' lang='lat' dir='ltr'><strong>si</strong></span> <span class='ocrx_word' id='word_1_314' title='bbox 879 2840 1110 2896; x_wconf 81' lang='lat' dir='ltr'><strong>somniis</strong></span> <span class='ocrx_word' id='word_1_315' title='bbox 1133 2840 1257 2909; x_wconf 85' lang='lat' dir='ltr'><strong>jure</strong></span> <span class='ocrx_word' id='word_1_316' title='bbox 1287 2845 1550 2909; x_wconf 88' lang='lat' dir='ltr'><strong>creditur,</strong></span> <span class='ocrx_word' id='word_1_317' title='bbox 1579 2848 1848 2900; x_wconf 88' lang='lat' dir='ltr'><strong>somnium</strong></span> <span class='ocrx_word' id='word_1_318' title='bbox 1898 2849 2025 2902; x_wconf 89' lang='lat' dir='ltr'><strong>illud</strong></span> <span class='ocrx_word' id='word_1_319' title='bbox 2047 2891 2061 2914; x_wconf 95' lang='lat'><strong>,</strong></span> <span class='ocrx_word' id='word_1_320' title='bbox 2091 2850 2233 2918; x_wconf 88' lang='lat' dir='ltr'><strong>quod</strong></span> 
     </span>
    </p>
   </div>
   <div class='ocr_carea' id='block_1_44' title="bbox 659 2923 2235 3012">
    <p class='ocr_par' dir='ltr' id='par_1_44' title="bbox 659 2923 2235 3012">
     <span class='ocr_line' id='line_1_44' title="bbox 659 2923 2235 3012; baseline 0.017 -42"><span class='ocrx_word' id='word_1_321' title='bbox 659 2923 839 2977; x_wconf 85' lang='lat' dir='ltr'><strong>asserit</strong></span> <span class='ocrx_word' id='word_1_322' title='bbox 861 2943 964 2982; x_wconf 91' lang='lat' dir='ltr'><strong>non</strong></span> <span class='ocrx_word' id='word_1_323' title='bbox 989 2931 1317 2986; x_wconf 74' lang='lat' dir='ltr'><strong>credendum</strong></span> <span class='ocrx_word' id='word_1_324' title='bbox 1343 2937 1464 2990; x_wconf 67' lang='lat' dir='ltr'><strong>esse</strong></span> <span class='ocrx_word' id='word_1_325' title='bbox 1486 2939 1763 2992; x_wconf 86' lang='lat' dir='ltr'><strong>mentitur.</strong></span> <span class='ocrx_word' id='word_1_326' title='bbox 1790 2941 1941 3006; x_wconf 73' lang='lat' dir='ltr'><strong>Quod</strong></span> <span class='ocrx_word' id='word_1_327' title='bbox 1966 2942 2007 2995; x_wconf 90' lang='lat' dir='ltr'><strong>si</strong></span> <span class='ocrx_word' id='word_1_328' title='bbox 2032 2958 2235 3012; x_wconf 86' lang='lat' dir='ltr'><strong>nequa-</strong></span> 
     </span>
    </p>
   </div>
   <div class='ocr_carea' id='block_1_45' title="bbox 663 3018 2236 3100">
    <p class='ocr_par' dir='ltr' id='par_1_45' title="bbox 663 3018 2236 3100">
     <span class='ocr_line' id='line_1_45' title="bbox 663 3018 2236 3100; baseline 0.02 -39"><span class='ocrx_word' id='word_1_329' title='bbox 663 3025 811 3078; x_wconf 88' lang='lat' dir='ltr'><strong>quam</strong></span> <span class='ocrx_word' id='word_1_330' title='bbox 861 3018 1022 3076; x_wconf 83' lang='lat' dir='ltr'><strong>debet</strong></span> <span class='ocrx_word' id='word_1_331' title='bbox 1066 3025 1290 3080; x_wconf 90' lang='lat' dir='ltr'><strong>somuiis</strong></span> <span class='ocrx_word' id='word_1_332' title='bbox 1325 3029 1472 3081; x_wconf 89' lang='lat' dir='ltr'><strong>credi</strong></span> <span class='ocrx_word' id='word_1_333' title='bbox 1497 3071 1510 3095; x_wconf 95' lang='lat'><strong>,</strong></span> <span class='ocrx_word' id='word_1_334' title='bbox 1545 3033 1896 3100; x_wconf 79' lang='lat' dir='ltr'><strong>consequitur</strong></span> <span class='ocrx_word' id='word_1_335' title='bbox 1943 3037 2140 3100; x_wconf 89' lang='lat' dir='ltr'><strong>etiam,</strong></span> <span class='ocrx_word' id='word_1_336' title='bbox 2176 3046 2236 3092; x_wconf 89' lang='lat' dir='ltr'><strong>ut</strong></span> 
     </span>
    </p>
   </div>
   <div class='ocr_carea' id='block_1_46' title="bbox 658 3106 2233 3196">
    <p class='ocr_par' dir='ltr' id='par_1_46' title="bbox 658 3106 2233 3196">
     <span class='ocr_line' id='line_1_46' title="bbox 658 3106 2233 3196; baseline 0.018 -42"><span class='ocrx_word' id='word_1_337' title='bbox 658 3115 748 3196; x_wconf 85' lang='lat' dir='ltr'><strong>nec</strong></span> <span class='ocrx_word' id='word_1_338' title='bbox 772 3106 872 3162; x_wconf 92' lang='lat' dir='ltr'><strong>illis</strong></span> <span class='ocrx_word' id='word_1_339' title='bbox 895 3112 1028 3166; x_wconf 81' lang='lat' dir='ltr'><strong>fides</strong></span> <span class='ocrx_word' id='word_1_340' title='bbox 1057 3115 1249 3170; x_wconf 86' lang='lat' dir='ltr'><strong>debeat</strong></span> <span class='ocrx_word' id='word_1_341' title='bbox 1269 3118 1536 3173; x_wconf 87' lang='lat' dir='ltr'><strong>adhiberi.</strong></span> <span class='ocrx_word' id='word_1_342' title='bbox 1561 3119 1658 3175; x_wconf 89' lang='lat' dir='ltr'><strong>Cui</strong></span> <span class='ocrx_word' id='word_1_343' title='bbox 1685 3139 1790 3177; x_wconf 92' lang='lat' dir='ltr'><strong>non</strong></span> <span class='ocrx_word' id='word_1_344' title='bbox 1818 3125 2081 3182; x_wconf 80' lang='lat' dir='ltr'><strong>dissimile</strong></span> <span class='ocrx_word' id='word_1_345' title='bbox 2102 3128 2233 3196; x_wconf 87' lang='lat' dir='ltr'><strong>quid</strong></span> 
     </span>
    </p>
   </div>
   <div class='ocr_carea' id='block_1_47' title="bbox 2340 1932 3944 2004">
    <p class='ocr_par' dir='ltr' id='par_1_47' title="bbox 2340 1932 3944 2004">
     <span class='ocr_line' id='line_1_47' title="bbox 2340 1932 3944 2004; baseline -0.001 -16"><span class='ocrx_word' id='word_1_346' title='bbox 2340 1933 2540 1990; x_wconf 90' lang='lat' dir='ltr'><strong>nedicti</strong></span> <span class='ocrx_word' id='word_1_347' title='bbox 2572 1933 2748 1986; x_wconf 85' lang='lat' dir='ltr'><strong>Patris</strong></span> <span class='ocrx_word' id='word_1_348' title='bbox 2781 1933 2953 1987; x_wconf 82' lang='lat' dir='ltr'><strong>nostri</strong></span> <span class='ocrx_word' id='word_1_349' title='bbox 2997 1933 3164 1987; x_wconf 89' lang='lat' dir='ltr'><strong>limen</strong></span> <span class='ocrx_word' id='word_1_350' title='bbox 3203 1933 3472 2002; x_wconf 81' lang='lat' dir='ltr'><strong>attingere</strong></span> <span class='ocrx_word' id='word_1_351' title='bbox 3515 1932 3794 1995; x_wconf 87' lang='lat' dir='ltr'><strong>licuisset,</strong></span> <span class='ocrx_word' id='word_1_352' title='bbox 3841 1946 3944 2004; x_wconf 83' lang='lat' dir='ltr'><strong>ego</strong></span> 
     </span>
    </p>
   </div>
   <div class='ocr_carea' id='block_1_48' title="bbox 2339 2027 3936 2098">
    <p class='ocr_par' dir='ltr' id='par_1_48' title="bbox 2339 2027 3936 2098">
     <span class='ocr_line' id='line_1_48' title="bbox 2339 2027 3936 2098; baseline -0.001 -17"><span class='ocrx_word' id='word_1_353' title='bbox 2339 2044 2447 2081; x_wconf 91' lang='lat' dir='ltr'><strong>non</strong></span> <span class='ocrx_word' id='word_1_354' title='bbox 2475 2044 2656 2098; x_wconf 78' lang='lat' dir='ltr'><strong>parvae</strong></span> <span class='ocrx_word' id='word_1_355' title='bbox 2677 2029 2944 2082; x_wconf 89' lang='lat' dir='ltr'><strong>mercedis</strong></span> <span class='ocrx_word' id='word_1_356' title='bbox 2966 2028 3240 2082; x_wconf 91' lang='lat' dir='ltr'><strong>cumulum</strong></span> <span class='ocrx_word' id='word_1_357' title='bbox 3267 2028 3605 2096; x_wconf 87' lang='lat' dir='ltr'><strong>deputarcm.</strong></span> <span class='ocrx_word' id='word_1_358' title='bbox 3638 2027 3704 2079; x_wconf 82' lang='lat' dir='ltr'><strong>Et</strong></span> <span class='ocrx_word' id='word_1_359' title='bbox 3728 2038 3936 2081; x_wconf 86' lang='lat' dir='ltr'><strong>certurr</strong></span> 
     </span>
    </p>
   </div>
   <div class='ocr_carea' id='block_1_49' title="bbox 2344 2119 3936 2190">
    <p class='ocr_par' dir='ltr' id='par_1_49' title="bbox 2344 2119 3936 2190">
     <span class='ocr_line' id='line_1_49' title="bbox 2344 2119 3936 2190; baseline 0 -16"><span class='ocrx_word' id='word_1_360' title='bbox 2344 2130 2532 2185; x_wconf 90' lang='lat' dir='ltr'><strong>teneo,</strong></span> <span class='ocrx_word' id='word_1_361' title='bbox 2564 2121 2691 2188; x_wconf 86' lang='lat' dir='ltr'><strong>quia</strong></span> <span class='ocrx_word' id='word_1_362' title='bbox 2738 2121 2782 2173; x_wconf 91' lang='lat' dir='ltr'><strong>si</strong></span> <span class='ocrx_word' id='word_1_363' title='bbox 2832 2120 2883 2172; x_wconf 94' lang='lat' dir='ltr'><strong>in</strong></span> <span class='ocrx_word' id='word_1_364' title='bbox 2934 2120 3078 2175; x_wconf 90' lang='lat' dir='ltr'><strong>illius</strong></span> <span class='ocrx_word' id='word_1_365' title='bbox 3113 2120 3570 2190; x_wconf 85' lang='lat' dir='ltr'><strong>peregrinationis</strong></span> <span class='ocrx_word' id='word_1_366' title='bbox 3604 2119 3800 2172; x_wconf 82' lang='lat' dir='ltr'><strong>itinere</strong></span> <span class='ocrx_word' id='word_1_367' title='bbox 3848 2134 3936 2174; x_wconf 85' lang='lat' dir='ltr'><strong>me</strong></span> 
     </span>
    </p>
   </div>
   <div class='ocr_carea' id='block_1_50' title="bbox 2339 2212 3928 2281">
    <p class='ocr_par' dir='ltr' id='par_1_50' title="bbox 2339 2212 3928 2281">
     <span class='ocr_line' id='line_1_50' title="bbox 2339 2212 3928 2281; baseline -0.001 -15"><span class='ocrx_word' id='word_1_368' title='bbox 2339 2212 2492 2266; x_wconf 91' lang='lat' dir='ltr'><strong>obire</strong></span> <span class='ocrx_word' id='word_1_369' title='bbox 2519 2212 2892 2281; x_wconf 89' lang='lat' dir='ltr'><strong>contingeret,</strong></span> <span class='ocrx_word' id='word_1_370' title='bbox 2939 2227 3045 2265; x_wconf 89' lang='lat' dir='ltr'><strong>non</strong></span> <span class='ocrx_word' id='word_1_371' title='bbox 3081 2221 3189 2265; x_wconf 90' lang='lat' dir='ltr'><strong>tam</strong></span> <span class='ocrx_word' id='word_1_372' title='bbox 3223 2212 3428 2280; x_wconf 84' lang='lat' dir='ltr'><strong>proprii</strong></span> <span class='ocrx_word' id='word_1_373' title='bbox 3463 2219 3644 2263; x_wconf 86' lang='lat' dir='ltr'><strong>reatus</strong></span> <span class='ocrx_word' id='word_1_374' title='bbox 3689 2225 3775 2264; x_wconf 89' lang='lat' dir='ltr'><strong>me</strong></span> <span class='ocrx_word' id='word_1_375' title='bbox 3806 2226 3928 2280; x_wconf 86' lang='lat' dir='ltr'><strong>gra-</strong></span> 
     </span>
    </p>
   </div>
   <div class='ocr_carea' id='block_1_51' title="bbox 2341 2301 3943 2372">
    <p class='ocr_par' dir='ltr' id='par_1_51' title="bbox 2341 2301 3943 2372">
     <span class='ocr_line' id='line_1_51' title="bbox 2341 2301 3943 2372; baseline -0.001 -16"><span class='ocrx_word' id='word_1_376' title='bbox 2341 2313 2498 2358; x_wconf 87' lang='lat' dir='ltr'><strong>varet</strong></span> <span class='ocrx_word' id='word_1_377' title='bbox 2524 2303 2781 2366; x_wconf 80' lang='lat' dir='ltr'><strong>exitium,</strong></span> <span class='ocrx_word' id='word_1_378' title='bbox 2817 2318 2977 2372; x_wconf 75' lang='lat' dir='ltr'><strong>quam</strong></span> <span class='ocrx_word' id='word_1_379' title='bbox 3011 2303 3154 2358; x_wconf 88' lang='lat' dir='ltr'><strong>illius</strong></span> <span class='ocrx_word' id='word_1_380' title='bbox 3182 2301 3455 2357; x_wconf 86' lang='lat' dir='ltr'><strong>attolleret</strong></span> <span class='ocrx_word' id='word_1_381' title='bbox 3487 2302 3725 2369; x_wconf 82' lang='lat' dir='ltr'><strong>dignitas</strong></span> <span class='ocrx_word' id='word_1_382' title='bbox 3775 2301 3943 2356; x_wconf 87' lang='lat' dir='ltr'><strong>meri-</strong></span> 
     </span>
    </p>
   </div>
   <div class='ocr_carea' id='block_1_52' title="bbox 2343 2403 2540 2450">
    <p class='ocr_par' dir='ltr' id='par_1_52' title="bbox 2343 2403 2540 2450">
     <span class='ocr_line' id='line_1_52' title="bbox 2343 2403 2540 2450; baseline 0.005 -3"><span class='ocrx_word' id='word_1_383' title='bbox 2343 2403 2540 2450; x_wconf 90' lang='lat' dir='ltr'><strong>torum.</strong></span> 
     </span>
    </p>
   </div>
   <div class='ocr_carea' id='block_1_53' title="bbox 2965 2487 3296 2544">
    <p class='ocr_par' dir='ltr' id='par_1_53' title="bbox 2965 2487 3296 2544">
     <span class='ocr_line' id='line_1_53' title="bbox 2965 2487 3296 2544; baseline -0.009 0"><span class='ocrx_word' id='word_1_384' title='bbox 2965 2487 3191 2544; x_wconf 78' lang='lat' dir='ltr'><strong>CAPUT</strong></span> <span class='ocrx_word' id='word_1_385' title='bbox 3231 2487 3296 2542; x_wconf 90' lang='lat' dir='ltr'><strong>ll.</strong></span> 
     </span>
    </p>
   </div>
   <div class='ocr_carea' id='block_1_54' title="bbox 2483 2579 3793 2651">
    <p class='ocr_par' dir='ltr' id='par_1_54' title="bbox 2483 2579 3793 2651">
     <span class='ocr_line' id='line_1_54' title="bbox 2483 2579 3793 2651; baseline -0.002 -17"><span class='ocrx_word' id='word_1_386' title='bbox 2483 2581 2798 2651; x_wconf 71' lang='lat' dir='ltr'><strong>Exemplum</strong></span> <span class='ocrx_word' id='word_1_387' title='bbox 2840 2583 3154 2650; x_wconf 78' lang='lat' dir='ltr'><strong>stupendum</strong></span> <span class='ocrx_word' id='word_1_388' title='bbox 3203 2582 3267 2634; x_wconf 78' lang='lat' dir='ltr'><strong>(le</strong></span> <span class='ocrx_word' id='word_1_389' title='bbox 3316 2579 3479 2634; x_wconf 82' lang='lat' dir='ltr'><strong>Basso</strong></span> <span class='ocrx_word' id='word_1_390' title='bbox 3509 2581 3793 2634; x_wconf 79' lang='lat' dir='ltr'><strong>Anicicnsi.</strong></span> 
     </span>
    </p>
   </div>
   <div class='ocr_carea' id='block_1_55' title="bbox 2413 2671 3934 2741">
    <p class='ocr_par' dir='ltr' id='par_1_55' title="bbox 2413 2671 3934 2741">
     <span class='ocr_line' id='line_1_55' title="bbox 2413 2671 3934 2741; baseline 0.001 -17"><span class='ocrx_word' id='word_1_391' title='bbox 2413 2671 2568 2727; x_wconf 78' lang='lat' dir='ltr'><strong>lianc</strong></span> <span class='ocrx_word' id='word_1_392' title='bbox 2591 2673 2774 2741; x_wconf 88' lang='lat' dir='ltr'><strong>itaque</strong></span> <span class='ocrx_word' id='word_1_393' title='bbox 2797 2689 2945 2741; x_wconf 88' lang='lat' dir='ltr'><strong>spem</strong></span> <span class='ocrx_word' id='word_1_394' title='bbox 2975 2687 3149 2726; x_wconf 87' lang='lat' dir='ltr'><strong>meam</strong></span> <span class='ocrx_word' id='word_1_395' title='bbox 3178 2672 3308 2727; x_wconf 84' lang='lat' dir='ltr'><strong>illud</strong></span> <span class='ocrx_word' id='word_1_396' title='bbox 3329 2674 3492 2726; x_wconf 86' lang='lat' dir='ltr'><strong>etiam</strong></span> <span class='ocrx_word' id='word_1_397' title='bbox 3525 2674 3759 2731; x_wconf 88' lang='lat' dir='ltr'><strong>roborat,</strong></span> <span class='ocrx_word' id='word_1_398' title='bbox 3788 2671 3934 2739; x_wconf 88' lang='lat' dir='ltr'><strong>quod</strong></span> 
     </span>
    </p>
   </div>
   <div class='ocr_carea' id='block_1_56' title="bbox 2343 2761 3935 2832">
    <p class='ocr_par' dir='ltr' id='par_1_56' title="bbox 2343 2761 3935 2832">
     <span class='ocr_line' id='line_1_56' title="bbox 2343 2761 3935 2832; baseline 0 -18"><span class='ocrx_word' id='word_1_399' title='bbox 2343 2761 2476 2814; x_wconf 92' lang='lat' dir='ltr'><strong>mihi</strong></span> <span class='ocrx_word' id='word_1_400' title='bbox 2506 2762 2588 2815; x_wconf 91' lang='lat' dir='ltr'><strong>vir</strong></span> <span class='ocrx_word' id='word_1_401' title='bbox 2618 2762 2932 2831; x_wconf 83' lang='lat' dir='ltr'><strong>religiosus,</strong></span> <span class='ocrx_word' id='word_1_402' title='bbox 2981 2772 3037 2816; x_wconf 91' lang='lat' dir='ltr'><strong>et</strong></span> <span class='ocrx_word' id='word_1_403' title='bbox 3083 2763 3322 2832; x_wconf 81' lang='lat' dir='ltr'><strong>prudens</strong></span> <span class='ocrx_word' id='word_1_404' title='bbox 3352 2771 3472 2817; x_wconf 72' lang='lat' dir='ltr'><strong>ante</strong></span> <span class='ocrx_word' id='word_1_405' title='bbox 3521 2765 3768 2830; x_wconf 88' lang='lat' dir='ltr'><strong>quintum</strong></span> <span class='ocrx_word' id='word_1_406' title='bbox 3821 2763 3935 2816; x_wconf 86' lang='lat' dir='ltr'><strong>fere</strong></span> 
     </span>
    </p>
   </div>
   <div class='ocr_carea' id='block_1_57' title="bbox 2344 2852 3939 2922">
    <p class='ocr_par' dir='ltr' id='par_1_57' title="bbox 2344 2852 3939 2922">
     <span class='ocr_line' id='line_1_57' title="bbox 2344 2852 3939 2922; baseline 0 -18"><span class='ocrx_word' id='word_1_407' title='bbox 2344 2852 2484 2905; x_wconf 87' lang='lat' dir='ltr'><strong>diem</strong></span> <span class='ocrx_word' id='word_1_408' title='bbox 2513 2852 2825 2921; x_wconf 85' lang='lat' dir='ltr'><strong>Stephanus</strong></span> <span class='ocrx_word' id='word_1_409' title='bbox 2848 2853 3160 2922; x_wconf 81' lang='lat' dir='ltr'><strong>apostolicae</strong></span> <span class='ocrx_word' id='word_1_410' title='bbox 3176 2853 3320 2907; x_wconf 82' lang='lat' dir='ltr'><strong>sedis</strong></span> <span class='ocrx_word' id='word_1_411' title='bbox 3342 2853 3633 2907; x_wconf 83' lang='lat' dir='ltr'><strong>cardinalis</strong></span> <span class='ocrx_word' id='word_1_412' title='bbox 3657 2852 3939 2922; x_wconf 81' lang='lat' dir='ltr'><strong>presbyter</strong></span> 
     </span>
    </p>
   </div>
   <div class='ocr_carea' id='block_1_58' title="bbox 2343 2943 3944 3016">
    <p class='ocr_par' dir='ltr' id='par_1_58' title="bbox 2343 2943 3944 3016">
     <span class='ocr_line' id='line_1_58' title="bbox 2343 2943 3944 3016; baseline 0.001 -20"><span class='ocrx_word' id='word_1_413' title='bbox 2343 2943 2631 2996; x_wconf 87' lang='lat' dir='ltr'><strong>intimavit.</strong></span> <span class='ocrx_word' id='word_1_414' title='bbox 2663 2945 2754 2998; x_wconf 82' lang='lat' dir='ltr'><strong>Ait</strong></span> <span class='ocrx_word' id='word_1_415' title='bbox 2784 2945 2951 3011; x_wconf 90' lang='lat' dir='ltr'><strong>enim,</strong></span> <span class='ocrx_word' id='word_1_416' title='bbox 2981 2946 3106 3016; x_wconf 91' lang='lat' dir='ltr'><strong>quia</strong></span> <span class='ocrx_word' id='word_1_417' title='bbox 3138 2946 3334 3000; x_wconf 78' lang='lat' dir='ltr'><strong>Bassus</strong></span> <span class='ocrx_word' id='word_1_418' title='bbox 3362 2945 3606 3015; x_wconf 87' lang='lat' dir='ltr'><strong>quidam,</strong></span> <span class='ocrx_word' id='word_1_419' title='bbox 3630 2944 3944 3015; x_wconf 81' lang='lat' dir='ltr'><strong>Burgundio</strong></span> 
     </span>
    </p>
   </div>
   <div class='ocr_carea' id='block_1_59' title="bbox 2345 3035 3949 3106">
    <p class='ocr_par' dir='ltr' id='par_1_59' title="bbox 2345 3035 3949 3106">
     <span class='ocr_line' id='line_1_59' title="bbox 2345 3035 3949 3106; baseline 0.003 -21"><span class='ocrx_word' id='word_1_420' title='bbox 2345 3047 2575 3102; x_wconf 77' lang='lat' dir='ltr'><strong>genere,</strong></span> <span class='ocrx_word' id='word_1_421' title='bbox 2602 3035 2911 3090; x_wconf 81' lang='lat' dir='ltr'><strong>Anicicnsis</strong></span> <span class='ocrx_word' id='word_1_422' title='bbox 2943 3037 3312 3106; x_wconf 85' lang='lat' dir='ltr'><strong>episcopatus,</strong></span> <span class='ocrx_word' id='word_1_423' title='bbox 3344 3036 3644 3091; x_wconf 84' lang='lat' dir='ltr'><strong>Ecclesiam</strong></span> <span class='ocrx_word' id='word_1_424' title='bbox 3692 3036 3787 3089; x_wconf 89' lang='lat' dir='ltr'><strong>Dei</strong></span> <span class='ocrx_word' id='word_1_425' title='bbox 3841 3035 3949 3090; x_wconf 54' lang='lat' dir='ltr'><strong>Ge.</strong></span> 
     </span>
    </p>
   </div>
   <div class='ocr_carea' id='block_1_60' title="bbox 2345 3125 3942 3198">
    <p class='ocr_par' dir='ltr' id='par_1_60' title="bbox 2345 3125 3942 3198">
     <span class='ocr_line' id='line_1_60' title="bbox 2345 3125 3942 3198; baseline 0 -20"><span class='ocrx_word' id='word_1_426' title='bbox 2345 3125 2577 3189; x_wconf 87' lang='lat' dir='ltr'><strong>nitricis,</strong></span> <span class='ocrx_word' id='word_1_427' title='bbox 2602 3141 2923 3198; x_wconf 89' lang='lat' dir='ltr'><strong>semperque</strong></span> <span class='ocrx_word' id='word_1_428' title='bbox 2949 3129 3176 3198; x_wconf 84' lang='lat' dir='ltr'><strong>virginis</strong></span> <span class='ocrx_word' id='word_1_429' title='bbox 3201 3128 3399 3198; x_wconf 76' lang='lat' dir='ltr'><strong>insigni</strong></span> <span class='ocrx_word' id='word_1_430' title='bbox 3427 3127 3581 3181; x_wconf 86' lang='lat' dir='ltr'><strong>titulo</strong></span> <span class='ocrx_word' id='word_1_431' title='bbox 3605 3128 3942 3192; x_wconf 88' lang='lat' dir='ltr'><strong>decoratam,</strong></span> 
     </span>
    </p>
   </div>
   <div class='ocr_carea' id='block_1_61' title="bbox 657 3192 3948 3292">
    <p class='ocr_par' dir='ltr' id='par_1_61' title="bbox 657 3192 3948 3292">
     <span class='ocr_line' id='line_1_61' title="bbox 657 3192 3948 3292; baseline 0.008 -49"><span class='ocrx_word' id='word_1_432' title='bbox 657 3197 706 3292; x_wconf 69' lang='lat' dir='ltr'><strong>et</strong></span> <span class='ocrx_word' id='word_1_433' title='bbox 733 3192 782 3292; x_wconf 76' lang='lat' dir='ltr'><strong>in</strong></span> <span class='ocrx_word' id='word_1_434' title='bbox 802 3211 968 3292; x_wconf 75' lang='lat' dir='ltr'><strong>sacro</strong></span> <span class='ocrx_word' id='word_1_435' title='bbox 1000 3203 1270 3268; x_wconf 90' lang='lat' dir='ltr'><strong>reperitur</strong></span> <span class='ocrx_word' id='word_1_436' title='bbox 1315 3206 1563 3274; x_wconf 90' lang='lat' dir='ltr'><strong>eloquio,</strong></span> <span class='ocrx_word' id='word_1_437' title='bbox 1607 3226 1730 3263; x_wconf 89' lang='lat' dir='ltr'><strong>cum</strong></span> <span class='ocrx_word' id='word_1_438' title='bbox 1780 3213 1980 3267; x_wconf 89' lang='lat' dir='ltr'><strong>dicitur</strong></span> <span class='ocrx_word' id='word_1_439' title='bbox 2013 3235 2025 3268; x_wconf 91' lang='lat'>:</span> <span class='ocrx_word' id='word_1_440' title='bbox 2063 3235 2081 3266; x_wconf 70' lang='grc' dir='ltr'><strong>ς</strong></span> <span class='ocrx_word' id='word_1_441' title='bbox 2121 3192 2235 3287; x_wconf 62' lang='lat' dir='ltr'><strong>ligo</strong></span> <span class='ocrx_word' id='word_1_442' title='bbox 2262 3206 2308 3268; x_wconf 89' lang='lat' dir='ltr'><strong>C</strong></span> <span class='ocrx_word' id='word_1_443' title='bbox 2344 3230 2463 3285; x_wconf 81' lang='lat' dir='ltr'><strong>quae</strong></span> <span class='ocrx_word' id='word_1_444' title='bbox 2492 3192 2798 3270; x_wconf 46' lang='lat' dir='ltr'><strong>vocatur-in</strong></span> <span class='ocrx_word' id='word_1_445' title='bbox 2821 3192 3012 3292; x_wconf 42' lang='lat' dir='ltr'><strong>f’odio&#39;,</strong></span> <span class='ocrx_word' id='word_1_446' title='bbox 3037 3192 3505 3286; x_wconf 47' lang='lat' dir='ltr'><strong>orationis&#39;gratia</strong></span> <span class='ocrx_word' id='word_1_447' title='bbox 3533 3217 3759 3269; x_wconf 84' lang='lat' dir='ltr'><strong>devotus</strong></span> <span class='ocrx_word' id='word_1_448' title='bbox 3786 3216 3948 3282; x_wconf 85' lang='lat' dir='ltr'><strong>adiit,</strong></span> 
     </span>
    </p>
   </div>
   <div class='ocr_carea' id='block_1_62' title="bbox 659 3281 2235 3364">
    <p class='ocr_par' dir='ltr' id='par_1_62' title="bbox 659 3281 2235 3364">
     <span class='ocr_line' id='line_1_62' title="bbox 659 3281 2235 3364; baseline 0.017 -28"><span class='ocrx_word' id='word_1_449' title='bbox 659 3281 757 3337; x_wconf 86' lang='lat' dir='ltr'><strong>dixi</strong></span> <span class='ocrx_word' id='word_1_450' title='bbox 799 3287 850 3340; x_wconf 90' lang='lat' dir='ltr'><strong>in</strong></span> <span class='ocrx_word' id='word_1_451' title='bbox 879 3303 1108 3347; x_wconf 83' lang='lat' dir='ltr'><strong>excessu</strong></span> <span class='ocrx_word' id='word_1_452' title='bbox 1141 3297 1338 3362; x_wconf 90' lang='lat' dir='ltr'><strong>mentis</strong></span> <span class='ocrx_word' id='word_1_453' title='bbox 1369 3313 1533 3364; x_wconf 78' lang='lat' dir='ltr'><strong>meae,</strong></span> <span class='ocrx_word' id='word_1_454' title='bbox 1587 3302 1764 3356; x_wconf 85' lang='lat' dir='ltr'><strong>omnis</strong></span> <span class='ocrx_word' id='word_1_455' title='bbox 1794 3304 1955 3359; x_wconf 89' lang='lat' dir='ltr'><strong>homo</strong></span> <span class='ocrx_word' id='word_1_456' title='bbox 2002 3281 2235 3363; x_wconf 74' lang='lat' dir='ltr'><strong>mendax</strong></span> 
     </span>
    </p>
   </div>
   <div class='ocr_carea' id='block_1_63' title="bbox 660 3368 2235 3464">
    <p class='ocr_par' dir='ltr' id='par_1_63' title="bbox 660 3368 2235 3464">
     <span class='ocr_line' id='line_1_63' title="bbox 660 3368 2235 3464; baseline 0.021 -42"><span class='ocrx_word' id='word_1_457' title='bbox 660 3368 820 3440; x_wconf 79' lang='lat' dir='ltr'><strong>(Psal.</strong></span> <span class='ocrx_word' id='word_1_458' title='bbox 860 3382 1016 3453; x_wconf 83' lang='lat' dir='ltr'><strong>cxv);</strong></span> <span class='ocrx_word' id='word_1_459' title='bbox 1071 3403 1089 3435; x_wconf 84' lang='grc'><strong>›</strong></span> <span class='ocrx_word' id='word_1_460' title='bbox 1139 3384 1225 3438; x_wconf 91' lang='lat' dir='ltr'><strong>cui</strong></span> <span class='ocrx_word' id='word_1_461' title='bbox 1269 3387 1528 3442; x_wconf 87' lang='lat' dir='ltr'><strong>nimirum</strong></span> <span class='ocrx_word' id='word_1_462' title='bbox 1573 3395 1900 3461; x_wconf 64' lang='lat' dir='ltr'><strong>responderi</strong></span> <span class='ocrx_word' id='word_1_463' title='bbox 1925 3405 2103 3464; x_wconf 86' lang='lat' dir='ltr'><strong>potest</strong></span> <span class='ocrx_word' id='word_1_464' title='bbox 2134 3417 2147 3452; x_wconf 92' lang='lat'>:</span> <span class='ocrx_word' id='word_1_465' title='bbox 2176 3399 2235 3455; x_wconf 88' lang='lat' dir='ltr'><strong>Si</strong></span> 
     </span>
    </p>
   </div>
   <div class='ocr_carea' id='block_1_64' title="bbox 658 3466 2235 3559">
    <p class='ocr_par' dir='ltr' id='par_1_64' title="bbox 658 3466 2235 3559">
     <span class='ocr_line' id='line_1_64' title="bbox 658 3466 2235 3559; baseline 0.018 -43"><span class='ocrx_word' id='word_1_466' title='bbox 658 3466 851 3559; x_wconf 84' lang='lat' dir='ltr'><strong>omnis,</strong></span> <span class='ocrx_word' id='word_1_467' title='bbox 894 3480 948 3525; x_wconf 92' lang='lat' dir='ltr'><strong>et</strong></span> <span class='ocrx_word' id='word_1_468' title='bbox 982 3484 1072 3538; x_wconf 87' lang='lat' dir='ltr'><strong>tu;</strong></span> <span class='ocrx_word' id='word_1_469' title='bbox 1123 3474 1367 3546; x_wconf 84' lang='lat' dir='ltr'><strong>falsaque</strong></span> <span class='ocrx_word' id='word_1_470' title='bbox 1396 3477 1510 3546; x_wconf 90' lang='lat' dir='ltr'><strong>jam</strong></span> <span class='ocrx_word' id='word_1_471' title='bbox 1558 3483 1664 3536; x_wconf 91' lang='lat' dir='ltr'><strong>erit</strong></span> <span class='ocrx_word' id='word_1_472' title='bbox 1713 3487 2013 3552; x_wconf 79' lang='lat' dir='ltr'><strong>sententia,</strong></span> <span class='ocrx_word' id='word_1_473' title='bbox 2072 3505 2235 3559; x_wconf 88' lang='lat' dir='ltr'><strong>quam</strong></span> 
     </span>
    </p>
   </div>
   <div class='ocr_carea' id='block_1_65' title="bbox 658 3557 2230 3648">
    <p class='ocr_par' dir='ltr' id='par_1_65' title="bbox 658 3557 2230 3648">
     <span class='ocr_line' id='line_1_65' title="bbox 658 3557 2230 3648; baseline 0.018 -39"><span class='ocrx_word' id='word_1_474' title='bbox 658 3557 873 3615; x_wconf 81' lang='lat' dir='ltr'><strong>mendax</strong></span> <span class='ocrx_word' id='word_1_475' title='bbox 925 3565 1041 3634; x_wconf 91' lang='lat' dir='ltr'><strong>ipse</strong></span> <span class='ocrx_word' id='word_1_476' title='bbox 1095 3570 1388 3637; x_wconf 87' lang='lat' dir='ltr'><strong>protulisti.</strong></span> <span class='ocrx_word' id='word_1_477' title='bbox 1424 3569 1481 3626; x_wconf 88' lang='lat' dir='ltr'><strong>Si</strong></span> <span class='ocrx_word' id='word_1_478' title='bbox 1521 3589 1650 3629; x_wconf 80' lang='lat' dir='ltr'><strong>vero</strong></span> <span class='ocrx_word' id='word_1_479' title='bbox 1679 3576 1794 3646; x_wconf 89' lang='lat' dir='ltr'><strong>ipse</strong></span> <span class='ocrx_word' id='word_1_480' title='bbox 1830 3595 1935 3633; x_wconf 91' lang='lat' dir='ltr'><strong>non</strong></span> <span class='ocrx_word' id='word_1_481' title='bbox 1968 3557 2230 3648; x_wconf 76' lang='lat' dir='ltr'><strong>mendax,</strong></span> 
     </span>
    </p>
   </div>
   <div class='ocr_carea' id='block_1_66' title="bbox 659 3649 2233 3741">
    <p class='ocr_par' dir='ltr' id='par_1_66' title="bbox 659 3649 2233 3741">
     <span class='ocr_line' id='line_1_66' title="bbox 659 3649 2233 3741; baseline 0.02 -44"><span class='ocrx_word' id='word_1_482' title='bbox 659 3657 774 3702; x_wconf 90' lang='lat' dir='ltr'><strong>vera</strong></span> <span class='ocrx_word' id='word_1_483' title='bbox 797 3649 907 3718; x_wconf 89' lang='lat' dir='ltr'><strong>jam</strong></span> <span class='ocrx_word' id='word_1_484' title='bbox 936 3660 1202 3714; x_wconf 86' lang='lat' dir='ltr'><strong>sententia</strong></span> <span class='ocrx_word' id='word_1_485' title='bbox 1236 3677 1342 3715; x_wconf 91' lang='lat' dir='ltr'><strong>non</strong></span> <span class='ocrx_word' id='word_1_486' title='bbox 1373 3664 1505 3730; x_wconf 89' lang='lat' dir='ltr'><strong>erit;</strong></span> <span class='ocrx_word' id='word_1_487' title='bbox 1535 3667 1660 3734; x_wconf 91' lang='lat' dir='ltr'><strong>quia</strong></span> <span class='ocrx_word' id='word_1_488' title='bbox 1694 3669 1818 3722; x_wconf 87' lang='lat' dir='ltr'><strong>dum</strong></span> <span class='ocrx_word' id='word_1_489' title='bbox 1863 3679 1917 3724; x_wconf 94' lang='lat' dir='ltr'><strong>tu</strong></span> <span class='ocrx_word' id='word_1_490' title='bbox 1953 3686 2010 3725; x_wconf 91' lang='lat' dir='ltr'><strong>cs</strong></span> <span class='ocrx_word' id='word_1_491' title='bbox 2043 3687 2233 3741; x_wconf 80' lang='lat' dir='ltr'><strong>verax,</strong></span> 
     </span>
    </p>
   </div>
   <div class='ocr_carea' id='block_1_67' title="bbox 659 3746 2231 3823">
    <p class='ocr_par' dir='ltr' id='par_1_67' title="bbox 659 3746 2231 3823">
     <span class='ocr_line' id='line_1_67' title="bbox 659 3746 2231 3823; baseline 0.02 -34"><span class='ocrx_word' id='word_1_492' title='bbox 659 3749 756 3792; x_wconf 88' lang='lat' dir='ltr'><strong>non</strong></span> <span class='ocrx_word' id='word_1_493' title='bbox 785 3746 960 3802; x_wconf 90' lang='lat' dir='ltr'><strong>omnis</strong></span> <span class='ocrx_word' id='word_1_494' title='bbox 1003 3749 1165 3805; x_wconf 90' lang='lat' dir='ltr'><strong>homo</strong></span> <span class='ocrx_word' id='word_1_495' title='bbox 1210 3756 1559 3823; x_wconf 84' lang='lat' dir='ltr'><strong>cognoscitur</strong></span> <span class='ocrx_word' id='word_1_496' title='bbox 1587 3772 1709 3814; x_wconf 90' lang='lat' dir='ltr'><strong>esse</strong></span> <span class='ocrx_word' id='word_1_497' title='bbox 1747 3763 1999 3816; x_wconf 76' lang='lat' dir='ltr'><strong>mendax.</strong></span> <span class='ocrx_word' id='word_1_498' title='bbox 2033 3763 2231 3820; x_wconf 76' lang='lat' dir='ltr'><strong>Verum</strong></span> 
     </span>
    </p>
   </div>
   <div class='ocr_carea' id='block_1_68' title="bbox 660 3831 2234 3926">
    <p class='ocr_par' dir='ltr' id='par_1_68' title="bbox 660 3831 2234 3926">
     <span class='ocr_line' id='line_1_68' title="bbox 660 3831 2234 3926; baseline 0.02 -45"><span class='ocrx_word' id='word_1_499' title='bbox 660 3838 721 3926; x_wconf 50' lang='lat' dir='ltr'><strong>tle</strong></span> <span class='ocrx_word' id='word_1_500' title='bbox 758 3831 823 3926; x_wconf 76' lang='lat' dir='ltr'><strong>ad</strong></span> <span class='ocrx_word' id='word_1_501' title='bbox 869 3835 1045 3894; x_wconf 92' lang='lat' dir='ltr'><strong>instar</strong></span> <span class='ocrx_word' id='word_1_502' title='bbox 1081 3843 1361 3912; x_wconf 84' lang='lat' dir='ltr'><strong>gentilium</strong></span> <span class='ocrx_word' id='word_1_503' title='bbox 1393 3847 1788 3915; x_wconf 67' lang='lat' dir='ltr'><strong>scripturarum</strong></span> <span class='ocrx_word' id='word_1_504' title='bbox 1820 3868 1976 3908; x_wconf 90' lang='lat' dir='ltr'><strong>sacra</strong></span> <span class='ocrx_word' id='word_1_505' title='bbox 2019 3871 2234 3926; x_wconf 91' lang='lat' dir='ltr'><strong>quoque</strong></span> 
     </span>
    </p>
   </div>
   <div class='ocr_carea' id='block_1_69' title="bbox 661 3913 2234 4021">
    <p class='ocr_par' dir='ltr' id='par_1_69' title="bbox 661 3913 2234 4021">
     <span class='ocr_line' id='line_1_69' title="bbox 661 3913 2234 4021; baseline 0.02 -51"><span class='ocrx_word' id='word_1_506' title='bbox 661 3913 923 4021; x_wconf 76' lang='lat' dir='ltr'><strong>Scriptura</strong></span> <span class='ocrx_word' id='word_1_507' title='bbox 958 3932 1246 3988; x_wconf 76' lang='lat' dir='ltr'><strong>calumniae</strong></span> <span class='ocrx_word' id='word_1_508' title='bbox 1274 3913 1616 4005; x_wconf 26' lang='lat' dir='ltr'><strong>pateatpscd</strong></span> <span class='ocrx_word' id='word_1_509' title='bbox 1650 3940 1763 4008; x_wconf 91' lang='lat' dir='ltr'><strong>ipsa</strong></span> <span class='ocrx_word' id='word_1_510' title='bbox 1803 3957 1863 3996; x_wconf 90' lang='lat' dir='ltr'><strong>se</strong></span> <span class='ocrx_word' id='word_1_511' title='bbox 1895 3913 2074 4014; x_wconf 68' lang='lat' dir='ltr'><strong>potius</strong></span> <span class='ocrx_word' id='word_1_512' title='bbox 2108 3913 2234 4015; x_wconf 69' lang='lat' dir='ltr'><strong>pro-</strong></span> 
     </span>
    </p>
   </div>
   <div class='ocr_carea' id='block_1_70' title="bbox 661 4021 2236 4114">
    <p class='ocr_par' dir='ltr' id='par_1_70' title="bbox 661 4021 2236 4114">
     <span class='ocr_line' id='line_1_70' title="bbox 661 4021 2236 4114; baseline 0.019 -51"><span class='ocrx_word' id='word_1_513' title='bbox 661 4021 1117 4114; x_wconf 32' lang='lat' dir='ltr'><strong>priaOauctoritate</strong></span> <span class='ocrx_word' id='word_1_514' title='bbox 1148 4025 1430 4091; x_wconf 84' lang='lat' dir='ltr'><strong>defendat;</strong></span> <span class='ocrx_word' id='word_1_515' title='bbox 1460 4031 1752 4086; x_wconf 89' lang='lat' dir='ltr'><strong>notandum</strong></span> <span class='ocrx_word' id='word_1_516' title='bbox 1777 4044 1893 4096; x_wconf 91' lang='lat' dir='ltr'><strong>est,</strong></span> <span class='ocrx_word' id='word_1_517' title='bbox 1926 4037 2071 4105; x_wconf 89' lang='lat' dir='ltr'><strong>quod</strong></span> <span class='ocrx_word' id='word_1_518' title='bbox 2098 4027 2236 4105; x_wconf 53' lang='lat' dir='ltr'><strong>prmi</strong></span> 
     </span>
    </p>
   </div>
   <div class='ocr_carea' id='block_1_71' title="bbox 662 4110 2235 4182">
    <p class='ocr_par' dir='ltr' id='par_1_71' title="bbox 662 4110 2235 4182">
     <span class='ocr_line' id='line_1_71' title="bbox 662 4110 2235 4182; baseline 0.02 -31"><span class='ocrx_word' id='word_1_519' title='bbox 662 4110 877 4160; x_wconf 82' lang='lat' dir='ltr'><strong>mittitur</strong></span> <span class='ocrx_word' id='word_1_520' title='bbox 907 4123 922 4162; x_wconf 92' lang='lat'><strong>:</strong></span> <span class='ocrx_word' id='word_1_521' title='bbox 951 4110 1066 4181; x_wconf 82' lang='lat' dir='ltr'><strong>Ego</strong></span> <span class='ocrx_word' id='word_1_522' title='bbox 1101 4114 1209 4167; x_wconf 91' lang='lat' dir='ltr'><strong>dixi</strong></span> <span class='ocrx_word' id='word_1_523' title='bbox 1239 4115 1293 4169; x_wconf 92' lang='lat' dir='ltr'><strong>in</strong></span> <span class='ocrx_word' id='word_1_524' title='bbox 1323 4131 1551 4172; x_wconf 82' lang='lat' dir='ltr'><strong>excessu</strong></span> <span class='ocrx_word' id='word_1_525' title='bbox 1585 4121 1784 4176; x_wconf 88' lang='lat' dir='ltr'><strong>mentis</strong></span> <span class='ocrx_word' id='word_1_526' title='bbox 1817 4138 1970 4177; x_wconf 83' lang='lat' dir='ltr'><strong>meae.</strong></span> <span class='ocrx_word' id='word_1_527' title='bbox 2006 4125 2110 4180; x_wconf 89' lang='lat' dir='ltr'><strong>Per</strong></span> <span class='ocrx_word' id='word_1_528' title='bbox 2140 4142 2235 4182; x_wconf 79' lang='lat' dir='ltr'><strong>ex-</strong></span> 
     </span>
    </p>
   </div>
   <div class='ocr_carea' id='block_1_72' title="bbox 660 4199 2233 4282">
    <p class='ocr_par' dir='ltr' id='par_1_72' title="bbox 660 4199 2233 4282">
     <span class='ocr_line' id='line_1_72' title="bbox 660 4199 2233 4282; baseline 0.02 -39"><span class='ocrx_word' id='word_1_529' title='bbox 660 4199 858 4282; x_wconf 67' lang='lat' dir='ltr'><strong>cessum</strong></span> <span class='ocrx_word' id='word_1_530' title='bbox 906 4200 1073 4269; x_wconf 80' lang='lat' dir='ltr'><strong>igitur</strong></span> <span class='ocrx_word' id='word_1_531' title='bbox 1104 4207 1301 4259; x_wconf 90' lang='lat' dir='ltr'><strong>mentis</strong></span> <span class='ocrx_word' id='word_1_532' title='bbox 1330 4216 1384 4261; x_wconf 90' lang='lat' dir='ltr'><strong>et</strong></span> <span class='ocrx_word' id='word_1_533' title='bbox 1414 4211 1767 4281; x_wconf 91' lang='lat' dir='ltr'><strong>semetipsum</strong></span> <span class='ocrx_word' id='word_1_534' title='bbox 1817 4217 2060 4282; x_wconf 85' lang='lat' dir='ltr'><strong>transiit,</strong></span> <span class='ocrx_word' id='word_1_535' title='bbox 2111 4233 2233 4273; x_wconf 90' lang='lat' dir='ltr'><strong>cum</strong></span> 
     </span>
    </p>
   </div>
   <div class='ocr_carea' id='block_1_73' title="bbox 661 4277 2230 4377">
    <p class='ocr_par' dir='ltr' id='par_1_73' title="bbox 661 4277 2230 4377">
     <span class='ocr_line' id='line_1_73' title="bbox 661 4277 2230 4377; baseline 0.018 -41"><span class='ocrx_word' id='word_1_536' title='bbox 661 4277 719 4377; x_wconf 59' lang='lat' dir='ltr'><strong>de</strong></span> <span class='ocrx_word' id='word_1_537' title='bbox 746 4287 1000 4377; x_wconf 76' lang='lat' dir='ltr'><strong>qualitate</strong></span> <span class='ocrx_word' id='word_1_538' title='bbox 1021 4294 1255 4350; x_wconf 85' lang='lat' dir='ltr'><strong>hominis</strong></span> <span class='ocrx_word' id='word_1_539' title='bbox 1278 4297 1540 4354; x_wconf 87' lang='lat' dir='ltr'><strong>definivit.</strong></span> <span class='ocrx_word' id='word_1_540' title='bbox 1565 4277 1645 4357; x_wconf 79' lang='lat' dir='ltr'><strong>Ac</strong></span> <span class='ocrx_word' id='word_1_541' title='bbox 1665 4304 1708 4358; x_wconf 94' lang='lat' dir='ltr'><strong>si</strong></span> <span class='ocrx_word' id='word_1_542' title='bbox 1734 4307 2020 4377; x_wconf 86' lang='lat' dir='ltr'><strong>perspicue</strong></span> <span class='ocrx_word' id='word_1_543' title='bbox 2049 4277 2192 4365; x_wconf 85' lang='lat' dir='ltr'><strong>dicat</strong></span> <span class='ocrx_word' id='word_1_544' title='bbox 2216 4329 2230 4365; x_wconf 91' lang='lat'><strong>:</strong></span> 
     </span>
    </p>
   </div>
   <div class='ocr_carea' id='block_1_74' title="bbox 660 4365 2235 4468">
    <p class='ocr_par' dir='ltr' id='par_1_74' title="bbox 660 4365 2235 4468">
     <span class='ocr_line' id='line_1_74' title="bbox 660 4365 2235 4468; baseline 0.021 -45"><span class='ocrx_word' id='word_1_545' title='bbox 660 4365 728 4468; x_wconf 60' lang='lat' dir='ltr'><strong>tie</strong></span> <span class='ocrx_word' id='word_1_546' title='bbox 770 4373 1001 4437; x_wconf 79' lang='lat' dir='ltr'><strong>falsitate</strong></span> <span class='ocrx_word' id='word_1_547' title='bbox 1031 4387 1275 4441; x_wconf 84' lang='lat' dir='ltr'><strong>omnium</strong></span> <span class='ocrx_word' id='word_1_548' title='bbox 1324 4389 1604 4446; x_wconf 85' lang='lat' dir='ltr'><strong>hominum</strong></span> <span class='ocrx_word' id='word_1_549' title='bbox 1652 4395 1777 4451; x_wconf 86' lang='lat' dir='ltr'><strong>inde</strong></span> <span class='ocrx_word' id='word_1_550' title='bbox 1801 4365 1985 4453; x_wconf 71' lang='lat' dir='ltr'><strong>veram</strong></span> <span class='ocrx_word' id='word_1_551' title='bbox 2017 4410 2235 4456; x_wconf 88' lang='lat' dir='ltr'><strong>senten-</strong></span> 
     </span>
    </p>
   </div>
   <div class='ocr_carea' id='block_1_75' title="bbox 662 4466 2232 4551">
    <p class='ocr_par' dir='ltr' id='par_1_75' title="bbox 662 4466 2232 4551">
     <span class='ocr_line' id='line_1_75' title="bbox 662 4466 2232 4551; baseline 0.023 -41"><span class='ocrx_word' id='word_1_552' title='bbox 662 4466 778 4516; x_wconf 85' lang='lat' dir='ltr'><strong>tiam</strong></span> <span class='ocrx_word' id='word_1_553' title='bbox 809 4473 1044 4539; x_wconf 90' lang='lat' dir='ltr'><strong>protuli,</strong></span> <span class='ocrx_word' id='word_1_554' title='bbox 1079 4476 1219 4531; x_wconf 90' lang='lat' dir='ltr'><strong>unde</strong></span> <span class='ocrx_word' id='word_1_555' title='bbox 1243 4492 1343 4548; x_wconf 91' lang='lat' dir='ltr'><strong>ego</strong></span> <span class='ocrx_word' id='word_1_556' title='bbox 1374 4480 1491 4549; x_wconf 87' lang='lat' dir='ltr'><strong>ipse</strong></span> <span class='ocrx_word' id='word_1_557' title='bbox 1519 4497 1686 4551; x_wconf 89' lang='lat' dir='ltr'><strong>supra</strong></span> <span class='ocrx_word' id='word_1_558' title='bbox 1734 4485 2007 4542; x_wconf 91' lang='lat' dir='ltr'><strong>hominem</strong></span> <span class='ocrx_word' id='word_1_559' title='bbox 2036 4490 2132 4544; x_wconf 86' lang='lat' dir='ltr'><strong>fui.</strong></span> <span class='ocrx_word' id='word_1_560' title='bbox 2175 4491 2232 4547; x_wconf 89' lang='lat' dir='ltr'><strong>in</strong></span> 
     </span>
    </p>
   </div>
   <div class='ocr_carea' id='block_1_76' title="bbox 664 4555 2314 4646">
    <p class='ocr_par' dir='ltr' id='par_1_76' title="bbox 664 4555 2314 4646">
     <span class='ocr_line' id='line_1_76' title="bbox 664 4555 2314 4646; baseline 0.02 -39"><span class='ocrx_word' id='word_1_561' title='bbox 664 4555 857 4613; x_wconf 73' lang='lat' dir='ltr'><strong>tantum</strong></span> <span class='ocrx_word' id='word_1_562' title='bbox 886 4575 1017 4619; x_wconf 90' lang='lat' dir='ltr'><strong>vero</strong></span> <span class='ocrx_word' id='word_1_563' title='bbox 1040 4575 1097 4621; x_wconf 92' lang='lat' dir='ltr'><strong>et</strong></span> <span class='ocrx_word' id='word_1_564' title='bbox 1125 4567 1237 4638; x_wconf 89' lang='lat' dir='ltr'><strong>ipse</strong></span> <span class='ocrx_word' id='word_1_565' title='bbox 1268 4572 1501 4626; x_wconf 89' lang='lat' dir='ltr'><strong>mendax</strong></span> <span class='ocrx_word' id='word_1_566' title='bbox 1521 4613 1536 4638; x_wconf 92' lang='lat'><strong>,</strong></span> <span class='ocrx_word' id='word_1_567' title='bbox 1571 4574 1624 4628; x_wconf 89' lang='lat' dir='ltr'><strong>in</strong></span> <span class='ocrx_word' id='word_1_568' title='bbox 1661 4587 1926 4646; x_wconf 90' lang='lat' dir='ltr'><strong>quantum</strong></span> <span class='ocrx_word' id='word_1_569' title='bbox 1960 4581 2142 4637; x_wconf 88' lang='lat' dir='ltr'><strong>homo.</strong></span> <span class='ocrx_word' id='word_1_570' title='bbox 2176 4583 2235 4639; x_wconf 86' lang='lat' dir='ltr'><strong>In</strong></span> <span class='ocrx_word' id='word_1_571' title='bbox 2259 4555 2314 4616; x_wconf 72' lang='grc' dir='ltr'>Β</span> 
     </span>
    </p>
   </div>
   <div class='ocr_carea' id='block_1_77' title="bbox 665 4648 2238 4744">
    <p class='ocr_par' dir='ltr' id='par_1_77' title="bbox 665 4648 2238 4744">
     <span class='ocr_line' id='line_1_77' title="bbox 665 4648 2238 4744; baseline 0.018 -44"><span class='ocrx_word' id='word_1_572' title='bbox 665 4648 857 4705; x_wconf 83' lang='lat' dir='ltr'><strong>tantum</strong></span> <span class='ocrx_word' id='word_1_573' title='bbox 885 4664 1068 4712; x_wconf 87' lang='lat' dir='ltr'><strong>autem</strong></span> <span class='ocrx_word' id='word_1_574' title='bbox 1101 4661 1323 4717; x_wconf 90' lang='lat' dir='ltr'><strong>omnino</strong></span> <span class='ocrx_word' id='word_1_575' title='bbox 1353 4678 1461 4718; x_wconf 92' lang='lat' dir='ltr'><strong>non</strong></span> <span class='ocrx_word' id='word_1_576' title='bbox 1491 4666 1749 4734; x_wconf 85' lang='lat' dir='ltr'><strong>mendax,</strong></span> <span class='ocrx_word' id='word_1_577' title='bbox 1773 4669 1825 4724; x_wconf 94' lang='lat' dir='ltr'><strong>in</strong></span> <span class='ocrx_word' id='word_1_578' title='bbox 1849 4680 2114 4740; x_wconf 87' lang='lat' dir='ltr'><strong>quantum</strong></span> <span class='ocrx_word' id='word_1_579' title='bbox 2139 4689 2238 4744; x_wconf 90' lang='lat' dir='ltr'><strong>per</strong></span> 
     </span>
    </p>
   </div>
   <div class='ocr_carea' id='block_1_78' title="bbox 664 4745 2236 4822">
    <p class='ocr_par' dir='ltr' id='par_1_78' title="bbox 664 4745 2236 4822">
     <span class='ocr_line' id='line_1_78' title="bbox 664 4745 2236 4822; baseline 0.018 -31"><span class='ocrx_word' id='word_1_580' title='bbox 664 4745 926 4798; x_wconf 75' lang='lat' dir='ltr'><strong>excessum</strong></span> <span class='ocrx_word' id='word_1_581' title='bbox 961 4750 1186 4805; x_wconf 90' lang='lat' dir='ltr'><strong>.mcntis</strong></span> <span class='ocrx_word' id='word_1_582' title='bbox 1214 4767 1377 4822; x_wconf 89' lang='lat' dir='ltr'><strong>supra</strong></span> <span class='ocrx_word' id='word_1_583' title='bbox 1407 4755 1683 4811; x_wconf 91' lang='lat' dir='ltr'><strong>hominem</strong></span> <span class='ocrx_word' id='word_1_584' title='bbox 1735 4759 1804 4814; x_wconf 91' lang='lat' dir='ltr'><strong>ad</strong></span> <span class='ocrx_word' id='word_1_585' title='bbox 1853 4776 2064 4817; x_wconf 91' lang='lat' dir='ltr'><strong>summa</strong></span> <span class='ocrx_word' id='word_1_586' title='bbox 2107 4780 2236 4820; x_wconf 87' lang='lat' dir='ltr'><strong>con-</strong></span> 
     </span>
    </p>
   </div>
   <div class='ocr_carea' id='block_1_79' title="bbox 661 4827 1296 4897">
    <p class='ocr_par' dir='ltr' id='par_1_79' title="bbox 661 4827 1296 4897">
     <span class='ocr_line' id='line_1_79' title="bbox 661 4827 1296 4897; baseline 0.002 -1"><span class='ocrx_word' id='word_1_587' title='bbox 661 4827 950 4896; x_wconf 57' lang='lat' dir='ltr'><strong>temlilanda</strong></span> <span class='ocrx_word' id='word_1_588' title='bbox 984 4843 1296 4897; x_wconf 89' lang='lat' dir='ltr'><strong>conscendi.</strong></span> 
     </span>
    </p>
   </div>
   <div class='ocr_carea' id='block_1_80' title="bbox 725 4916 2232 5004">
    <p class='ocr_par' dir='ltr' id='par_1_80' title="bbox 725 4916 2232 5004">
     <span class='ocr_line' id='line_1_80' title="bbox 725 4916 2232 5004; baseline 0.019 -29"><span class='ocrx_word' id='word_1_589' title='bbox 725 4916 825 4976; x_wconf 83' lang='lat' dir='ltr'><strong>Sed</strong></span> <span class='ocrx_word' id='word_1_590' title='bbox 849 4939 971 4982; x_wconf 90' lang='lat' dir='ltr'><strong>eum</strong></span> <span class='ocrx_word' id='word_1_591' title='bbox 1002 4931 1314 4999; x_wconf 88' lang='lat' dir='ltr'><strong>quindecim</strong></span> <span class='ocrx_word' id='word_1_592' title='bbox 1339 4933 1456 4991; x_wconf 87' lang='lat' dir='ltr'><strong>fere</strong></span> <span class='ocrx_word' id='word_1_593' title='bbox 1485 4937 1696 4994; x_wconf 91' lang='lat' dir='ltr'><strong>dierum</strong></span> <span class='ocrx_word' id='word_1_594' title='bbox 1738 4943 1976 5000; x_wconf 88' lang='lat' dir='ltr'><strong>medium</strong></span> <span class='ocrx_word' id='word_1_595' title='bbox 2006 4961 2103 5003; x_wconf 89' lang='lat' dir='ltr'><strong>nos</strong></span> <span class='ocrx_word' id='word_1_596' title='bbox 2126 4947 2232 5004; x_wconf 89' lang='lat' dir='ltr'><strong>iter</strong></span> 
     </span>
    </p>
   </div>
   <div class='ocr_carea' id='block_1_81' title="bbox 663 5007 2230 5112">
    <p class='ocr_par' dir='ltr' id='par_1_81' title="bbox 663 5007 2230 5112">
     <span class='ocr_line' id='line_1_81' title="bbox 663 5007 2230 5112; baseline 0.022 -50"><span class='ocrx_word' id='word_1_597' title='bbox 663 5007 926 5112; x_wconf 73' lang='lat' dir='ltr'><strong>absentet,</strong></span> <span class='ocrx_word' id='word_1_598' title='bbox 954 5036 1058 5090; x_wconf 86' lang='lat' dir='ltr'><strong>par</strong></span> <span class='ocrx_word' id='word_1_599' title='bbox 1102 5024 1308 5092; x_wconf 80' lang='lat' dir='ltr'><strong>fuerat,</strong></span> <span class='ocrx_word' id='word_1_600' title='bbox 1354 5037 1416 5082; x_wconf 91' lang='lat' dir='ltr'><strong>ut</strong></span> <span class='ocrx_word' id='word_1_601' title='bbox 1450 5033 1594 5099; x_wconf 91' lang='lat' dir='ltr'><strong>quod</strong></span> <span class='ocrx_word' id='word_1_602' title='bbox 1636 5035 1752 5088; x_wconf 91' lang='lat' dir='ltr'><strong>seni</strong></span> <span class='ocrx_word' id='word_1_603' title='bbox 1801 5038 2082 5108; x_wconf 67' lang='lat' dir='ltr'><strong>prmcipis,</strong></span> <span class='ocrx_word' id='word_1_604' title='bbox 2116 5041 2230 5110; x_wconf 89' lang='lat' dir='ltr'><strong>ipse</strong></span> 
     </span>
    </p>
   </div>
   <div class='ocr_carea' id='block_1_82' title="bbox 660 5112 2230 5196">
    <p class='ocr_par' dir='ltr' id='par_1_82' title="bbox 660 5112 2230 5196">
     <span class='ocr_line' id='line_1_82' title="bbox 660 5112 2230 5196; baseline 0.019 -40"><span class='ocrx_word' id='word_1_605' title='bbox 660 5112 798 5196; x_wconf 63' lang='lat' dir='ltr'><strong>prior</strong></span> <span class='ocrx_word' id='word_1_606' title='bbox 833 5113 1195 5183; x_wconf 88' lang='lat' dir='ltr'><strong>experireris,</strong></span> <span class='ocrx_word' id='word_1_607' title='bbox 1227 5117 1413 5175; x_wconf 86' lang='lat' dir='ltr'><strong>valens</strong></span> <span class='ocrx_word' id='word_1_608' title='bbox 1438 5121 1646 5177; x_wconf 88' lang='lat' dir='ltr'><strong>scilicet</strong></span> <span class='ocrx_word' id='word_1_609' title='bbox 1674 5134 1868 5192; x_wconf 84' lang='lat' dir='ltr'><strong>aetate,</strong></span> <span class='ocrx_word' id='word_1_610' title='bbox 1897 5129 2230 5196; x_wconf 70' lang='lat' dir='ltr'><strong>praevalidus</strong></span> 
     </span>
    </p>
   </div>
   <div class='ocr_carea' id='block_1_83' title="bbox 665 5190 2232 5285">
    <p class='ocr_par' dir='ltr' id='par_1_83' title="bbox 665 5190 2232 5285">
     <span class='ocr_line' id='line_1_83' title="bbox 665 5190 2232 5285; baseline 0.02 -41"><span class='ocrx_word' id='word_1_611' title='bbox 665 5190 844 5252; x_wconf 88' lang='lat' dir='ltr'><strong>robore</strong></span> <span class='ocrx_word' id='word_1_612' title='bbox 875 5216 890 5254; x_wconf 89' lang='lat'><strong>:</strong></span> <span class='ocrx_word' id='word_1_613' title='bbox 921 5201 1143 5275; x_wconf 89' lang='lat' dir='ltr'><strong>insuper</strong></span> <span class='ocrx_word' id='word_1_614' title='bbox 1169 5205 1334 5272; x_wconf 88' lang='lat' dir='ltr'><strong>adde,</strong></span> <span class='ocrx_word' id='word_1_615' title='bbox 1363 5211 1492 5279; x_wconf 88' lang='lat' dir='ltr'><strong>quia</strong></span> <span class='ocrx_word' id='word_1_616' title='bbox 1518 5220 1573 5267; x_wconf 91' lang='lat' dir='ltr'><strong>et</strong></span> <span class='ocrx_word' id='word_1_617' title='bbox 1598 5190 2151 5285; x_wconf 76' lang='lat' dir='ltr'><strong>abundasveliicuiis,</strong></span> <span class='ocrx_word' id='word_1_618' title='bbox 2174 5229 2232 5275; x_wconf 89' lang='lat' dir='ltr'><strong>et</strong></span> 
     </span>
    </p>
   </div>
   <div class='ocr_carea' id='block_1_84' title="bbox 663 5288 2233 5378">
    <p class='ocr_par' dir='ltr' id='par_1_84' title="bbox 663 5288 2233 5378">
     <span class='ocr_line' id='line_1_84' title="bbox 663 5288 2233 5378; baseline 0.018 -39"><span class='ocrx_word' id='word_1_619' title='bbox 663 5288 1069 5378; x_wconf 52' lang='lat' dir='ltr'><strong>Senstipantium</strong></span> <span class='ocrx_word' id='word_1_620' title='bbox 1134 5299 1508 5358; x_wconf 89' lang='lat' dir='ltr'><strong>ministrorum</strong></span> <span class='ocrx_word' id='word_1_621' title='bbox 1572 5305 1867 5378; x_wconf 86' lang='lat' dir='ltr'><strong>obsequiis.</strong></span> <span class='ocrx_word' id='word_1_622' title='bbox 1937 5311 2133 5366; x_wconf 91' lang='lat' dir='ltr'><strong>Fertur</strong></span> <span class='ocrx_word' id='word_1_623' title='bbox 2176 5323 2233 5369; x_wconf 92' lang='lat' dir='ltr'><strong>et</strong></span> 
     </span>
    </p>
   </div>
   <div class='ocr_carea' id='block_1_85' title="bbox 667 5366 2230 5475">
    <p class='ocr_par' dir='ltr' id='par_1_85' title="bbox 667 5366 2230 5475">
     <span class='ocr_line' id='line_1_85' title="bbox 667 5366 2230 5475; baseline 0.023 -50"><span class='ocrx_word' id='word_1_624' title='bbox 667 5366 894 5475; x_wconf 77' lang='lat' dir='ltr'><strong>Phalaris</strong></span> <span class='ocrx_word' id='word_1_625' title='bbox 922 5385 1083 5456; x_wconf 87' lang='lat' dir='ltr'><strong>hujus</strong></span> <span class='ocrx_word' id='word_1_626' title='bbox 1113 5392 1467 5460; x_wconf 73' lang='lat' dir='ltr'><strong>praetendisse</strong></span> <span class='ocrx_word' id='word_1_627' title='bbox 1497 5395 1632 5466; x_wconf 84' lang='lat' dir='ltr'><strong>legis</strong></span> <span class='ocrx_word' id='word_1_628' title='bbox 1669 5366 2005 5470; x_wconf 67' lang='lat' dir='ltr'><strong>exemplum,</strong></span> <span class='ocrx_word' id='word_1_629' title='bbox 2034 5404 2127 5474; x_wconf 92' lang='lat' dir='ltr'><strong>qui</strong></span> 
     </span>
    </p>
   </div>
   <div class='ocr_carea' id='block_1_86' title="bbox 665 5475 2230 5558">
    <p class='ocr_par' dir='ltr' id='par_1_86' title="bbox 665 5475 2230 5558">
     <span class='ocr_line' id='line_1_86' title="bbox 665 5475 2230 5558; baseline 0.021 -41"><span class='ocrx_word' id='word_1_630' title='bbox 665 5475 844 5525; x_wconf 86' lang='lat' dir='ltr'><strong>nurum</strong></span> <span class='ocrx_word' id='word_1_631' title='bbox 875 5489 999 5531; x_wconf 86' lang='lat' dir='ltr'><strong>cum</strong></span> <span class='ocrx_word' id='word_1_632' title='bbox 1028 5476 1155 5550; x_wconf 80' lang='lat' dir='ltr'><strong>licet</strong></span> <span class='ocrx_word' id='word_1_633' title='bbox 1183 5497 1410 5552; x_wconf 83' lang='lat' dir='ltr'><strong>regnum</strong></span> <span class='ocrx_word' id='word_1_634' title='bbox 1441 5485 1494 5539; x_wconf 92' lang='lat' dir='ltr'><strong>in</strong></span> <span class='ocrx_word' id='word_1_635' title='bbox 1523 5489 1868 5556; x_wconf 86' lang='lat' dir='ltr'><strong>tyrannidem</strong></span> <span class='ocrx_word' id='word_1_636' title='bbox 1891 5501 2150 5558; x_wconf 82' lang='lat' dir='ltr'><strong>verteret,</strong></span> <span class='ocrx_word' id='word_1_637' title='bbox 2174 5502 2230 5550; x_wconf 90' lang='lat' dir='ltr'><strong>et</strong></span> 
     </span>
    </p>
   </div>
   <div class='ocr_carea' id='block_1_87' title="bbox 665 5562 2231 5660">
    <p class='ocr_par' dir='ltr' id='par_1_87' title="bbox 665 5562 2231 5660">
     <span class='ocr_line' id='line_1_87' title="bbox 665 5562 2231 5660; baseline 0.017 -47"><span class='ocrx_word' id='word_1_638' title='bbox 665 5562 930 5660; x_wconf 60' lang='lat' dir='ltr'><strong>exquisitis</strong></span> <span class='ocrx_word' id='word_1_639' title='bbox 952 5567 1114 5660; x_wconf 67' lang='lat'><strong>575</strong></span> <span class='ocrx_word' id='word_1_640' title='bbox 1135 5588 1378 5645; x_wconf 89' lang='lat' dir='ltr'><strong>quosque</strong></span> <span class='ocrx_word' id='word_1_641' title='bbox 1393 5588 1653 5636; x_wconf 90' lang='lat' dir='ltr'><strong>nocentes</strong></span> <span class='ocrx_word' id='word_1_642' title='bbox 1679 5583 1954 5653; x_wconf 85' lang='lat' dir='ltr'><strong>suppliciis</strong></span> <span class='ocrx_word' id='word_1_643' title='bbox 1974 5587 2231 5641; x_wconf 72' lang='lat' dir='ltr'><strong>atrociter</strong></span> 
     </span>
    </p>
   </div>
   <div class='ocr_carea' id='block_1_88' title="bbox 668 5643 2226 5743">
    <p class='ocr_par' dir='ltr' id='par_1_88' title="bbox 668 5643 2226 5743">
     <span class='ocr_line' id='line_1_88' title="bbox 668 5643 2226 5743; baseline 0.024 -47"><span class='ocrx_word' id='word_1_644' title='bbox 668 5643 912 5722; x_wconf 87' lang='lat' dir='ltr'><strong>laniaret,</strong></span> <span class='ocrx_word' id='word_1_645' title='bbox 940 5658 1095 5716; x_wconf 86' lang='lat' dir='ltr'><strong>faber</strong></span> <span class='ocrx_word' id='word_1_646' title='bbox 1119 5643 1336 5733; x_wconf 81' lang='lat' dir='ltr'><strong>quidam</strong></span> <span class='ocrx_word' id='word_1_647' title='bbox 1367 5685 1568 5727; x_wconf 63' lang='lat' dir='ltr'><strong>(ereum</strong></span> <span class='ocrx_word' id='word_1_648' title='bbox 1613 5675 1714 5730; x_wconf 90' lang='lat' dir='ltr'><strong>sibi</strong></span> <span class='ocrx_word' id='word_1_649' title='bbox 1743 5643 1964 5732; x_wconf 70' lang='lat' dir='ltr'><strong>iaurttnt</strong></span> <span class='ocrx_word' id='word_1_650' title='bbox 1994 5675 2226 5743; x_wconf 86' lang='lat' dir='ltr'><strong>obtulit,</strong></span> 
     </span>
    </p>
   </div>
   <div class='ocr_carea' id='block_1_89' title="bbox 671 5747 2231 5849">
    <p class='ocr_par' dir='ltr' id='par_1_89' title="bbox 671 5747 2231 5849">
     <span class='ocr_line' id='line_1_89' title="bbox 671 5747 2231 5849; baseline 0.019 -51"><span class='ocrx_word' id='word_1_651' title='bbox 671 5747 818 5811; x_wconf 80' lang='lat' dir='ltr'><strong>atque</strong></span> <span class='ocrx_word' id='word_1_652' title='bbox 838 5757 897 5802; x_wconf 90' lang='lat' dir='ltr'><strong>ut</strong></span> <span class='ocrx_word' id='word_1_653' title='bbox 927 5749 982 5808; x_wconf 88' lang='lat' dir='ltr'><strong>in</strong></span> <span class='ocrx_word' id='word_1_654' title='bbox 1009 5768 1136 5812; x_wconf 87' lang='lat' dir='ltr'><strong>eum</strong></span> <span class='ocrx_word' id='word_1_655' title='bbox 1163 5755 1289 5829; x_wconf 90' lang='lat' dir='ltr'><strong>igne</strong></span> <span class='ocrx_word' id='word_1_656' title='bbox 1333 5765 1653 5849; x_wconf 85' lang='lat' dir='ltr'><strong>candentem</strong></span> <span class='ocrx_word' id='word_1_657' title='bbox 1685 5769 1991 5826; x_wconf 86' lang='lat' dir='ltr'><strong>damnatitii</strong></span> <span class='ocrx_word' id='word_1_658' title='bbox 2030 5769 2231 5841; x_wconf 87' lang='lat' dir='ltr'><strong>quique</strong></span> 
     </span>
    </p>
   </div>
   <div class='ocr_carea' id='block_1_90' title="bbox 2345 3305 3949 3375">
    <p class='ocr_par' dir='ltr' id='par_1_90' title="bbox 2345 3305 3949 3375">
     <span class='ocr_line' id='line_1_90' title="bbox 2345 3305 3949 3375; baseline 0.002 -17"><span class='ocrx_word' id='word_1_659' title='bbox 2345 3313 2400 3358; x_wconf 90' lang='lat' dir='ltr'><strong>et</strong></span> <span class='ocrx_word' id='word_1_660' title='bbox 2425 3307 2664 3373; x_wconf 88' lang='lat' dir='ltr'><strong>peractis</strong></span> <span class='ocrx_word' id='word_1_661' title='bbox 2694 3308 3061 3371; x_wconf 88' lang='lat' dir='ltr'><strong>orationibus,</strong></span> <span class='ocrx_word' id='word_1_662' title='bbox 3095 3321 3158 3360; x_wconf 93' lang='lat' dir='ltr'><strong>ac</strong></span> <span class='ocrx_word' id='word_1_663' title='bbox 3201 3307 3493 3361; x_wconf 88' lang='lat' dir='ltr'><strong>devotione</strong></span> <span class='ocrx_word' id='word_1_664' title='bbox 3523 3305 3822 3375; x_wconf 85' lang='lat' dir='ltr'><strong>completa,</strong></span> <span class='ocrx_word' id='word_1_665' title='bbox 3853 3321 3949 3362; x_wconf 62' lang='lat' dir='ltr'><strong>re»</strong></span> 
     </span>
    </p>
   </div>
   <div class='ocr_carea' id='block_1_91' title="bbox 2339 3396 3941 3468">
    <p class='ocr_par' dir='ltr' id='par_1_91' title="bbox 2339 3396 3941 3468">
     <span class='ocr_line' id='line_1_91' title="bbox 2339 3396 3941 3468; baseline 0.004 -21"><span class='ocrx_word' id='word_1_666' title='bbox 2339 3396 2457 3449; x_wconf 90' lang='lat' dir='ltr'><strong>dire</strong></span> <span class='ocrx_word' id='word_1_667' title='bbox 2483 3398 2648 3466; x_wconf 64' lang='lat' dir='ltr'><strong>coepit</strong></span> <span class='ocrx_word' id='word_1_668' title='bbox 2685 3399 2753 3452; x_wconf 91' lang='lat' dir='ltr'><strong>ad</strong></span> <span class='ocrx_word' id='word_1_669' title='bbox 2797 3399 3038 3468; x_wconf 91' lang='lat' dir='ltr'><strong>propria.</strong></span> <span class='ocrx_word' id='word_1_670' title='bbox 3072 3397 3317 3468; x_wconf 89' lang='lat' dir='ltr'><strong>Cumque</strong></span> <span class='ocrx_word' id='word_1_671' title='bbox 3369 3398 3608 3451; x_wconf 83' lang='lat' dir='ltr'><strong>venisset</strong></span> <span class='ocrx_word' id='word_1_672' title='bbox 3641 3398 3707 3451; x_wconf 92' lang='lat' dir='ltr'><strong>ad</strong></span> <span class='ocrx_word' id='word_1_673' title='bbox 3741 3413 3941 3468; x_wconf 80' lang='lat' dir='ltr'><strong>pagum</strong></span> 
     </span>
    </p>
   </div>
   <div class='ocr_carea' id='block_1_92' title="bbox 2338 3485 3940 3557">
    <p class='ocr_par' dir='ltr' id='par_1_92' title="bbox 2338 3485 3940 3557">
     <span class='ocr_line' id='line_1_92' title="bbox 2338 3485 3940 3557; baseline 0.004 -21"><span class='ocrx_word' id='word_1_674' title='bbox 2338 3487 2656 3554; x_wconf 87' lang='lat' dir='ltr'><strong>quemdam,</strong></span> <span class='ocrx_word' id='word_1_675' title='bbox 2699 3487 2751 3540; x_wconf 94' lang='lat' dir='ltr'><strong>in</strong></span> <span class='ocrx_word' id='word_1_676' title='bbox 2780 3503 2888 3556; x_wconf 89' lang='lat' dir='ltr'><strong>quo</strong></span> <span class='ocrx_word' id='word_1_677' title='bbox 2917 3488 3052 3542; x_wconf 88' lang='lat' dir='ltr'><strong>cella</strong></span> <span class='ocrx_word' id='word_1_678' title='bbox 3078 3487 3360 3557; x_wconf 87' lang='lat' dir='ltr'><strong>cujusdam</strong></span> <span class='ocrx_word' id='word_1_679' title='bbox 3390 3485 3742 3549; x_wconf 84' lang='lat' dir='ltr'><strong>monasterii,</strong></span> <span class='ocrx_word' id='word_1_680' title='bbox 3780 3486 3940 3555; x_wconf 85' lang='lat' dir='ltr'><strong>cujus</strong></span> 
     </span>
    </p>
   </div>
   <div class='ocr_carea' id='block_1_93' title="bbox 2338 3579 3945 3650">
    <p class='ocr_par' dir='ltr' id='par_1_93' title="bbox 2338 3579 3945 3650">
     <span class='ocr_line' id='line_1_93' title="bbox 2338 3579 3945 3650; baseline 0.001 -16"><span class='ocrx_word' id='word_1_681' title='bbox 2338 3596 2426 3634; x_wconf 89' lang='lat' dir='ltr'><strong>me</strong></span> <span class='ocrx_word' id='word_1_682' title='bbox 2453 3579 2776 3634; x_wconf 88' lang='lat' dir='ltr'><strong>vocabulum</strong></span> <span class='ocrx_word' id='word_1_683' title='bbox 2803 3579 2960 3650; x_wconf 80' lang='lat' dir='ltr'><strong>fugit,</strong></span> <span class='ocrx_word' id='word_1_684' title='bbox 2993 3597 3022 3634; x_wconf 92' lang='lat' dir='ltr'><strong>a</strong></span> <span class='ocrx_word' id='word_1_685' title='bbox 3054 3581 3325 3649; x_wconf 77' lang='lat' dir='ltr'><strong>religiosis</strong></span> <span class='ocrx_word' id='word_1_686' title='bbox 3365 3580 3631 3635; x_wconf 83' lang='lat' dir='ltr'><strong>fratribus</strong></span> <span class='ocrx_word' id='word_1_687' title='bbox 3662 3580 3945 3636; x_wconf 86' lang='lat' dir='ltr'><strong>incoleba-</strong></span> 
     </span>
    </p>
   </div>
   <div class='ocr_carea' id='block_1_94' title="bbox 2339 3669 3942 3740">
    <p class='ocr_par' dir='ltr' id='par_1_94' title="bbox 2339 3669 3942 3740">
     <span class='ocr_line' id='line_1_94' title="bbox 2339 3669 3942 3740; baseline 0.002 -18"><span class='ocrx_word' id='word_1_688' title='bbox 2339 3677 2446 3732; x_wconf 89' lang='lat' dir='ltr'><strong>tur,</strong></span> <span class='ocrx_word' id='word_1_689' title='bbox 2480 3669 2739 3739; x_wconf 80' lang='lat' dir='ltr'><strong>languore</strong></span> <span class='ocrx_word' id='word_1_690' title='bbox 2767 3680 3053 3740; x_wconf 87' lang='lat' dir='ltr'><strong>correptus</strong></span> <span class='ocrx_word' id='word_1_691' title='bbox 3077 3670 3306 3733; x_wconf 89' lang='lat' dir='ltr'><strong>cecidit,</strong></span> <span class='ocrx_word' id='word_1_692' title='bbox 3341 3671 3656 3739; x_wconf 81' lang='lat' dir='ltr'><strong>aegrotavit,</strong></span> <span class='ocrx_word' id='word_1_693' title='bbox 3683 3680 3737 3724; x_wconf 85' lang='lat' dir='ltr'><strong>et</strong></span> <span class='ocrx_word' id='word_1_694' title='bbox 3762 3670 3902 3725; x_wconf 88' lang='lat' dir='ltr'><strong>obiit</strong></span> <span class='ocrx_word' id='word_1_695' title='bbox 3926 3688 3942 3725; x_wconf 93' lang='lat'><strong>:</strong></span> 
     </span>
    </p>
   </div>
   <div class='ocr_carea' id='block_1_95' title="bbox 2339 3757 3939 3827">
    <p class='ocr_par' dir='ltr' id='par_1_95' title="bbox 2339 3757 3939 3827">
     <span class='ocr_line' id='line_1_95' title="bbox 2339 3757 3939 3827; baseline 0.001 -13"><span class='ocrx_word' id='word_1_696' title='bbox 2339 3760 2536 3814; x_wconf 91' lang='lat' dir='ltr'><strong>dehinc</strong></span> <span class='ocrx_word' id='word_1_697' title='bbox 2566 3773 2690 3814; x_wconf 90' lang='lat' dir='ltr'><strong>eum</strong></span> <span class='ocrx_word' id='word_1_698' title='bbox 2713 3757 2825 3827; x_wconf 90' lang='lat' dir='ltr'><strong>jam</strong></span> <span class='ocrx_word' id='word_1_699' title='bbox 2855 3759 3059 3824; x_wconf 90' lang='lat' dir='ltr'><strong>lotum,</strong></span> <span class='ocrx_word' id='word_1_700' title='bbox 3093 3769 3257 3827; x_wconf 91' lang='lat' dir='ltr'><strong>atque</strong></span> <span class='ocrx_word' id='word_1_701' title='bbox 3282 3774 3350 3813; x_wconf 83' lang='lat' dir='ltr'><strong>ex</strong></span> <span class='ocrx_word' id='word_1_702' title='bbox 3380 3774 3531 3812; x_wconf 91' lang='lat' dir='ltr'><strong>more</strong></span> <span class='ocrx_word' id='word_1_703' title='bbox 3558 3759 3740 3814; x_wconf 88' lang='lat' dir='ltr'><strong>linteis</strong></span> <span class='ocrx_word' id='word_1_704' title='bbox 3768 3758 3939 3815; x_wconf 87' lang='lat' dir='ltr'><strong>obvo-</strong></span> 
     </span>
    </p>
   </div>
   <div class='ocr_carea' id='block_1_96' title="bbox 2339 3850 3934 3921">
    <p class='ocr_par' dir='ltr' id='par_1_96' title="bbox 2339 3850 3934 3921">
     <span class='ocr_line' id='line_1_96' title="bbox 2339 3850 3934 3921; baseline 0.003 -19"><span class='ocrx_word' id='word_1_705' title='bbox 2339 3850 2509 3904; x_wconf 90' lang='lat' dir='ltr'><strong>lutum</strong></span> <span class='ocrx_word' id='word_1_706' title='bbox 2554 3851 2610 3906; x_wconf 91' lang='lat' dir='ltr'><strong>in</strong></span> <span class='ocrx_word' id='word_1_707' title='bbox 2649 3852 2829 3906; x_wconf 91' lang='lat' dir='ltr'><strong>medio</strong></span> <span class='ocrx_word' id='word_1_708' title='bbox 2869 3851 3078 3920; x_wconf 90' lang='lat' dir='ltr'><strong>jaceret</strong></span> <span class='ocrx_word' id='word_1_709' title='bbox 3113 3852 3348 3906; x_wconf 86' lang='lat' dir='ltr'><strong>cadaver</strong></span> <span class='ocrx_word' id='word_1_710' title='bbox 3392 3852 3682 3918; x_wconf 85' lang='lat' dir='ltr'><strong>exanime,</strong></span> <span class='ocrx_word' id='word_1_711' title='bbox 3731 3868 3796 3906; x_wconf 90' lang='lat' dir='ltr'><strong>ac</strong></span> <span class='ocrx_word' id='word_1_712' title='bbox 3841 3852 3934 3921; x_wconf 86' lang='lat' dir='ltr'><strong>pia</strong></span> 
     </span>
    </p>
   </div>
   <div class='ocr_carea' id='block_1_97' title="bbox 2341 3943 3938 4014">
    <p class='ocr_par' dir='ltr' id='par_1_97' title="bbox 2341 3943 3938 4014">
     <span class='ocr_line' id='line_1_97' title="bbox 2341 3943 3938 4014; baseline 0.001 -17"><span class='ocrx_word' id='word_1_713' title='bbox 2341 3944 2581 3998; x_wconf 81' lang='lat' dir='ltr'><strong>ﬁdelium</strong></span> <span class='ocrx_word' id='word_1_714' title='bbox 2632 3945 2780 3999; x_wconf 89' lang='lat' dir='ltr'><strong>circa</strong></span> <span class='ocrx_word' id='word_1_715' title='bbox 2830 3943 3092 4000; x_wconf 86' lang='lat' dir='ltr'><strong>feretrum</strong></span> <span class='ocrx_word' id='word_1_716' title='bbox 3145 3945 3393 3999; x_wconf 91' lang='lat' dir='ltr'><strong>custodia</strong></span> <span class='ocrx_word' id='word_1_717' title='bbox 3425 3953 3804 4014; x_wconf 89' lang='lat' dir='ltr'><strong>pernoctaret,</strong></span> <span class='ocrx_word' id='word_1_718' title='bbox 3853 3945 3938 3998; x_wconf 90' lang='lat' dir='ltr'><strong>in-</strong></span> 
     </span>
    </p>
   </div>
   <div class='ocr_carea' id='block_1_98' title="bbox 2340 4033 3936 4104">
    <p class='ocr_par' dir='ltr' id='par_1_98' title="bbox 2340 4033 3936 4104">
     <span class='ocr_line' id='line_1_98' title="bbox 2340 4033 3936 4104; baseline 0 -16"><span class='ocrx_word' id='word_1_719' title='bbox 2340 4044 2608 4104; x_wconf 89' lang='lat' dir='ltr'><strong>tempesto</strong></span> <span class='ocrx_word' id='word_1_720' title='bbox 2629 4035 2743 4103; x_wconf 90' lang='lat' dir='ltr'><strong>jam</strong></span> <span class='ocrx_word' id='word_1_721' title='bbox 2777 4033 2890 4088; x_wconf 90' lang='lat' dir='ltr'><strong>fere</strong></span> <span class='ocrx_word' id='word_1_722' title='bbox 2921 4035 3095 4089; x_wconf 85' lang='lat' dir='ltr'><strong>noctis</strong></span> <span class='ocrx_word' id='word_1_723' title='bbox 3121 4049 3377 4098; x_wconf 89' lang='lat' dir='ltr'><strong>emenso,</strong></span> <span class='ocrx_word' id='word_1_724' title='bbox 3404 4049 3472 4087; x_wconf 89' lang='lat' dir='ltr'><strong>ac</strong></span> <span class='ocrx_word' id='word_1_725' title='bbox 3499 4033 3774 4104; x_wconf 87' lang='lat' dir='ltr'><strong>gallicinio</strong></span> <span class='ocrx_word' id='word_1_726' title='bbox 3803 4048 3936 4103; x_wconf 83' lang='lat' dir='ltr'><strong>pro-</strong></span> 
     </span>
    </p>
   </div>
   <div class='ocr_carea' id='block_1_99' title="bbox 2340 4117 3938 4195">
    <p class='ocr_par' dir='ltr' id='par_1_99' title="bbox 2340 4117 3938 4195">
     <span class='ocr_line' id='line_1_99' title="bbox 2340 4117 3938 4195; baseline -0.002 -16"><span class='ocrx_word' id='word_1_727' title='bbox 2340 4125 2672 4195; x_wconf 91' lang='lat' dir='ltr'><strong>pinquante,</strong></span> <span class='ocrx_word' id='word_1_728' title='bbox 2710 4125 2801 4194; x_wconf 92' lang='lat' dir='ltr'><strong>qui</strong></span> <span class='ocrx_word' id='word_1_729' title='bbox 2835 4133 3084 4180; x_wconf 89' lang='lat' dir='ltr'><strong>mortuus</strong></span> <span class='ocrx_word' id='word_1_730' title='bbox 3120 4123 3364 4192; x_wconf 87' lang='lat' dir='ltr'><strong>jacebat,</strong></span> <span class='ocrx_word' id='word_1_731' title='bbox 3408 4133 3630 4192; x_wconf 85' lang='lat' dir='ltr'><strong>repente</strong></span> <span class='ocrx_word' id='word_1_732' title='bbox 3662 4117 3938 4194; x_wconf 85' lang='lat' dir='ltr'><strong>prosilivit</strong></span> 
     </span>
    </p>
   </div>
   <div class='ocr_carea' id='block_1_100' title="bbox 2340 4215 3942 4287">
    <p class='ocr_par' dir='ltr' id='par_1_100' title="bbox 2340 4215 3942 4287">
     <span class='ocr_line' id='line_1_100' title="bbox 2340 4215 3942 4287; baseline -0.001 -15"><span class='ocrx_word' id='word_1_733' title='bbox 2340 4227 2396 4272; x_wconf 91' lang='lat' dir='ltr'><strong>et</strong></span> <span class='ocrx_word' id='word_1_734' title='bbox 2443 4218 2523 4273; x_wconf 90' lang='lat' dir='ltr'><strong>sic</strong></span> <span class='ocrx_word' id='word_1_735' title='bbox 2573 4233 2764 4273; x_wconf 89' lang='lat' dir='ltr'><strong>omnes</strong></span> <span class='ocrx_word' id='word_1_736' title='bbox 2815 4218 3050 4287; x_wconf 89' lang='lat' dir='ltr'><strong>undique</strong></span> <span class='ocrx_word' id='word_1_737' title='bbox 3099 4217 3518 4272; x_wconf 75' lang='lat' dir='ltr'><strong>circumsmntes</strong></span> <span class='ocrx_word' id='word_1_738' title='bbox 3563 4215 3942 4270; x_wconf 90' lang='lat' dir='ltr'><strong>admirationis</strong></span> 
     </span>
    </p>
   </div>
   <div class='ocr_carea' id='block_1_101' title="bbox 2337 4298 3942 4381">
    <p class='ocr_par' dir='ltr' id='par_1_101' title="bbox 2337 4298 3942 4381">
     <span class='ocr_line' id='line_1_101' title="bbox 2337 4298 3942 4381; baseline -0.001 -16"><span class='ocrx_word' id='word_1_739' title='bbox 2337 4298 2550 4381; x_wconf 76' lang='lat' dir='ltr'><strong>stupor,</strong></span> <span class='ocrx_word' id='word_1_740' title='bbox 2601 4319 2657 4365; x_wconf 85' lang='lat' dir='ltr'><strong>et</strong></span> <span class='ocrx_word' id='word_1_741' title='bbox 2701 4310 3063 4365; x_wconf 89' lang='lat' dir='ltr'><strong>intolerabilis</strong></span> <span class='ocrx_word' id='word_1_742' title='bbox 3113 4310 3312 4364; x_wconf 89' lang='lat' dir='ltr'><strong>horror</strong></span> <span class='ocrx_word' id='word_1_743' title='bbox 3380 4308 3601 4362; x_wconf 88' lang='lat' dir='ltr'><strong>invasit.</strong></span> <span class='ocrx_word' id='word_1_744' title='bbox 3649 4306 3802 4363; x_wconf 88' lang='lat' dir='ltr'><strong>Tunc</strong></span> <span class='ocrx_word' id='word_1_745' title='bbox 3847 4305 3942 4363; x_wconf 86' lang='lat' dir='ltr'><strong>ille</strong></span> 
     </span>
    </p>
   </div>
   <div class='ocr_carea' id='block_1_102' title="bbox 2338 4399 3930 4472">
    <p class='ocr_par' dir='ltr' id='par_1_102' title="bbox 2338 4399 3930 4472">
     <span class='ocr_line' id='line_1_102' title="bbox 2338 4399 3930 4472; baseline -0.001 -17"><span class='ocrx_word' id='word_1_746' title='bbox 2338 4401 2520 4472; x_wconf 86' lang='lat' dir='ltr'><strong>magni</strong></span> <span class='ocrx_word' id='word_1_747' title='bbox 2545 4401 2805 4456; x_wconf 90' lang='lat' dir='ltr'><strong>clamoris</strong></span> <span class='ocrx_word' id='word_1_748' title='bbox 2825 4401 3296 4456; x_wconf 88' lang='lat' dir='ltr'><strong>animadversione</strong></span> <span class='ocrx_word' id='word_1_749' title='bbox 3315 4399 3644 4462; x_wconf 82' lang='lat' dir='ltr'><strong>vociferans,</strong></span> <span class='ocrx_word' id='word_1_750' title='bbox 3660 4408 3930 4465; x_wconf 90' lang='lat' dir='ltr'><strong>tremens;</strong></span> 
     </span>
    </p>
   </div>
   <div class='ocr_carea' id='block_1_103' title="bbox 2339 4491 3934 4562">
    <p class='ocr_par' dir='ltr' id='par_1_103' title="bbox 2339 4491 3934 4562">
     <span class='ocr_line' id='line_1_103' title="bbox 2339 4491 3934 4562; baseline -0.001 -15"><span class='ocrx_word' id='word_1_751' title='bbox 2339 4500 2394 4548; x_wconf 91' lang='lat' dir='ltr'><strong>et</strong></span> <span class='ocrx_word' id='word_1_752' title='bbox 2435 4493 2776 4548; x_wconf 88' lang='lat' dir='ltr'><strong>horribiliter</strong></span> <span class='ocrx_word' id='word_1_753' title='bbox 2820 4507 3184 4562; x_wconf 87' lang='lat' dir='ltr'><strong>expavescens</strong></span> <span class='ocrx_word' id='word_1_754' title='bbox 3233 4505 3426 4559; x_wconf 90' lang='lat' dir='ltr'><strong>rogare</strong></span> <span class='ocrx_word' id='word_1_755' title='bbox 3456 4491 3623 4559; x_wconf 60' lang='lat' dir='ltr'><strong>coepit</strong></span> <span class='ocrx_word' id='word_1_756' title='bbox 3651 4497 3934 4554; x_wconf 88' lang='lat' dir='ltr'><strong>astantes,</strong></span> 
     </span>
    </p>
   </div>
   <div class='ocr_carea' id='block_1_104' title="bbox 2339 4581 3934 4654">
    <p class='ocr_par' dir='ltr' id='par_1_104' title="bbox 2339 4581 3934 4654">
     <span class='ocr_line' id='line_1_104' title="bbox 2339 4581 3934 4654; baseline -0.001 -17"><span class='ocrx_word' id='word_1_757' title='bbox 2339 4592 2398 4638; x_wconf 89' lang='lat' dir='ltr'><strong>ut</strong></span> <span class='ocrx_word' id='word_1_758' title='bbox 2425 4583 2770 4653; x_wconf 75' lang='lat' dir='ltr'><strong>psalmodize,</strong></span> <span class='ocrx_word' id='word_1_759' title='bbox 2840 4584 3052 4654; x_wconf 90' lang='lat' dir='ltr'><strong>piisque</strong></span> <span class='ocrx_word' id='word_1_760' title='bbox 3096 4583 3236 4636; x_wconf 88' lang='lat' dir='ltr'><strong>votis</strong></span> <span class='ocrx_word' id='word_1_761' title='bbox 3282 4581 3527 4636; x_wconf 88' lang='lat' dir='ltr'><strong>valenter</strong></span> <span class='ocrx_word' id='word_1_762' title='bbox 3583 4581 3934 4647; x_wconf 85' lang='lat' dir='ltr'><strong>insisterent,</strong></span> 
     </span>
    </p>
   </div>
   <div class='ocr_carea' id='block_1_105' title="bbox 2341 4671 3933 4744">
    <p class='ocr_par' dir='ltr' id='par_1_105' title="bbox 2341 4671 3933 4744">
     <span class='ocr_line' id='line_1_105' title="bbox 2341 4671 3933 4744; baseline -0.001 -16"><span class='ocrx_word' id='word_1_763' title='bbox 2341 4685 2609 4744; x_wconf 81' lang='lat' dir='ltr'><strong>quatenus</strong></span> <span class='ocrx_word' id='word_1_764' title='bbox 2639 4683 2813 4730; x_wconf 90' lang='lat' dir='ltr'><strong>tetros</strong></span> <span class='ocrx_word' id='word_1_765' title='bbox 2841 4673 3097 4743; x_wconf 85' lang='lat' dir='ltr'><strong>nequitiae</strong></span> <span class='ocrx_word' id='word_1_766' title='bbox 3130 4672 3354 4742; x_wconf 87' lang='lat' dir='ltr'><strong>spiritus</strong></span> <span class='ocrx_word' id='word_1_767' title='bbox 3375 4713 3389 4738; x_wconf 96' lang='lat'><strong>,</strong></span> <span class='ocrx_word' id='word_1_768' title='bbox 3424 4671 3517 4741; x_wconf 91' lang='lat' dir='ltr'><strong>qui</strong></span> <span class='ocrx_word' id='word_1_769' title='bbox 3544 4686 3641 4741; x_wconf 89' lang='lat' dir='ltr'><strong>per</strong></span> <span class='ocrx_word' id='word_1_770' title='bbox 3669 4671 3933 4742; x_wconf 86' lang='lat' dir='ltr'><strong>angulos,</strong></span> 
     </span>
    </p>
   </div>
   <div class='ocr_carea' id='block_1_106' title="bbox 2340 4764 3937 4837">
    <p class='ocr_par' dir='ltr' id='par_1_106' title="bbox 2340 4764 3937 4837">
     <span class='ocr_line' id='line_1_106' title="bbox 2340 4764 3937 4837; baseline -0.001 -17"><span class='ocrx_word' id='word_1_771' title='bbox 2340 4781 2405 4820; x_wconf 88' lang='lat' dir='ltr'><strong>ac</strong></span> <span class='ocrx_word' id='word_1_772' title='bbox 2439 4768 2679 4836; x_wconf 89' lang='lat' dir='ltr'><strong>parietes</strong></span> <span class='ocrx_word' id='word_1_773' title='bbox 2706 4767 2898 4822; x_wconf 91' lang='lat' dir='ltr'><strong>domus</strong></span> <span class='ocrx_word' id='word_1_774' title='bbox 2933 4765 3172 4837; x_wconf 90' lang='lat' dir='ltr'><strong>undique</strong></span> <span class='ocrx_word' id='word_1_775' title='bbox 3198 4764 3540 4830; x_wconf 88' lang='lat' dir='ltr'><strong>videbantur,</strong></span> <span class='ocrx_word' id='word_1_776' title='bbox 3576 4764 3780 4819; x_wconf 88' lang='lat' dir='ltr'><strong>sanctis</strong></span> <span class='ocrx_word' id='word_1_777' title='bbox 3806 4779 3937 4819; x_wconf 89' lang='lat' dir='ltr'><strong>ora-</strong></span> 
     </span>
    </p>
   </div>
   <div class='ocr_carea' id='block_1_107' title="bbox 2341 4856 3935 4930">
    <p class='ocr_par' dir='ltr' id='par_1_107' title="bbox 2341 4856 3935 4930">
     <span class='ocr_line' id='line_1_107' title="bbox 2341 4856 3935 4930; baseline 0.001 -18"><span class='ocrx_word' id='word_1_778' title='bbox 2341 4859 2586 4914; x_wconf 84' lang='lat' dir='ltr'><strong>tionibus</strong></span> <span class='ocrx_word' id='word_1_779' title='bbox 2615 4857 2936 4930; x_wconf 80' lang='lat' dir='ltr'><strong>eifugarent.</strong></span> <span class='ocrx_word' id='word_1_780' title='bbox 2980 4857 3225 4928; x_wconf 88' lang='lat' dir='ltr'><strong>Cumque</strong></span> <span class='ocrx_word' id='word_1_781' title='bbox 3273 4856 3407 4912; x_wconf 87' lang='lat' dir='ltr'><strong>fusis</strong></span> <span class='ocrx_word' id='word_1_782' title='bbox 3441 4857 3508 4911; x_wconf 90' lang='lat' dir='ltr'><strong>ad</strong></span> <span class='ocrx_word' id='word_1_783' title='bbox 3554 4856 3722 4912; x_wconf 89' lang='lat' dir='ltr'><strong>Deum</strong></span> <span class='ocrx_word' id='word_1_784' title='bbox 3757 4858 3935 4927; x_wconf 83' lang='lat' dir='ltr'><strong>preci-</strong></span> 
     </span>
    </p>
   </div>
   <div class='ocr_carea' id='block_1_108' title="bbox 2339 4948 3940 5024">
    <p class='ocr_par' dir='ltr' id='par_1_108' title="bbox 2339 4948 3940 5024">
     <span class='ocr_line' id='line_1_108' title="bbox 2339 4948 3940 5024; baseline -0.001 -20"><span class='ocrx_word' id='word_1_785' title='bbox 2339 4950 2462 5015; x_wconf 89' lang='lat' dir='ltr'><strong>bus,</strong></span> <span class='ocrx_word' id='word_1_786' title='bbox 2494 4964 2646 5004; x_wconf 91' lang='lat' dir='ltr'><strong>more</strong></span> <span class='ocrx_word' id='word_1_787' title='bbox 2674 4948 2830 5015; x_wconf 88' lang='lat' dir='ltr'><strong>fumi,</strong></span> <span class='ocrx_word' id='word_1_788' title='bbox 2855 4957 3018 5004; x_wconf 92' lang='lat' dir='ltr'><strong>vento</strong></span> <span class='ocrx_word' id='word_1_789' title='bbox 3043 4948 3254 5020; x_wconf 84' lang='lat' dir='ltr'><strong>perﬂati</strong></span> <span class='ocrx_word' id='word_1_790' title='bbox 3287 4948 3563 5003; x_wconf 73' lang='lat' dir='ltr'><strong>dzcmones</strong></span> <span class='ocrx_word' id='word_1_791' title='bbox 3591 4949 3940 5024; x_wconf 71' lang='lat' dir='ltr'><strong>evanuisset;</strong></span> 
     </span>
    </p>
   </div>
   <div class='ocr_carea' id='block_1_109' title="bbox 2343 5038 3940 5109">
    <p class='ocr_par' dir='ltr' id='par_1_109' title="bbox 2343 5038 3940 5109">
     <span class='ocr_line' id='line_1_109' title="bbox 2343 5038 3940 5109; baseline 0 -16"><span class='ocrx_word' id='word_1_792' title='bbox 2343 5039 2434 5093; x_wconf 91' lang='lat' dir='ltr'><strong>ille</strong></span> <span class='ocrx_word' id='word_1_793' title='bbox 2455 5079 2470 5103; x_wconf 92' lang='lat'><strong>,</strong></span> <span class='ocrx_word' id='word_1_794' title='bbox 2503 5048 2716 5094; x_wconf 90' lang='lat' dir='ltr'><strong>terrore</strong></span> <span class='ocrx_word' id='word_1_795' title='bbox 2742 5038 3016 5109; x_wconf 88' lang='lat' dir='ltr'><strong>deposito,</strong></span> <span class='ocrx_word' id='word_1_796' title='bbox 3048 5048 3104 5094; x_wconf 89' lang='lat' dir='ltr'><strong>et</strong></span> <span class='ocrx_word' id='word_1_797' title='bbox 3130 5039 3442 5094; x_wconf 90' lang='lat' dir='ltr'><strong>securitatis</strong></span> <span class='ocrx_word' id='word_1_798' title='bbox 3471 5038 3744 5094; x_wconf 91' lang='lat' dir='ltr'><strong>animatus</strong></span> <span class='ocrx_word' id='word_1_799' title='bbox 3769 5039 3940 5094; x_wconf 82' lang='lat' dir='ltr'><strong>aud&#39;a-</strong></span> 
     </span>
    </p>
   </div>
   <div class='ocr_carea' id='block_1_110' title="bbox 2339 5129 3928 5200">
    <p class='ocr_par' dir='ltr' id='par_1_110' title="bbox 2339 5129 3928 5200">
     <span class='ocr_line' id='line_1_110' title="bbox 2339 5129 3928 5200; baseline -0.002 -14"><span class='ocrx_word' id='word_1_800' title='bbox 2339 5131 2455 5195; x_wconf 92' lang='lat' dir='ltr'><strong>cia,</strong></span> <span class='ocrx_word' id='word_1_801' title='bbox 2503 5131 2648 5200; x_wconf 88' lang='lat' dir='ltr'><strong>quod</strong></span> <span class='ocrx_word' id='word_1_802' title='bbox 2690 5131 2792 5186; x_wconf 92' lang='lat' dir='ltr'><strong>sibi</strong></span> <span class='ocrx_word' id='word_1_803' title='bbox 2823 5131 2878 5184; x_wconf 93' lang='lat' dir='ltr'><strong>in</strong></span> <span class='ocrx_word' id='word_1_804' title='bbox 2922 5130 3135 5186; x_wconf 92' lang='lat' dir='ltr'><strong>occulto</strong></span> <span class='ocrx_word' id='word_1_805' title='bbox 3178 5131 3434 5199; x_wconf 85' lang='lat' dir='ltr'><strong>contigit,</strong></span> <span class='ocrx_word' id='word_1_806' title='bbox 3482 5129 3698 5200; x_wconf 91' lang='lat' dir='ltr'><strong>publice</strong></span> <span class='ocrx_word' id='word_1_807' title='bbox 3737 5144 3928 5185; x_wconf 90' lang='lat' dir='ltr'><strong>coram</strong></span> 
     </span>
    </p>
   </div>
   <div class='ocr_carea' id='block_1_111' title="bbox 2339 5221 3930 5295">
    <p class='ocr_par' dir='ltr' id='par_1_111' title="bbox 2339 5221 3930 5295">
     <span class='ocr_line' id='line_1_111' title="bbox 2339 5221 3930 5295; baseline -0.004 -14"><span class='ocrx_word' id='word_1_808' title='bbox 2339 5225 2592 5281; x_wconf 91' lang='lat' dir='ltr'><strong>omnibus</strong></span> <span class='ocrx_word' id='word_1_809' title='bbox 2619 5224 2916 5279; x_wconf 89' lang='lat' dir='ltr'><strong>enarravit.</strong></span> <span class='ocrx_word' id='word_1_810' title='bbox 2952 5224 3285 5295; x_wconf 88' lang='lat' dir='ltr'><strong>Egredienti,</strong></span> <span class='ocrx_word' id='word_1_811' title='bbox 3318 5223 3517 5293; x_wconf 89' lang='lat' dir='ltr'><strong>inquit,</strong></span> <span class='ocrx_word' id='word_1_812' title='bbox 3552 5222 3683 5277; x_wconf 89' lang='lat' dir='ltr'><strong>mihi</strong></span> <span class='ocrx_word' id='word_1_813' title='bbox 3711 5221 3778 5276; x_wconf 77' lang='lat' dir='ltr'><strong>de</strong></span> <span class='ocrx_word' id='word_1_814' title='bbox 3801 5237 3930 5276; x_wconf 88' lang='lat' dir='ltr'><strong>cor-</strong></span> 
     </span>
    </p>
   </div>
   <div class='ocr_carea' id='block_1_112' title="bbox 2339 5313 3942 5386">
    <p class='ocr_par' dir='ltr' id='par_1_112' title="bbox 2339 5313 3942 5386">
     <span class='ocr_line' id='line_1_112' title="bbox 2339 5313 3942 5386; baseline -0.001 -16"><span class='ocrx_word' id='word_1_815' title='bbox 2339 5330 2470 5386; x_wconf 90' lang='lat' dir='ltr'><strong>pore</strong></span> <span class='ocrx_word' id='word_1_816' title='bbox 2495 5313 2602 5370; x_wconf 93' lang='lat' dir='ltr'><strong>duo</strong></span> <span class='ocrx_word' id='word_1_817' title='bbox 2626 5315 2875 5385; x_wconf 91' lang='lat' dir='ltr'><strong>protinus</strong></span> <span class='ocrx_word' id='word_1_818' title='bbox 2903 5314 3078 5386; x_wconf 87' lang='lat' dir='ltr'><strong>angeli</strong></span> <span class='ocrx_word' id='word_1_819' title='bbox 3124 5313 3416 5385; x_wconf 72' lang='lat' dir='ltr'><strong>splendidae</strong></span> <span class='ocrx_word' id='word_1_820' title='bbox 3443 5313 3709 5368; x_wconf 88' lang='lat' dir='ltr'><strong>claritatis</strong></span> <span class='ocrx_word' id='word_1_821' title='bbox 3738 5327 3942 5369; x_wconf 89' lang='lat' dir='ltr'><strong>occur-</strong></span> 
     </span>
    </p>
   </div>
   <div class='ocr_carea' id='block_1_113' title="bbox 2340 5407 3933 5478">
    <p class='ocr_par' dir='ltr' id='par_1_113' title="bbox 2340 5407 3933 5478">
     <span class='ocr_line' id='line_1_113' title="bbox 2340 5407 3933 5478; baseline 0 -17"><span class='ocrx_word' id='word_1_822' title='bbox 2340 5415 2499 5473; x_wconf 84' lang='lat' dir='ltr'><strong>runt,</strong></span> <span class='ocrx_word' id='word_1_823' title='bbox 2529 5407 2623 5477; x_wconf 89' lang='lat' dir='ltr'><strong>qui</strong></span> <span class='ocrx_word' id='word_1_824' title='bbox 2650 5421 2737 5461; x_wconf 91' lang='lat' dir='ltr'><strong>me</strong></span> <span class='ocrx_word' id='word_1_825' title='bbox 2765 5422 2950 5463; x_wconf 89' lang='lat' dir='ltr'><strong>secum</strong></span> <span class='ocrx_word' id='word_1_826' title='bbox 2981 5408 3178 5464; x_wconf 88' lang='lat' dir='ltr'><strong>ducere</strong></span> <span class='ocrx_word' id='word_1_827' title='bbox 3201 5408 3258 5462; x_wconf 90' lang='lat' dir='ltr'><strong>in</strong></span> <span class='ocrx_word' id='word_1_828' title='bbox 3288 5407 3568 5477; x_wconf 89' lang='lat' dir='ltr'><strong>superiora</strong></span> <span class='ocrx_word' id='word_1_829' title='bbox 3604 5415 3892 5478; x_wconf 77' lang='lat' dir='ltr'><strong>eteperunt</strong></span> <span class='ocrx_word' id='word_1_830' title='bbox 3911 5424 3933 5469; x_wconf 87' lang='lat'><strong>:</strong></span> 
     </span>
    </p>
   </div>
   <div class='ocr_carea' id='block_1_114' title="bbox 2340 5496 3933 5568">
    <p class='ocr_par' dir='ltr' id='par_1_114' title="bbox 2340 5496 3933 5568">
     <span class='ocr_line' id='line_1_114' title="bbox 2340 5496 3933 5568; baseline -0.003 -14"><span class='ocrx_word' id='word_1_831' title='bbox 2340 5499 2434 5554; x_wconf 91' lang='lat' dir='ltr'><strong>sed</strong></span> <span class='ocrx_word' id='word_1_832' title='bbox 2459 5511 2587 5553; x_wconf 89' lang='lat' dir='ltr'><strong>ecce</strong></span> <span class='ocrx_word' id='word_1_833' title='bbox 2615 5513 2704 5554; x_wconf 87' lang='lat' dir='ltr'><strong>me</strong></span> <span class='ocrx_word' id='word_1_834' title='bbox 2731 5499 3010 5568; x_wconf 85' lang='lat' dir='ltr'><strong>nigrantes</strong></span> <span class='ocrx_word' id='word_1_835' title='bbox 3037 5499 3342 5553; x_wconf 72' lang='lat' dir='ltr'><strong>daemonum</strong></span> <span class='ocrx_word' id='word_1_836' title='bbox 3379 5496 3545 5568; x_wconf 79' lang='lat'><strong>5&#39;76</strong></span> <span class='ocrx_word' id='word_1_837' title='bbox 3575 5506 3766 5552; x_wconf 70' lang='lat' dir='ltr'><strong>turmte</strong></span> <span class='ocrx_word' id='word_1_838' title='bbox 3785 5537 3800 5562; x_wconf 91' lang='lat'><strong>,</strong></span> <span class='ocrx_word' id='word_1_839' title='bbox 3835 5511 3933 5550; x_wconf 87' lang='lat' dir='ltr'><strong>ve-</strong></span> 
     </span>
    </p>
   </div>
   <div class='ocr_carea' id='block_1_115' title="bbox 2338 5589 3932 5660">
    <p class='ocr_par' dir='ltr' id='par_1_115' title="bbox 2338 5589 3932 5660">
     <span class='ocr_line' id='line_1_115' title="bbox 2338 5589 3932 5660; baseline 0.002 -18"><span class='ocrx_word' id='word_1_840' title='bbox 2338 5589 2419 5643; x_wconf 90' lang='lat' dir='ltr'><strong>lut</strong></span> <span class='ocrx_word' id='word_1_841' title='bbox 2462 5590 2758 5660; x_wconf 83' lang='lat' dir='ltr'><strong>phalanges</strong></span> <span class='ocrx_word' id='word_1_842' title='bbox 2796 5589 3114 5660; x_wconf 64' lang='lat' dir='ltr'><strong>Ethiopum</strong></span> <span class='ocrx_word' id='word_1_843' title='bbox 3147 5590 3386 5658; x_wconf 90' lang='lat' dir='ltr'><strong>undique</strong></span> <span class='ocrx_word' id='word_1_844' title='bbox 3443 5589 3932 5656; x_wconf 85' lang='lat' dir='ltr'><strong>circumfundunt;</strong></span> 
     </span>
    </p>
   </div>
   <div class='ocr_carea' id='block_1_116' title="bbox 2338 5682 3929 5751">
    <p class='ocr_par' dir='ltr' id='par_1_116' title="bbox 2338 5682 3929 5751">
     <span class='ocr_line' id='line_1_116' title="bbox 2338 5682 3929 5751; baseline 0.001 -16"><span class='ocrx_word' id='word_1_845' title='bbox 2338 5697 2424 5735; x_wconf 88' lang='lat' dir='ltr'><strong>me</strong></span> <span class='ocrx_word' id='word_1_846' title='bbox 2453 5690 2708 5751; x_wconf 84' lang='lat' dir='ltr'><strong>tanquam</strong></span> <span class='ocrx_word' id='word_1_847' title='bbox 2739 5687 2821 5738; x_wconf 88' lang='lat' dir='ltr'><strong>sui</strong></span> <span class='ocrx_word' id='word_1_848' title='bbox 2841 5682 2982 5750; x_wconf 86' lang='lat' dir='ltr'><strong>juris</strong></span> <span class='ocrx_word' id='word_1_849' title='bbox 3009 5683 3280 5738; x_wconf 84' lang='lat' dir='ltr'><strong>hominem</strong></span> <span class='ocrx_word' id='word_1_850' title='bbox 3307 5684 3417 5737; x_wconf 87' lang='lat' dir='ltr'><strong>acri</strong></span> <span class='ocrx_word' id='word_1_851' title='bbox 3449 5683 3609 5738; x_wconf 89' lang='lat' dir='ltr'><strong>nimis</strong></span> <span class='ocrx_word' id='word_1_852' title='bbox 3638 5691 3692 5737; x_wconf 87' lang='lat' dir='ltr'><strong>ct</strong></span> <span class='ocrx_word' id='word_1_853' title='bbox 3722 5682 3929 5751; x_wconf 82' lang='lat' dir='ltr'><strong>impor-</strong></span> 
     </span>
    </p>
   </div>
   <div class='ocr_carea' id='block_1_117' title="bbox 2338 5773 3934 5855">
    <p class='ocr_par' dir='ltr' id='par_1_117' title="bbox 2338 5773 3934 5855">
     <span class='ocr_line' id='line_1_117' title="bbox 2338 5773 3934 5855; baseline 0.001 -28"><span class='ocrx_word' id='word_1_854' title='bbox 2338 5779 2472 5828; x_wconf 89' lang='lat' dir='ltr'><strong>tuna</strong></span> <span class='ocrx_word' id='word_1_855' title='bbox 2511 5775 2862 5832; x_wconf 84' lang='lat' dir='ltr'><strong>vehementer</strong></span> <span class='ocrx_word' id='word_1_856' title='bbox 2907 5773 3193 5832; x_wconf 82' lang='lat' dir='ltr'><strong>exactione</strong></span> <span class='ocrx_word' id='word_1_857' title='bbox 3240 5783 3547 5844; x_wconf 79' lang='lat' dir='ltr'><strong>reposcunt.</strong></span> <span class='ocrx_word' id='word_1_858' title='bbox 3595 5773 3813 5844; x_wconf 76' lang='lat' dir='ltr'><strong>Noster,</strong></span> <span class='ocrx_word' id='word_1_859' title='bbox 3844 5774 3934 5855; x_wconf 50' lang='lat' dir='ltr'><strong>in:</strong></span> 
     </span>
    </p>
   </div>
  </div>
