5664 6598
51 6418 445 6546 μ»

2232 446 2337 501 565

2694 444 2749 498 S.
2788 440 2988 497 PETRI
3032 439 3308 495 DAMIANI
3350 440 3501 494 OPP.
3528 438 3762 496 TOMUS
3796 439 3928 497 SEU
3972 441 4146 495 PARS
4181 440 4265 495 ill.
4308 470 4378 482 —-
4412 442 4769 499 OPUSCULA
4811 444 5041 500 VARIA.

5358 449 5456 497 bbe

2232 560 2452 629 quiunt,
2480 558 2567 612 hic
2597 559 2754 610 homo
2784 566 2898 618 est,
2930 556 3029 609 sub
3074 554 3273 608 nostris
3307 538 3597 607 ditiouibus
3624 550 3791 615 vixit,
3821 560 3870 614 Α
3891 551 4009 620 iure
4058 550 4321 619 obiectum
4374 564 4486 618 est,
4524 556 4789 610 sacerdoti
4832 571 5013 610 coram
5065 555 5254 609 vicinae
5300 555 5457 623 huius

2229 651 2431 705 nostris
2476 650 2846 716 obtemperare
2912 645 3117 715 legibus
3159 660 3266 698 non
3318 642 3519 697 omisit.
3570 640 3797 710 Semper

2229 740 2372 795 enim
2423 739 2498 793 illi
2552 738 2636 792 lex
2680 738 2857 790 carnis
2887 736 3140 805 inviguit;
3190 735 3357 803 legem
3402 748 3531 787 vero
3576 734 3797 801 spiritus

2230 829 2470 884 funditus
2496 829 2775 899 ignoravit.
2810 828 2880 881 At
2906 839 3093 881 centra
3122 827 3264 880 beati
3290 819 3460 893 angeli
3504 826 3797 893 responde-

2230 929 2357 973 runt
2391 936 2405 973 :
2438 918 2553 971 Non
2580 958 2593 979 ,
2629 917 2906 984 inquiunt,
2940 913 3227 969 difﬁtemur
3264 914 3424 968 fuisse
3456 913 3717 985 [vestrum
3755 914 3795 980 f.

2230 1010 2380 1081 add.]
2402 1050 2416 1073 ,
2446 1012 2570 1063 dum
2604 1011 2654 1063 in
2684 1010 2916 1080 propriis
2948 1011 3170 1063 viveret.
3200 1009 3311 1061 Non
3342 1009 3485 1063 enim
3520 1009 3639 1061 licet
3668 1008 3801 1061 resi-

2227 1110 2373 1157 stere
2418 1101 2666 1166 veritati;
2704 1101 2796 1156 sed
2844 1101 2966 1171 quia
3011 1114 3149 1153 nunc
3196 1100 3250 1152 in
3299 1098 3559 1167 obsequio
3605 1099 3800 1166 reginae

2228 1190 2487 1254 cmlestis,
2515 1190 2745 1245 dominte
2766 1176 2982 1251 nostra,
3014 1187 3297 1242 defunctus
3327 1195 3431 1249 est,
3460 1200 3799 1254 nequaquam

2227 1280 2492 1348 impietati
2526 1288 2719 1335 vestrae
2751 1295 2846 1349 pro
2876 1278 2999 1333 vitae
3027 1293 3137 1332 aute
3180 1277 3419 1332 reatibus
3468 1276 3797 1343 subiacebit,

2228 1370 2321 1439 qui
2354 1369 2511 1423 vitam
2549 1384 2699 1423 suam
2729 1370 2816 1437 pio
2843 1367 2946 1423 line
2971 1368 3251 1423 conclusit.
3282 1365 3391 1421 Nec
3418 1366 3483 1420 ad
3507 1366 3688 1419 aeterni
3707 1364 3796 1433 ju-

2227 1458 2363 1512 dicis
2393 1459 2591 1527 poterit
2616 1458 2799 1529 perire
2840 1470 3187 1530 conspectum
3208 1497 3223 1522 ,
3254 1458 3345 1525 qui
3370 1456 3657 1512 Genitricis
3681 1455 3799 1524 ejus

2224 1547 2324 1601 sibi
2371 1548 2606 1617 providit
2652 1548 2932 1603 auxilium.
2987 1548 3068 1601 Ad
3117 1548 3232 1602 htec
3280 1546 3401 1600 illi:
3442 1545 3575 1600 Cum
3622 1543 3797 1609 Deus,

2233 1636 2413 1701 aiunt,
2446 1638 2631 1707 procul
2652 1638 2810 1695 dubio
2828 1637 3005 1707 iustus
3032 1637 3103 1691 sit
3121 1636 3307 1704 iudex,
3330 1648 3622 1703 nunquam,
3656 1634 3798 1702 quod

2240 1738 2483 1784 nostrum
2512 1738 2630 1794 est,
2661 1730 2898 1796 auferet,
2944 1744 3046 1785 nec
3073 1729 3355 1785 adversum
3404 1742 3501 1781 nos
3544 1725 3795 1797 praeiudi-

2228 1816 2440 1871 cialiter
2468 1826 2617 1888 aget,
2646 1832 2765 1873 cum
2796 1817 3106 1886 iniustitiam
3130 1832 3349 1888 prorsus
3379 1819 3609 1887 ignoret.
3640 1818 3798 1871 Cun-

2227 1922 2335 1978 que
2354 1910 2460 1962 vim
2484 1908 2689 1979 angelis
2714 1908 2913 1964 inferre
2936 1918 3226 1971 tentarent,
3251 1909 3426 1979 angeli
3452 1924 3580 1962 vero
3605 1908 3795 1971 levius,
3825 1902 3873 1960 Β

2228 2010 2392 2069 atque
2423 2001 2698 2056 remissius
2738 1999 2850 2069 iam
2892 2002 3104 2071 cognita
3150 2002 3409 2065 veritate,
3455 2001 3793 2063 resisterent;

2232 2088 2540 2144 adfuturum
2567 2098 2743 2145 tamen
2769 2090 2869 2144 sibi
2896 2092 3149 2145 continuo
3170 2090 3489 2160 profitentur
3514 2090 3794 2152 auxilium,

2230 2186 2287 2232 et
2336 2177 2430 2233 Dei
2479 2177 2771 2233 Genitricis
2810 2180 3041 2235 celerem
3072 2180 3466 2234 comminantur
3493 2193 3794 2233 accursum.

2226 2264 2333 2321 Sed
2360 2282 2481 2320 cum
2511 2268 2634 2321 hinc
2653 2268 2742 2321 isti
2768 2269 3007 2323 modesta
3028 2272 3173 2324 circa
3199 2284 3283 2323 me
3314 2270 3541 2323 tuitione
3574 2280 3796 2323 conten—

2222 2355 2451 2422 derent,
2482 2355 2558 2410 illi
2582 2372 2613 2411 e
2642 2357 2851 2413 diverso
2892 2358 2961 2413 ad
3004 2361 3389 2429 reposcendum
3423 2362 3503 2415 sui
3525 2360 3666 2427 iuris
3693 2361 3789 2415 ho-

2225 2448 2425 2502 minem
2474 2448 2741 2513 furiosus,
2788 2464 2850 2504 ac
2900 2452 3255 2507 truculentius
3303 2453 3623 2517 ebullirent;
3671 2468 3798 2507 ecce

2236 2534 2381 2590 velut
2427 2536 2641 2606 igneum
2692 2536 2884 2608 fulgur,
2934 2540 3247 2609 repentinus
3294 2541 3556 2597 radiantis
3595 2543 3802 2596 corusci

2229 2624 2483 2694 splendor
2539 2626 2744 2691 illuxit,
2800 2629 3120 2696 cunctisque
3173 2630 3493 2684 mirantibus
3545 2630 3803 2684 cceloruna

2227 2715 2411 2784 regina
2463 2715 2727 2787 angelicis
2770 2716 2969 2771 vallata
3003 2728 3314 2774 reverenter
3356 2720 3657 2789 obsequiis,
3706 2720 3802 2774 Dei

2222 2808 2394 2863 Mater
2412 2808 2648 2864 advenit.
2675 2809 2826 2866 Tunc
2855 2812 3073 2882 reprobi
3093 2812 3315 2881 spiritus
3335 2812 3462 2868 licet
3483 2814 3549 2868 ad
3568 2814 3802 2882 primum

2223 2907 2387 2954 tanta
2412 2898 2596 2969 gloria:
2642 2908 2979 2957 terrerentur
3010 2903 3334 2968 adventum,
3387 2916 3683 2971 eorumque
3726 2902 3807 2956 ni-

2230 2990 2371 3045 mius
2398 2988 2652 3059 Splendor
2678 2992 3052 3049 reverberaret
3074 2994 3319 3048 obtutum
3344 3033 3359 3059 ,
3391 3002 3569 3049 tamen
3600 2993 3807 3048 illatam

2222 3080 2327 3136 sibi
2374 3091 2777 3151 conquerantur
2818 3083 3106 3152 iniuriam,
3141 3094 3195 3139 et
3236 3085 3489 3155 angelicae
3535 3084 3806 3141 violentia:

2221 3178 2593 3237 protestantur
2615 3187 2683 3227 ex
2714 3173 2932 3243 propria
2980 3174 3324 3244 possessione
3352 3176 3593 3245 rapinam
3624 3174 3808 3229 dicen-

3899 643 4099 696 celluiaz
4128 646 4403 698 monachis
4448 646 4742 710 confitere;
4791 662 4989 713 eosque
5024 662 5087 699 ex
5119 662 5247 699 mea:
5275 656 5460 699 aucto-

3900 733 4073 785 ritatis
4094 734 4336 800 iussione
4366 738 4591 799 deposce
4612 777 4625 791 .
4656 746 4713 789 ut
4738 738 5070 804 pmnitentize
5096 739 5330 797 modum,
5369 736 5458 804 qui

3901 826 3991 877 tibi
4028 826 4295 891 injunctus
4328 828 4518 887 fuerit.
4554 829 4651 896 ipsi
4682 829 5005 895 suscipiant,
5039 840 5090 881 et
5120 828 5337 896 implere
5365 843 5458 896 pro

3900 925 3986 967 tua
4026 932 4145 968 mox
4178 918 4426 971 obeuntis
4465 918 4799 973 absolutione
4826 918 5183 981 contendant;
5212 933 5317 986 quo
5365 932 5431 987 pe

3901 1017 4048 1060 racto
4080 1008 4144 1059 ad
4178 1024 4259 1061 me
4306 1009 4548 1075 protinus
4583 1010 4700 1062 sine
4727 1008 4986 1063 dilatione
5033 1016 5317 1063 revertere.
5368 1005 5461 1061 Hic

3898 1098 4040 1150 enim
4069 1112 4167 1166 ego
4197 1112 4302 1150 non
4337 1099 4522 1152 desino
4558 1108 4609 1155 te
4631 1139 4646 1162 ,
4680 1101 4849 1153 donec
4876 1100 5091 1161 redeas,
5128 1106 5457 1166 exspectare.

3898 1185 4140 1254 Cumque
4164 1202 4260 1255 per
4290 1188 4535 1241 ordinem
4568 1190 4679 1243 hrcc
4727 1189 4815 1244 ille
4860 1198 5167 1251 narrasset,
5201 1188 5462 1258 paeniten-

3899 1274 4153 1333 tiam'sibi
4199 1278 4422 1333 inditam
4470 1281 4635 1333 sancti
4669 1279 4865 1335 fratres
4894 1296 5013 1333 cum
5064 1295 5159 1349 pro
5204 1278 5462 1333 cbaritate

3899 1366 4071 1431 illius,
4108 1377 4218 1421 tum
4249 1383 4345 1436 pro
4375 1368 4579 1423 deilicze
4609 1370 4832 1441 virginis
4872 1370 5175 1425 obedientia
5206 1368 5465 1436 suscepis-

3898 1468 4049 1522 sent,
4077 1474 4197 1513 mox
4232 1460 4384 1513 laetus
4419 1470 4471 1514 ct
4502 1459 4718 1525 hilaris,
4770 1461 4917 1515 velut
4945 1461 5285 1515 obdormiens
5312 1458 5461 1513 obiit.

3899 1550 3963 1603 Et
3995 1551 4073 1605 sic
4098 1566 4223 1605 vera
4253 1567 4371 1606 esse
4396 1567 4515 1620 qua:
4533 1552 4719 1605 vivens
4746 1551 4978 1613 dixerat,
5004 1550 5238 1605 moriens
5265 1560 5454 1618 appro-

3901 1640 4065 1693 bavit.
4098 1640 4205 1709 Ego
4231 1655 4443 1709 quoque
4488 1641 4530 1692 si
4581 1640 4646 1693 ad
4674 1655 4770 1693 vos
4802 1639 5160 1704 contendens,
5206 1636 5346 1692 beati
5379 1636 5465 1691 iti-

3900 1730 4043 1783 neris
4071 1730 4247 1782 viator
4273 1730 4455 1783 obiere
4476 1770 4489 1793 ,
4520 1728 4576 1783 S.
4610 1730 4884 1785 Benedicti
4913 1729 5218 1799 przesidiunt
5259 1739 5463 1796 nequa—

3906 1836 4059 1890 quam
4089 1821 4217 1873 mihi
4245 1818 4555 1873 defuturum
4584 1834 4706 1873 esse
4735 1820 4963 1875 confido.

4513 1926 4741 1984 CAPUT
4771 1927 4857 1982 ill.

3902 2019 3963 2074 Β.
4002 2020 4159 2091 Virgo
4186 2019 4517 2090 praebendam
4543 2018 4750 2140 clleiricob
4762 2020 4846 2140 εἶιὶ
4872 2019 5051 2073 devoto
5071 2017 5294 2072 ablatam
5323 2018 5471 2071 resti-

4577 2106 4605 2140 u
4662 2106 4717 2140 m
4755 2106 4781 2140 ε
4809 2127 4822 2140 .

4577 2106 4627 2140 ut
4650 2106 4822 2157 Juvat.

3973 2180 4117 2233 idem
4144 2186 4409 2249 praeterea
4437 2176 4743 2246 Stephanus
4764 2177 4907 2231 aliud
4937 2178 5065 2233 mihi
5092 2178 5291 2241 retulit,
5323 2175 5465 2244 quod

3903 2279 4080 2323 tamen
4128 2285 4230 2323 non
4278 2270 4412 2323 adeo
4454 2281 4662 2323 certum
4692 2268 4934 2333 tenebat,
4958 2270 5097 2322 sicut
5130 2267 5298 2331 aliud,
5328 2265 5470 2336 quod

3904 2378 4063 2429 supra
4088 2362 4430 2431 digessimus.
4463 2360 4722 2424 Audisse,
4749 2361 4941 2429 inquit,
4970 2376 5053 2415 me
5082 2360 5318 2425 memini,
5345 2360 5466 2430 quia

3902 2451 4131 2505 clet‘icus
4161 2450 4377 2518 quidam
4410 2448 4588 2503 fatuus
4613 2458 4752 2515 erat,
4785 2450 4965 2514 nauci,
4991 2448 5212 2507 frivolus
5236 2458 5290 2503 et
5326 2449 5471 2519 inep-

3906 2552 4009 2596 tus.
4042 2540 4156 2595 Huc
4193 2542 4419 2603 accedit,
4446 2542 4570 2609 quia
4603 2539 4800 2594 nullam
4838 2540 5109 2610 religionis
5134 2542 5329 2602 dotem.
5352 2539 5470 2594 nul-

3902 2630 4008 2683 lam
4050 2631 4320 2683 canonica:
4356 2629 4649 2698 disciplinae
4690 2630 4970 2700 gravitatis
4996 2670 5011 2695 ,
5042 2630 5154 2685 sive
5201 2628 5469 2684 modestia

3903 2722 4185 2776 videbatur
4204 2723 4406 2777 habere
4418 2722 4670 2775 virtutem
4693 2740 4706 2775 :
4732 2723 4874 2777 inter
4894 2723 4993 2776 hos
5016 2732 5190 2776 tamen
5202 2733 5471 2777 emortuos

3906 2817 4111 2871 inutilis
4141 2816 4264 2870 vita:
4314 2817 4523 2871 cineres
4570 2816 4659 2870 hic
4713 2816 4989 2885 perexigni
5044 2814 5247 2870 fomitis
5302 2814 5472 2869 tenuis

3906 2910 4121 2964 vivebat
4180 2907 4483 2977 igniculus,
4542 2916 4601 2961 ut
4657 2916 4784 2963 ante
4844 2915 5241 2963 sacrosanctum
5307 2905 5472 2959 altare

3908 3002 4146 3072 quotidie
4172 3001 4345 3056 beata:
4380 3001 4473 3055 Dei
4503 2998 4794 3054 Genitricis
4815 2998 5113 3063 accederet,
5140 3007 5195 3051 et
5223 3010 5469 3051 reveren-

3909 3100 3991 3145 ter
4015 3090 4273 3144 verticem
4298 3104 4554 3151 curvans,
4585 3088 4883 3158 angelicum
4914 3088 5055 3143 hunc
5073 3095 5229 3156 atque
5252 3099 5471 3153 evange-

3906 3179 4069 3235 licum
4116 3178 4443 3234 versiculum
4489 3178 4844 3232 decantaret:
4883 3195 4901 3228 (
4939 3176 5053 3237 Ave
5092 3173 5471 3244 Maria,gratia

2227 3268 2309 3316 tes
2341 3277 2355 3313 :
2384 3261 2518 3327 Quia
2548 3264 2595 3317 si
2626 3263 2768 3319 Deus
2796 3272 2881 3318 est
2917 3264 3129 3331 justus,
3160 3279 3435 3334 nunquam
3466 3265 3532 3319 de
3556 3266 3803 3320 manibus
3829 3246 3874 3308 (ἶ
3906 3273 4091 3341 plena,
4124 3270 4382 3325 Dominus
4425 3278 4599 3323 tecum
4630 3287 4642 3321 :
4682 3268 4965 3322 benedicta
4990 3274 5047 3320 tu
5074 3265 5126 3319 in
5164 3263 5473 3321 mulieribus

2233 3353 2439 3409 nostris
2469 3353 2676 3409 auferet
2719 3354 2965 3424 impium.
3000 3354 3206 3421 Quibus
3248 3369 3281 3411 e
3308 3355 3521 3411 diverso
3546 3354 3604 3409 B.
3642 3354 3804 3425 Virgo

2232 3442 2514 3512 respondit
2544 3460 2557 3496 :
2589 3442 2740 3497 Licet
2762 3443 2851 3498 hic
2874 3442 3071 3509 homo,
3096 3452 3154 3499 ut
3189 3444 3431 3501 asseritis
3452 3484 3467 3509 ,
3500 3451 3680 3497 vestra
3708 3456 3806 3515 per

2229 3534 2552 3605 pravitatem
2595 3537 2776 3605 operis
2819 3536 3089 3604 possessio
3136 3535 3333 3603 fuerit,
3382 3544 3437 3591 et
3482 3536 3641 3606 impie
3689 3536 3805 3592 sive

2232 3624 2527 3681 carnaliter
2552 3626 2782 3690 vixerit,
2814 3642 3090 3699 nunquam
3119 3639 3295 3684 tamen
3319 3628 3591 3698 piissimus
3618 3636 3672 3684 et
3694 3628 3807 3684 cle-

2232 3718 2600 3774 mentissimus
2628 3718 2796 3775 Filius
2824 3733 3007 3787 meus,
3036 3737 3101 3776 ac
3124 3721 3383 3778 Dominus
3416 3723 3653 3792 patietur
3680 3737 3805 3777 eum

2232 3810 2431 3864 vestris
2460 3808 2577 3865 fieri
2605 3810 3015 3868 crudelitatibus
3041 3814 3313 3869 subditum
3337 3855 3352 3880 ,
3380 3829 3543 3883 quem
3573 3814 3673 3871 sub
3698 3815 3805 3871 mei

2229 3898 2525 3955 famulatus
2551 3901 2811 3971 obsequio
2837 3904 3013 3959 cernit
3056 3904 3112 3959 in
3156 3906 3584 3976 peregrinatione
3616 3906 3805 3961 defun-

2235 3997 2385 4046 ctum
2416 4009 2429 4045 :
2460 3992 2761 4061 praesertim
2806 4007 2931 4048 cum
2978 3982 3080 4050 iste
3128 3994 3406 4052 confessus
3446 4004 3667 4067 peccata
3708 4012 3805 4052 sna

2231 4082 2607 4140 sacerdotibus
2635 4083 2832 4150 fuerit,
2862 4082 3235 4157 iudiciumque
3265 4087 3606 4157 pernitendo,
3632 4102 3699 4142 ac
3725 4089 3808 4143 in-

2230 4173 2571 4244 gemiscenda
2620 4178 2956 4247 perceperit,
3025 4194 3334 4251 quanquam
3383 4181 3563 4237 subita
3634 4190 3809 4243 morte

2228 4278 2534 4338 praventus
2587 4270 2812 4340 implere
2857 4271 3177 4343 nequiverit.
3227 4273 3312 4328 Ad
3362 4274 3476 4330 haec
3529 4273 3604 4329 illi
3652 4273 3807 4345 quasi

2230 4365 2392 4414 nacta
2433 4359 2717 4414 occasione
2758 4350 3421 4431 victorias-tripudiantes,
3453 4372 3510 4418 et
3551 4363 3698 4419 velut
3724 4363 3807 4419 in-

2230 4446 2497 4505 sultantes
2524 4449 2787 4519 obiiciunt
2832 4468 2847 4505 ε
2878 4452 3013 4508 Cum
3062 4461 3139 4508 tu
3164 4454 3240 4509 sis
3263 4494 3277 4519 ,
3308 4454 3585 4522 inquiunt,
3624 4461 3802 4509 mater

2236 4539 2516 4608 veritatis,
2544 4551 2600 4597 et
2628 4550 2844 4599 teternze
2867 4542 3127 4613 iustitiae,
3162 4560 3290 4599 num
3322 4546 3570 4616 ignorare
3616 4553 3813 4616 potes,

2235 4630 2488 4699 quoniam
2518 4633 2619 4688 hoc
2646 4642 2756 4687 tam
2784 4634 3018 4689 immane
3043 4644 3260 4706 tamque
3284 4646 3568 4692 cruentum
3597 4636 3804 4692 facinus

2234 4723 2603 4793 perpetravit,
2649 4724 2794 4792 quod
2835 4725 2965 4779 nulli
3001 4734 3179 4781 tamen
3227 4743 3462 4796 unquam
3490 4744 3587 4796 per
3616 4743 3802 4783 vocem

2238 4811 2594 4869 confessionis
2621 4814 2890 4869 innotuit?
2915 4817 3179 4885 quoddam
3208 4816 3413 4872 scilicet
3443 4833 3605 4888 grave
3633 4818 3808 4873 scelus

2236 4920 2267 4959 ει
2292 4918 2380 4959 me
2406 4905 2750 4961 commissum
2791 4908 3007 4962 nomine
3054 4917 3210 4962 tenus
3239 4906 3620 4962 inclamabant.
3651 4908 3805 4974 Quod

2237 5002 2521 5065 peccatum
2546 5013 2667 5053 cum
2688 4998 2843 5053 beata
2864 4998 3049 5069 Virgo,
3072 4999 3197 5054 licet.
3221 4999 3290 5054 ab
3314 5001 3625 5055 auctoribus
3652 5013 3804 5053 men-

2239 5086 2381 5141 dacii
2410 5089 2679 5142 veraciter
2703 5090 3121 5159 recognovisset,
3152 5092 3391 5145 modeste
3420 5090 3692 5161 paulisper
3710 5090 3808 5145 ob-

2238 5176 2418 5243 ticuit,
2442 5188 2495 5232 et
2516 5179 2909 5247 quodammodo
2928 5182 3139 5234 veritati
3167 5182 3523 5237 reverentiam
3552 5181 3798 5250 praebuit.

2243 5266 2314 5319 At
2340 5275 2595 5333 reparato
2619 5284 2806 5323 rursus
2832 5268 3081 5337 eloquio:
3106 5268 3302 5325 Verum
3326 5270 3543 5341 quidem
3563 5312 3577 5335 ,
3610 5272 3804 5339 inquit,

2244 5370 2327 5413 est
2350 5361 2491 5427 quod
2521 5362 2780 5432 obiicitis;
2818 5366 2910 5418 sed
2940 5364 3195 5431 quoniam
3221 5366 3359 5433 apud
3406 5365 3805 5419 misericordem

2246 5448 2533 5506 Dominum
2571 5468 2746 5507 meum
2786 5470 2847 5509 ac
2876 5454 3079 5508 Filium
3101 5456 3470 5510 misericordia
3499 5454 3807 5525 superemi-

2252 5552 2333 5596 tat
2365 5558 2431 5597 ex
2462 5560 2609 5599 more
2641 5546 2903 5616 iudicium
2941 5548 3077 5617 (Jac.
3127 5550 3226 5615 ιι),
3276 5562 3505 5614 eumque
3552 5562 3654 5600 non
3701 5559 3807 5599 tam

2250 5633 2477 5689 delectat
2510 5653 2663 5707 paena
2695 5642 3032 5709 peccantium
3052 5679 3067 5703 ,
3097 5654 3258 5708 quam
3295 5638 3538 5692 remissio
3567 5645 3809 5704 peccato-

2242 5743 2386 5797 rum,
2408 5746 2493 5784 me
2506 5732 2787 5787 confesum
2810 5735 3020 5788 intuens
3036 5734 3139 5788 ait:
3160 5735 3239 5789 Ad
3264 5749 3456 5804 corpus
3482 5728 3808 5800 bonios77

2246 5834 2444 5891 praesto
2474 5825 2775 5896 regredere
2809 5825 2994 5883 Scelus
3024 5828 3123 5883 hoc
3144 5870 3157 5893 ,
3198 5829 3341 5899 quod
3372 5828 3439 5884 ab
3469 5827 3670 5899 iniquis
3717 5825 3815 5883 tibi

3906 3361 4056 3433 (Luc.
4107 3361 4170 3431 ι).
4218 3380 4237 3413 ›
4286 3360 4420 3414 Cum
4468 3360 4647 3428 itaque
4696 3365 4859 3412 tantae
4915 3354 5176 3411 fatuitatis
5223 3352 5473 3423 ineptiam

3904 3468 4073 3508 novus
4124 3450 4566 3521 deprehendisset
4608 3450 4914 3519 episcopus,
4950 3446 5017 3501 ab
5048 3443 5217 3501 inutili
5248 3456 5469 3514 persona

3902 3544 4185 3599 utilitatem
4229 3542 4481 3597 Ecclesia:
4528 3540 4758 3595 detineri
4799 3538 5075 3609 indignum
5108 3536 5289 3600 duxit;
5318 3533 5474 3605 eique

3902 3634 4247 3707 praebendam
4266 3674 4281 3699 ,
4303 3648 4465 3703 quam
4503 3647 4531 3685 a
4562 3647 4732 3702 nuper
4756 3630 4900 3685 elato
4924 3644 5022 3685 suo
5049 3628 5327 3683 decessore
5349 3637 5464 3694 per-

3902 3736 4165 3798 ceperat,
4222 3725 4464 3780 abstulit.
4520 3723 4626 3779 Sed
4678 3738 4801 3777 cum
4852 3722 4996 3775 hunc
5051 3719 5128 3773 rei
5186 3714 5465 3771 familiaris

3902 3826 4116 3887 egestas
4158 3817 4504 3887 opprimeret,
4542 3823 4599 3869 et
4634 3821 4833 3882 praeter
4860 3811 4963 3867 hoc
4999 3809 5141 3883 aliud
5172 3808 5302 3879 quid
5333 3806 5471 3861 unde

3903 3919 4085 3981 posset
4106 3910 4309 3974 vivete,
4342 3922 4446 3963 non
4474 3907 4717 3971 haberet,
4746 3914 5014 3967 nocturno
5036 3902 5247 3959 silentio
5267 3901 5350 3969 pia
5374 3895 5466 3953 Dei

3903 4000 4153 4057 Genitrix
4205 4000 4477 4070 episcOpo,
4509 3998 4636 4050 dum
4690 3996 4975 4062 dormiret,
4998 3992 5269 4065 apparuit;
5312 4004 5470 4061 quam

3908 4088 4121 4145 scilicet
4146 4086 4487 4158 praecedebat
4509 4086 4588 4140 vir
4617 4086 4671 4140 in
4696 4100 4800 4139 una
4827 4100 4989 4139 manu
5017 4082 5291 4138 ardentem
5322 4079 5468 4133 facu-

3907 4177 4014 4232 lam
4058 4177 4113 4232 in
4159 4177 4327 4231 altera
4378 4174 4608 4229 ferulam
4649 4182 4892 4243 portans.
4938 4171 5036 4227 Cui
5067 4186 5189 4225 mox
5219 4168 5278 4224 Β.
5308 4168 5469 4239 Virgo

3905 4268 4188 4339 praecepit,
4244 4275 4303 4320 ut
4358 4266 4668 4335 episcopum
4722 4263 5121 4333 delinquentem
5189 4258 5471 4328 aliquantis

3907 4359 4097 4414 ferulae
4124 4372 4287 4429 quam
4344 4358 4584 4425 gerebat,
4615 4356 4931 4411 verberibus
4977 4353 5263 4422 castigaret
5296 4368 5310 4404 :
5343 4348 5473 4416 Cur,

3908 4438 4181 4520 inquiens,
4217 4446 4494 4517 capellano
4538 4459 4680 4511 meo,
4710 4444 4803 4515 qui
4830 4444 4959 4499 mihi
5001 4440 5336 4513 quotidianas
5375 4438 5473 4493 im-

3907 4540 4179 4612 pendebat
4204 4538 4476 4602 excubias,
4506 4537 4699 4605 stipem
4741 4533 5015 4600 Ecclesite,
5046 4546 5206 4602 quam
5235 4544 5340 4584 non
5360 4530 5472 4600 ipse

3912 4629 4240 4691 contnleras,
4270 4626 4539 4681 abstulisti
4561 4629 4585 4679 ἲ
4610 4626 4839 4696 Moxque
4857 4624 5108 4680 sacerdos
5133 4621 5471 4679 tremefactus

3912 4718 4191 4791 evigilans,
4218 4717 4416 4772 clerico
4446 4715 4768 4771 beneficium
4791 4714 5039 4776 reddidit,
5063 4723 5118 4768 et
5138 4726 5293 4781 quem
5324 4711 5473 4780 igno-s

3912 4822 4024 4865 tum
4052 4811 4160 4865 Deo
4186 4809 4324 4865 forte
4346 4809 4669 4871 crediderat,
4692 4806 4805 4877 iam
4830 4806 4986 4877 quasi
5011 4806 5233 4860 charum
5251 4816 5472 4874 propen-

3911 4904 4025 4959 sius
4060 4902 4365 4956 bonoravit.
4406 4899 4463 4953 Si
4492 4900 4653 4968 igitur
4684 4898 4774 4953 ille
4817 4913 4982 4951 unum
5010 4896 5264 4951 duntaxat
5304 4890 5472 4945 laudis

3914 4996 4156 5047 canendo
4182 4990 4532 5057 versiculum,
4575 4990 4818 5059 corporei
4848 4988 5023 5042 victus
5061 4985 5310 5039 alimenta
5353 4995 5472 5051 pro-

3918 5086 4140 5148 meruit;
4174 5098 4336 5152 quam
4361 5080 4592 5135 fideliter
4615 5089 4816 5134 :eterna
4845 5075 5153 5147 sperabunt,
5179 5073 5270 5143 qui
5307 5073 5470 5127 beata:

3917 5178 4115 5245 reginae
4162 5176 4346 5230 mundi
4397 5174 4708 5243 quotidiana
4762 5172 5017 5225 horarum
5070 5166 5307 5221 omnium
5352 5170 5467 5217 vota

3916 5268 4267 5339 persolvunt?
4314 5266 4466 5323 Unde
4510 5266 4735 5335 pulcher
4771 5265 4931 5319 etiam
4980 5276 5095 5317 mos
5133 5259 5183 5312 in
5212 5256 5468 5312 nonnullis

3919 5359 4173 5413 Ecclesiis
4208 5358 4452 5419 inolevit,
4481 5366 4541 5409 ut
4589 5353 4895 5424 specialiter
4948 5352 5012 5407 ad
5056 5349 5170 5420 eius
5222 5348 5467 5401 honorem

3920 5466 4017 5521 per
4040 5465 4197 5503 omne
4238 5446 4531 5501 Sabbatum
4580 5445 4867 5499 missarum
4914 5439 5249 5496 celebrentur
5283 5434 5465 5495 ofﬁcia,

3920 5542 4025 5595 nisi
4074 5541 4209 5595 forte
4256 5539 4539 5602 festivitas,
4573 5536 4656 5590 vel
4699 5535 4834 5589 feria
4879 5528 5349 5603 quadragesimalis
5381 5528 5470 5579 obc

3923 5635 4099 5688 sistat.
4128 5633 4233 5687 Nos
4272 5633 4432 5685 etiam
4480 5630 4695 5695 cremis,
4722 5629 4836 5682 sive
4868 5616 5230 5685 monasteriis,
5256 5633 5468 5689 quorum

3922 5726 4174 5781 videlicet
4200 5726 4267 5779 ad
4295 5722 4458 5794 578
4487 5721 4688 5775 Christi
4731 5719 4954 5791 gloriam
4998 5712 5227 5771 ministri
5274 5724 5469 5771 sumus,

3922 5830 4038 5881 tres
4058 5835 4158 5893 per
4185 5818 4547 5879 hebdomadas
4573 5812 4812 5890 singulas
4831 5812 4945 5875 dies
4964 5807 5165 5870 sanctis
5186 5803 5468 5877 assignatas
