  <div class='ocr_page' id='page_1' title='image "/cluster/home/n/w/nwhite01/storage/ocr_20150623/144-145/uc1.31175001639262/822.png"; bbox 0 0 5664 6630; ppageno 0'>
   <div class='ocr_carea' id='block_1_1' title="bbox 682 346 787 407">
    <p class='ocr_par' dir='ltr' id='par_1_1' title="bbox 682 346 787 407">
     <span class='ocr_line' id='line_1_1' title="bbox 682 346 787 407; baseline 0 0"><span class='ocrx_word' id='word_1_1' title='bbox 682 346 787 407; x_wconf 73' lang='grc'><strong>565</strong></span> 
     </span>
    </p>
   </div>
   <div class='ocr_carea' id='block_1_2' title="bbox 1549 354 3129 419">
    <p class='ocr_par' dir='ltr' id='par_1_2' title="bbox 1549 354 3129 419">
     <span class='ocr_line' id='line_1_2' title="bbox 1549 354 3129 419; baseline -0.001 -2"><span class='ocrx_word' id='word_1_2' title='bbox 1549 357 1793 418; x_wconf 86' lang='lat' dir='ltr'><strong>OPUSC.</strong></span> <span class='ocrx_word' id='word_1_3' title='bbox 1829 358 2068 419; x_wconf 75' lang='lat' dir='ltr'><strong>XXXIII.</strong></span> <span class='ocrx_word' id='word_1_4' title='bbox 2101 388 2173 401; x_wconf 97' lang='lat'><strong>—</strong></span> <span class='ocrx_word' id='word_1_5' title='bbox 2209 356 2300 415; x_wconf 85' lang='lat' dir='ltr'><strong>DE</strong></span> <span class='ocrx_word' id='word_1_6' title='bbox 2337 354 2521 416; x_wconf 81' lang='grc' dir='ltr'><strong>ΒΟΝΟ</strong></span> <span class='ocrx_word' id='word_1_7' title='bbox 2560 357 3129 418; x_wconf 74' lang='lat' dir='ltr'><strong>SUFFRAGIORUM.</strong></span> 
     </span>
    </p>
   </div>
   <div class='ocr_carea' id='block_1_3' title="bbox 3864 358 3973 415">
    <p class='ocr_par' dir='ltr' id='par_1_3' title="bbox 3864 358 3973 415">
     <span class='ocr_line' id='line_1_3' title="bbox 3864 358 3973 415; baseline -0.009 0"><span class='ocrx_word' id='word_1_8' title='bbox 3864 358 3973 415; x_wconf 69' lang='lat'><strong>568</strong></span> 
     </span>
    </p>
   </div>
   <div class='ocr_carea' id='block_1_4' title="bbox 683 471 3974 547">
    <p class='ocr_par' dir='ltr' id='par_1_4' title="bbox 683 471 3974 547">
     <span class='ocr_line' id='line_1_4' title="bbox 683 471 3974 547; baseline 0.001 -21"><span class='ocrx_word' id='word_1_9' title='bbox 683 471 965 539; x_wconf 86' lang='lat' dir='ltr'><strong>habemus,</strong></span> <span class='ocrx_word' id='word_1_10' title='bbox 1008 474 1075 528; x_wconf 89' lang='lat' dir='ltr'><strong>ad</strong></span> <span class='ocrx_word' id='word_1_11' title='bbox 1105 488 1335 543; x_wconf 87' lang='lat' dir='ltr'><strong>quorum</strong></span> <span class='ocrx_word' id='word_1_12' title='bbox 1372 476 1583 533; x_wconf 81' lang='lat' dir='ltr'><strong>scilicet</strong></span> <span class='ocrx_word' id='word_1_13' title='bbox 1624 479 1889 535; x_wconf 85' lang='lat' dir='ltr'><strong>honorem</strong></span> <span class='ocrx_word' id='word_1_14' title='bbox 1928 478 2111 534; x_wconf 83' lang='lat' dir='ltr'><strong>missis</strong></span> <span class='ocrx_word' id='word_1_15' title='bbox 2148 490 2270 546; x_wconf 87' lang='lat' dir='ltr'><strong>spe-</strong></span> <span class='ocrx_word' id='word_1_16' title='bbox 2298 476 2347 538; x_wconf 75' lang='grc' dir='ltr'><strong>Α</strong></span> <span class='ocrx_word' id='word_1_17' title='bbox 2374 490 2482 547; x_wconf 87' lang='lat' dir='ltr'><strong>quo</strong></span> <span class='ocrx_word' id='word_1_18' title='bbox 2531 476 2785 533; x_wconf 73' lang='lat' dir='ltr'><strong>videlicet</strong></span> <span class='ocrx_word' id='word_1_19' title='bbox 2833 478 2921 533; x_wconf 89' lang='lat' dir='ltr'><strong>die</strong></span> <span class='ocrx_word' id='word_1_20' title='bbox 2976 478 3119 533; x_wconf 83' lang='lat' dir='ltr'><strong>Deus</strong></span> <span class='ocrx_word' id='word_1_21' title='bbox 3177 476 3511 547; x_wconf 86' lang='lat' dir='ltr'><strong>requievisse</strong></span> <span class='ocrx_word' id='word_1_22' title='bbox 3566 474 3786 547; x_wconf 90' lang='lat' dir='ltr'><strong>legitur,</strong></span> <span class='ocrx_word' id='word_1_23' title='bbox 3836 476 3974 532; x_wconf 81' lang='lat' dir='ltr'><strong>satis</strong></span> 
     </span>
    </p>
   </div>
   <div class='ocr_carea' id='block_1_5' title="bbox 685 562 2267 640">
    <p class='ocr_par' dir='ltr' id='par_1_5' title="bbox 685 562 2267 640">
     <span class='ocr_line' id='line_1_5' title="bbox 685 562 2267 640; baseline 0.005 -21"><span class='ocrx_word' id='word_1_24' title='bbox 685 562 895 619; x_wconf 85' lang='lat' dir='ltr'><strong>cialiter</strong></span> <span class='ocrx_word' id='word_1_25' title='bbox 948 564 1307 622; x_wconf 88' lang='lat' dir='ltr'><strong>celebramus.</strong></span> <span class='ocrx_word' id='word_1_26' title='bbox 1349 566 1415 622; x_wconf 81' lang='lat' dir='ltr'><strong>Et</strong></span> <span class='ocrx_word' id='word_1_27' title='bbox 1461 585 1530 625; x_wconf 90' lang='lat' dir='ltr'><strong>ne</strong></span> <span class='ocrx_word' id='word_1_28' title='bbox 1575 585 1672 640; x_wconf 84' lang='lat' dir='ltr'><strong>pro</strong></span> <span class='ocrx_word' id='word_1_29' title='bbox 1720 571 1901 635; x_wconf 69' lang='lat' dir='ltr'><strong>liéiitu,</strong></span> <span class='ocrx_word' id='word_1_30' title='bbox 1932 571 2025 626; x_wconf 88' lang='lat' dir='ltr'><strong>sed</strong></span> <span class='ocrx_word' id='word_1_31' title='bbox 2055 571 2267 627; x_wconf 85' lang='lat' dir='ltr'><strong>ratione</strong></span> 
     </span>
    </p>
   </div>
   <div class='ocr_carea' id='block_1_6' title="bbox 685 654 2269 733">
    <p class='ocr_par' dir='ltr' id='par_1_6' title="bbox 685 654 2269 733">
     <span class='ocr_line' id='line_1_6' title="bbox 685 654 2269 733; baseline 0.004 -23"><span class='ocrx_word' id='word_1_32' title='bbox 685 654 927 711; x_wconf 83' lang='lat' dir='ltr'><strong>dictante</strong></span> <span class='ocrx_word' id='word_1_33' title='bbox 957 656 1008 709; x_wconf 89' lang='lat' dir='ltr'><strong>id</strong></span> <span class='ocrx_word' id='word_1_34' title='bbox 1043 657 1324 714; x_wconf 75' lang='lat' dir='ltr'><strong>videamur</strong></span> <span class='ocrx_word' id='word_1_35' title='bbox 1348 660 1570 724; x_wconf 89' lang='lat' dir='ltr'><strong>audere,</strong></span> <span class='ocrx_word' id='word_1_36' title='bbox 1602 660 1808 733; x_wconf 80' lang='lat' dir='ltr'><strong>[scias,|</strong></span> <span class='ocrx_word' id='word_1_37' title='bbox 1830 662 1907 717; x_wconf 84' lang='lat' dir='ltr'><strong>vel</strong></span> <span class='ocrx_word' id='word_1_38' title='bbox 1934 662 2061 732; x_wconf 81' lang='lat' dir='ltr'><strong>quid</strong></span> <span class='ocrx_word' id='word_1_39' title='bbox 2099 661 2269 717; x_wconf 71' lang='lat' dir='ltr'><strong>simile</strong></span> 
     </span>
    </p>
   </div>
   <div class='ocr_carea' id='block_1_7' title="bbox 684 746 2270 823">
    <p class='ocr_par' dir='ltr' id='par_1_7' title="bbox 684 746 2270 823">
     <span class='ocr_line' id='line_1_7' title="bbox 684 746 2270 823; baseline 0.005 -22"><span class='ocrx_word' id='word_1_40' title='bbox 684 747 809 801; x_wconf 82' lang='lat' dir='ltr'><strong>add.</strong></span> <span class='ocrx_word' id='word_1_41' title='bbox 842 746 910 819; x_wconf 70' lang='grc' dir='ltr'>Μ</span> <span class='ocrx_word' id='word_1_42' title='bbox 962 750 1102 818; x_wconf 91' lang='lat' dir='ltr'><strong>quod</strong></span> <span class='ocrx_word' id='word_1_43' title='bbox 1148 752 1442 806; x_wconf 75' lang='lat' dir='ltr'><strong>secundum</strong></span> <span class='ocrx_word' id='word_1_44' title='bbox 1496 752 1737 808; x_wconf 89' lang='lat' dir='ltr'><strong>virorum</strong></span> <span class='ocrx_word' id='word_1_45' title='bbox 1797 754 2085 809; x_wconf 76' lang='lat' dir='ltr'><strong>illustrium</strong></span> <span class='ocrx_word' id='word_1_46' title='bbox 2151 753 2270 823; x_wconf 82' lang='lat' dir='ltr'><strong>pias</strong></span> 
     </span>
    </p>
   </div>
   <div class='ocr_carea' id='block_1_8' title="bbox 681 839 2268 915">
    <p class='ocr_par' dir='ltr' id='par_1_8' title="bbox 681 839 2268 915">
     <span class='ocr_line' id='line_1_8' title="bbox 681 839 2268 915; baseline 0.005 -23"><span class='ocrx_word' id='word_1_47' title='bbox 681 839 985 908; x_wconf 85' lang='lat' dir='ltr'><strong>opiniones,</strong></span> <span class='ocrx_word' id='word_1_48' title='bbox 1018 854 1181 912; x_wconf 90' lang='lat' dir='ltr'><strong>atque</strong></span> <span class='ocrx_word' id='word_1_49' title='bbox 1211 845 1529 909; x_wconf 77' lang='lat' dir='ltr'><strong>sententias,</strong></span> <span class='ocrx_word' id='word_1_50' title='bbox 1563 846 1816 915; x_wconf 65' lang='lat' dir='ltr'><strong>qumliliet</strong></span> <span class='ocrx_word' id='word_1_51' title='bbox 1839 847 2034 900; x_wconf 65' lang='lat' dir='ltr'><strong>animae</strong></span> <span class='ocrx_word' id='word_1_52' title='bbox 2079 845 2268 900; x_wconf 85' lang='lat' dir='ltr'><strong>defun-</strong></span> 
     </span>
    </p>
   </div>
   <div class='ocr_carea' id='block_1_9' title="bbox 682 923 2267 1006">
    <p class='ocr_par' dir='ltr' id='par_1_9' title="bbox 682 923 2267 1006">
     <span class='ocr_line' id='line_1_9' title="bbox 682 923 2267 1006; baseline 0.006 -25"><span class='ocrx_word' id='word_1_53' title='bbox 682 936 898 983; x_wconf 85' lang='lat' dir='ltr'><strong>ctorum</strong></span> <span class='ocrx_word' id='word_1_54' title='bbox 939 930 990 985; x_wconf 93' lang='lat' dir='ltr'><strong>in</strong></span> <span class='ocrx_word' id='word_1_55' title='bbox 1030 932 1225 988; x_wconf 91' lang='lat' dir='ltr'><strong>diebus</strong></span> <span class='ocrx_word' id='word_1_56' title='bbox 1290 933 1587 989; x_wconf 88' lang='lat' dir='ltr'><strong>Dominicis</strong></span> <span class='ocrx_word' id='word_1_57' title='bbox 1644 938 1995 1005; x_wconf 88' lang='lat' dir='ltr'><strong>requiescunt</strong></span> <span class='ocrx_word' id='word_1_58' title='bbox 2043 923 2205 1006; x_wconf 84' lang='lat' dir='ltr'><strong>atque</strong></span> <span class='ocrx_word' id='word_1_59' title='bbox 2227 952 2267 991; x_wconf 54' lang='lat' dir='ltr'><strong>&#39;a</strong></span> 
     </span>
    </p>
   </div>
   <div class='ocr_carea' id='block_1_10' title="bbox 680 1021 2269 1099">
    <p class='ocr_par' dir='ltr' id='par_1_10' title="bbox 680 1021 2269 1099">
     <span class='ocr_line' id='line_1_10' title="bbox 680 1021 2269 1099; baseline 0.006 -24"><span class='ocrx_word' id='word_1_60' title='bbox 680 1021 961 1090; x_wconf 83' lang='lat' dir='ltr'><strong>suppliciis</strong></span> <span class='ocrx_word' id='word_1_61' title='bbox 976 1021 1271 1090; x_wconf 90' lang='lat' dir='ltr'><strong>feriantur;</strong></span> <span class='ocrx_word' id='word_1_62' title='bbox 1295 1026 1529 1082; x_wconf 90' lang='lat' dir='ltr'><strong>secunda</strong></span> <span class='ocrx_word' id='word_1_63' title='bbox 1557 1041 1687 1081; x_wconf 87' lang='lat' dir='ltr'><strong>vero</strong></span> <span class='ocrx_word' id='word_1_64' title='bbox 1712 1026 1848 1083; x_wconf 89' lang='lat' dir='ltr'><strong>feria</strong></span> <span class='ocrx_word' id='word_1_65' title='bbox 1877 1028 1945 1083; x_wconf 91' lang='lat' dir='ltr'><strong>ad</strong></span> <span class='ocrx_word' id='word_1_66' title='bbox 1972 1028 2269 1099; x_wconf 87' lang='lat' dir='ltr'><strong>ea,quibus</strong></span> 
     </span>
    </p>
   </div>
   <div class='ocr_carea' id='block_1_11' title="bbox 680 1106 2269 1191">
    <p class='ocr_par' dir='ltr' id='par_1_11' title="bbox 680 1106 2269 1191">
     <span class='ocr_line' id='line_1_11' title="bbox 680 1106 2269 1191; baseline 0.006 -24"><span class='ocrx_word' id='word_1_67' title='bbox 680 1106 956 1185; x_wconf 83' lang='lat' dir='ltr'><strong>assignata</strong></span> <span class='ocrx_word' id='word_1_68' title='bbox 994 1129 1119 1172; x_wconf 91' lang='lat' dir='ltr'><strong>sunt</strong></span> <span class='ocrx_word' id='word_1_69' title='bbox 1163 1126 1444 1189; x_wconf 73' lang='lat' dir='ltr'><strong>prenarum</strong></span> <span class='ocrx_word' id='word_1_70' title='bbox 1476 1120 1741 1191; x_wconf 84' lang='lat' dir='ltr'><strong>ergastula</strong></span> <span class='ocrx_word' id='word_1_71' title='bbox 1792 1107 2155 1181; x_wconf 77' lang='lat' dir='ltr'><strong>revertuntur.</strong></span> <span class='ocrx_word' id='word_1_72' title='bbox 2187 1120 2269 1176; x_wconf 90' lang='lat' dir='ltr'><strong>ld-</strong></span> 
     </span>
    </p>
   </div>
   <div class='ocr_carea' id='block_1_12' title="bbox 679 1209 2268 1285">
    <p class='ocr_par' dir='ltr' id='par_1_12' title="bbox 679 1209 2268 1285">
     <span class='ocr_line' id='line_1_12' title="bbox 679 1209 2268 1285; baseline 0.003 -20"><span class='ocrx_word' id='word_1_73' title='bbox 679 1209 829 1265; x_wconf 91' lang='lat' dir='ltr'><strong>circo</strong></span> <span class='ocrx_word' id='word_1_74' title='bbox 858 1212 977 1280; x_wconf 85' lang='lat' dir='ltr'><strong>ipso</strong></span> <span class='ocrx_word' id='word_1_75' title='bbox 1021 1214 1363 1282; x_wconf 88' lang='lat' dir='ltr'><strong>potissimum</strong></span> <span class='ocrx_word' id='word_1_76' title='bbox 1394 1214 1482 1269; x_wconf 91' lang='lat' dir='ltr'><strong>die</strong></span> <span class='ocrx_word' id='word_1_77' title='bbox 1527 1215 1733 1285; x_wconf 77' lang='lat' dir='ltr'><strong>angelis</strong></span> <span class='ocrx_word' id='word_1_78' title='bbox 1781 1215 2070 1271; x_wconf 90' lang='lat' dir='ltr'><strong>missarum</strong></span> <span class='ocrx_word' id='word_1_79' title='bbox 2096 1216 2268 1270; x_wconf 89' lang='lat' dir='ltr'><strong>honos</strong></span> 
     </span>
    </p>
   </div>
   <div class='ocr_carea' id='block_1_13' title="bbox 679 1298 2267 1376">
    <p class='ocr_par' dir='ltr' id='par_1_13' title="bbox 679 1298 2267 1376">
     <span class='ocr_line' id='line_1_13' title="bbox 679 1298 2267 1376; baseline 0.006 -24"><span class='ocrx_word' id='word_1_80' title='bbox 679 1298 1035 1368; x_wconf 84' lang='lat' dir='ltr'><strong>impenditur,</strong></span> <span class='ocrx_word' id='word_1_81' title='bbox 1070 1312 1128 1357; x_wconf 88' lang='lat' dir='ltr'><strong>ut</strong></span> <span class='ocrx_word' id='word_1_82' title='bbox 1160 1310 1215 1358; x_wconf 90' lang='lat' dir='ltr'><strong>et</strong></span> <span class='ocrx_word' id='word_1_83' title='bbox 1245 1304 1495 1370; x_wconf 80' lang='lat' dir='ltr'><strong>mortuis,</strong></span> <span class='ocrx_word' id='word_1_84' title='bbox 1530 1313 1585 1360; x_wconf 90' lang='lat' dir='ltr'><strong>et</strong></span> <span class='ocrx_word' id='word_1_85' title='bbox 1611 1306 1888 1362; x_wconf 89' lang='lat' dir='ltr'><strong>morituris</strong></span> <span class='ocrx_word' id='word_1_86' title='bbox 1919 1306 2267 1376; x_wconf 88' lang='lat' dir='ltr'><strong>patrocinalis</strong></span> 
     </span>
    </p>
   </div>
   <div class='ocr_carea' id='block_1_14' title="bbox 678 1392 2266 1469">
    <p class='ocr_par' dir='ltr' id='par_1_14' title="bbox 678 1392 2266 1469">
     <span class='ocr_line' id='line_1_14' title="bbox 678 1392 2266 1469; baseline 0.006 -24"><span class='ocrx_word' id='word_1_87' title='bbox 678 1405 867 1447; x_wconf 91' lang='lat' dir='ltr'><strong>eorum</strong></span> <span class='ocrx_word' id='word_1_88' title='bbox 931 1392 1176 1451; x_wconf 82' lang='lat' dir='ltr'><strong>defensio</strong></span> <span class='ocrx_word' id='word_1_89' title='bbox 1231 1407 1582 1467; x_wconf 86' lang='lat' dir='ltr'><strong>procuretur;</strong></span> <span class='ocrx_word' id='word_1_90' title='bbox 1637 1407 1787 1454; x_wconf 80' lang='lat' dir='ltr'><strong>sexta</strong></span> <span class='ocrx_word' id='word_1_91' title='bbox 1847 1414 2063 1469; x_wconf 85' lang='lat' dir='ltr'><strong>quoque</strong></span> <span class='ocrx_word' id='word_1_92' title='bbox 2129 1397 2266 1454; x_wconf 90' lang='lat' dir='ltr'><strong>feria</strong></span> 
     </span>
    </p>
   </div>
   <div class='ocr_carea' id='block_1_15' title="bbox 676 1480 2267 1561">
    <p class='ocr_par' dir='ltr' id='par_1_15' title="bbox 676 1480 2267 1561">
     <span class='ocr_line' id='line_1_15' title="bbox 676 1480 2267 1561; baseline 0.008 -29"><span class='ocrx_word' id='word_1_93' title='bbox 676 1480 906 1537; x_wconf 76' lang='lat' dir='ltr'><strong>vivificze</strong></span> <span class='ocrx_word' id='word_1_94' title='bbox 952 1487 1098 1541; x_wconf 88' lang='lat' dir='ltr'><strong>cruci</strong></span> <span class='ocrx_word' id='word_1_95' title='bbox 1147 1502 1252 1541; x_wconf 89' lang='lat' dir='ltr'><strong>non</strong></span> <span class='ocrx_word' id='word_1_96' title='bbox 1306 1488 1745 1547; x_wconf 70' lang='lat' dir='ltr'><strong>inconvenienter</strong></span> <span class='ocrx_word' id='word_1_97' title='bbox 1792 1489 2106 1555; x_wconf 89' lang='lat' dir='ltr'><strong>ascribitur,</strong></span> <span class='ocrx_word' id='word_1_98' title='bbox 2146 1504 2267 1561; x_wconf 63' lang='lat' dir='ltr'><strong>quae</strong></span> 
     </span>
    </p>
   </div>
   <div class='ocr_carea' id='block_1_16' title="bbox 677 1570 2266 1649">
    <p class='ocr_par' dir='ltr' id='par_1_16' title="bbox 677 1570 2266 1649">
     <span class='ocr_line' id='line_1_16' title="bbox 677 1570 2266 1649; baseline 0.004 -22"><span class='ocrx_word' id='word_1_99' title='bbox 677 1570 889 1627; x_wconf 81' lang='lat' dir='ltr'><strong>scilicet</strong></span> <span class='ocrx_word' id='word_1_100' title='bbox 910 1572 1027 1629; x_wconf 87' lang='lat' dir='ltr'><strong>dies</strong></span> <span class='ocrx_word' id='word_1_101' title='bbox 1055 1576 1342 1644; x_wconf 83' lang='lat' dir='ltr'><strong>pendentis</strong></span> <span class='ocrx_word' id='word_1_102' title='bbox 1372 1578 1424 1632; x_wconf 93' lang='lat' dir='ltr'><strong>in</strong></span> <span class='ocrx_word' id='word_1_103' title='bbox 1451 1593 1615 1635; x_wconf 90' lang='lat' dir='ltr'><strong>cruce</strong></span> <span class='ocrx_word' id='word_1_104' title='bbox 1643 1578 1854 1635; x_wconf 90' lang='lat' dir='ltr'><strong>Domini</strong></span> <span class='ocrx_word' id='word_1_105' title='bbox 1879 1579 2113 1649; x_wconf 85' lang='lat' dir='ltr'><strong>glorioso</strong></span> <span class='ocrx_word' id='word_1_106' title='bbox 2138 1594 2266 1634; x_wconf 90' lang='lat' dir='ltr'><strong>san-</strong></span> 
     </span>
    </p>
   </div>
   <div class='ocr_carea' id='block_1_17' title="bbox 676 1662 2262 1742">
    <p class='ocr_par' dir='ltr' id='par_1_17' title="bbox 676 1662 2262 1742">
     <span class='ocr_line' id='line_1_17' title="bbox 676 1662 2262 1742; baseline 0.006 -27"><span class='ocrx_word' id='word_1_107' title='bbox 676 1662 838 1732; x_wconf 88' lang='lat' dir='ltr'><strong>guine</strong></span> <span class='ocrx_word' id='word_1_108' title='bbox 867 1676 1217 1735; x_wconf 78' lang='lat' dir='ltr'><strong>purpuratur.</strong></span> <span class='ocrx_word' id='word_1_109' title='bbox 1266 1667 1381 1735; x_wconf 85' lang='lat' dir='ltr'><strong>Qua</strong></span> <span class='ocrx_word' id='word_1_110' title='bbox 1439 1670 1527 1726; x_wconf 79' lang='lat' dir='ltr'><strong>die</strong></span> <span class='ocrx_word' id='word_1_111' title='bbox 1577 1681 1766 1726; x_wconf 91' lang='lat' dir='ltr'><strong>omnes</strong></span> <span class='ocrx_word' id='word_1_112' title='bbox 1821 1669 2262 1742; x_wconf 36' lang='lat' dir='ltr'><strong>fratres&#39;nostri,</strong></span> 
     </span>
    </p>
   </div>
   <div class='ocr_carea' id='block_1_18' title="bbox 676 1754 2264 1824">
    <p class='ocr_par' dir='ltr' id='par_1_18' title="bbox 676 1754 2264 1824">
     <span class='ocr_line' id='line_1_18' title="bbox 676 1754 2264 1824; baseline 0.005 -19"><span class='ocrx_word' id='word_1_113' title='bbox 676 1766 817 1822; x_wconf 86' lang='lat' dir='ltr'><strong>quos</strong></span> <span class='ocrx_word' id='word_1_114' title='bbox 838 1754 1023 1823; x_wconf 90' lang='lat' dir='ltr'><strong>utique</strong></span> <span class='ocrx_word' id='word_1_115' title='bbox 1049 1757 1445 1813; x_wconf 88' lang='lat' dir='ltr'><strong>monasterialis</strong></span> <span class='ocrx_word' id='word_1_116' title='bbox 1482 1759 1618 1815; x_wconf 92' lang='lat' dir='ltr'><strong>ordo</strong></span> <span class='ocrx_word' id='word_1_117' title='bbox 1646 1760 1941 1824; x_wconf 84' lang='lat' dir='ltr'><strong>connectit,</strong></span> <span class='ocrx_word' id='word_1_118' title='bbox 1967 1762 2069 1815; x_wconf 86' lang='lat' dir='ltr'><strong>hoc</strong></span> <span class='ocrx_word' id='word_1_119' title='bbox 2096 1759 2264 1815; x_wconf 88' lang='lat' dir='ltr'><strong>etiam</strong></span> 
     </span>
    </p>
   </div>
   <div class='ocr_carea' id='block_1_19' title="bbox 2372 566 3975 643">
    <p class='ocr_par' dir='ltr' id='par_1_19' title="bbox 2372 566 3975 643">
     <span class='ocr_line' id='line_1_19' title="bbox 2372 566 3975 643; baseline -0.001 -19"><span class='ocrx_word' id='word_1_120' title='bbox 2372 583 2612 641; x_wconf 75' lang='lat' dir='ltr'><strong>congrue</strong></span> <span class='ocrx_word' id='word_1_121' title='bbox 2635 568 2973 625; x_wconf 57' lang='lat' dir='ltr'><strong>beatissimus</strong></span> <span class='ocrx_word' id='word_1_122' title='bbox 3002 568 3212 639; x_wconf 81' lang='lat' dir='ltr'><strong>Virgini</strong></span> <span class='ocrx_word' id='word_1_123' title='bbox 3258 568 3557 623; x_wconf 88' lang='lat' dir='ltr'><strong>dedicatur.</strong></span> <span class='ocrx_word' id='word_1_124' title='bbox 3592 567 3763 643; x_wconf 87' lang='lat' dir='ltr'><strong>Quam</strong></span> <span class='ocrx_word' id='word_1_125' title='bbox 3807 566 3975 623; x_wconf 87' lang='lat' dir='ltr'><strong>nimi-</strong></span> 
     </span>
    </p>
   </div>
   <div class='ocr_carea' id='block_1_20' title="bbox 2372 656 3973 728">
    <p class='ocr_par' dir='ltr' id='par_1_20' title="bbox 2372 656 3973 728">
     <span class='ocr_line' id='line_1_20' title="bbox 2372 656 3973 728; baseline -0.001 -17"><span class='ocrx_word' id='word_1_126' title='bbox 2372 672 2491 711; x_wconf 87' lang='lat' dir='ltr'><strong>rum</strong></span> <span class='ocrx_word' id='word_1_127' title='bbox 2550 659 2650 714; x_wconf 87' lang='lat' dir='ltr'><strong>sibi</strong></span> <span class='ocrx_word' id='word_1_128' title='bbox 2702 657 2981 728; x_wconf 85' lang='lat' dir='ltr'><strong>Sapientia</strong></span> <span class='ocrx_word' id='word_1_129' title='bbox 3032 658 3255 713; x_wconf 91' lang='lat' dir='ltr'><strong>domum</strong></span> <span class='ocrx_word' id='word_1_130' title='bbox 3310 656 3602 713; x_wconf 70' lang='lat' dir='ltr'><strong>azdiﬁcavit</strong></span> <span class='ocrx_word' id='word_1_131' title='bbox 3657 656 3973 727; x_wconf 57' lang='lat' dir='ltr'><strong>(Pratum).</strong></span> 
     </span>
    </p>
   </div>
   <div class='ocr_carea' id='block_1_21' title="bbox 2373 746 3972 819">
    <p class='ocr_par' dir='ltr' id='par_1_21' title="bbox 2373 746 3972 819">
     <span class='ocr_line' id='line_1_21' title="bbox 2373 746 3972 819; baseline -0.001 -18"><span class='ocrx_word' id='word_1_132' title='bbox 2373 756 2534 817; x_wconf 90' lang='lat' dir='ltr'><strong>atque</strong></span> <span class='ocrx_word' id='word_1_133' title='bbox 2580 749 2634 803; x_wconf 92' lang='lat' dir='ltr'><strong>in</strong></span> <span class='ocrx_word' id='word_1_134' title='bbox 2686 764 2748 805; x_wconf 90' lang='lat' dir='ltr'><strong>ea</strong></span> <span class='ocrx_word' id='word_1_135' title='bbox 2800 764 2901 819; x_wconf 90' lang='lat' dir='ltr'><strong>per</strong></span> <span class='ocrx_word' id='word_1_136' title='bbox 2932 748 3257 804; x_wconf 87' lang='lat' dir='ltr'><strong>humilitatis</strong></span> <span class='ocrx_word' id='word_1_137' title='bbox 3293 756 3587 817; x_wconf 68' lang='lat' dir='ltr'><strong>assumpta:</strong></span> <span class='ocrx_word' id='word_1_138' title='bbox 3627 746 3972 817; x_wconf 83' lang='lat' dir='ltr'><strong>mysterium,</strong></span> 
     </span>
    </p>
   </div>
   <div class='ocr_carea' id='block_1_22' title="bbox 2370 836 3974 910">
    <p class='ocr_par' dir='ltr' id='par_1_22' title="bbox 2370 836 3974 910">
     <span class='ocr_line' id='line_1_22' title="bbox 2370 836 3974 910; baseline -0.002 -15"><span class='ocrx_word' id='word_1_139' title='bbox 2370 841 2515 895; x_wconf 86' lang='lat' dir='ltr'><strong>velut</strong></span> <span class='ocrx_word' id='word_1_140' title='bbox 2542 843 2597 896; x_wconf 90' lang='lat' dir='ltr'><strong>in</strong></span> <span class='ocrx_word' id='word_1_141' title='bbox 2622 842 2998 898; x_wconf 87' lang='lat' dir='ltr'><strong>saeratissimo</strong></span> <span class='ocrx_word' id='word_1_142' title='bbox 3032 840 3231 898; x_wconf 81' lang='lat' dir='ltr'><strong>lectulo</strong></span> <span class='ocrx_word' id='word_1_143' title='bbox 3274 839 3563 910; x_wconf 86' lang='lat' dir='ltr'><strong>requievit.</strong></span> <span class='ocrx_word' id='word_1_144' title='bbox 3596 837 3695 893; x_wconf 86' lang='lat' dir='ltr'><strong>Cui</strong></span> <span class='ocrx_word' id='word_1_145' title='bbox 3726 836 3974 906; x_wconf 88' lang='lat' dir='ltr'><strong>profecto</strong></span> 
     </span>
    </p>
   </div>
   <div class='ocr_carea' id='block_1_23' title="bbox 2372 925 3975 1003">
    <p class='ocr_par' dir='ltr' id='par_1_23' title="bbox 2372 925 3975 1003">
     <span class='ocr_line' id='line_1_23' title="bbox 2372 925 3975 1003; baseline -0.004 -15"><span class='ocrx_word' id='word_1_146' title='bbox 2372 934 2670 1002; x_wconf 88' lang='lat' dir='ltr'><strong>condignus</strong></span> <span class='ocrx_word' id='word_1_147' title='bbox 2726 934 2900 989; x_wconf 85' lang='lat' dir='ltr'><strong>honor</strong></span> <span class='ocrx_word' id='word_1_148' title='bbox 2948 932 3303 1003; x_wconf 87' lang='lat' dir='ltr'><strong>impenditur,</strong></span> <span class='ocrx_word' id='word_1_149' title='bbox 3346 929 3734 984; x_wconf 77' lang='lat' dir='ltr'><strong>exhibentibus</strong></span> <span class='ocrx_word' id='word_1_150' title='bbox 3778 925 3975 1001; x_wconf 82' lang='lat' dir='ltr'><strong>procul</strong></span> 
     </span>
    </p>
   </div>
   <div class='ocr_carea' id='block_1_24' title="bbox 2371 1022 3736 1092">
    <p class='ocr_par' dir='ltr' id='par_1_24' title="bbox 2371 1022 3736 1092">
     <span class='ocr_line' id='line_1_24' title="bbox 2371 1022 3736 1092; baseline -0.004 -14"><span class='ocrx_word' id='word_1_151' title='bbox 2371 1022 2533 1078; x_wconf 88' lang='lat' dir='ltr'><strong>dubio</strong></span> <span class='ocrx_word' id='word_1_152' title='bbox 2558 1034 2720 1085; x_wconf 63' lang='lat' dir='ltr'><strong>Certae</strong></span> <span class='ocrx_word' id='word_1_153' title='bbox 2745 1023 3080 1080; x_wconf 90' lang='lat' dir='ltr'><strong>defensionis</strong></span> <span class='ocrx_word' id='word_1_154' title='bbox 3106 1023 3369 1078; x_wconf 80' lang='lat' dir='ltr'><strong>auxilium</strong></span> <span class='ocrx_word' id='word_1_155' title='bbox 3397 1022 3736 1092; x_wconf 89' lang='lat' dir='ltr'><strong>provldetur.</strong></span> 
     </span>
    </p>
   </div>
   <div class='ocr_carea' id='block_1_25' title="bbox 2441 1112 3974 1185">
    <p class='ocr_par' dir='ltr' id='par_1_25' title="bbox 2441 1112 3974 1185">
     <span class='ocr_line' id='line_1_25' title="bbox 2441 1112 3974 1185; baseline -0.003 -16"><span class='ocrx_word' id='word_1_156' title='bbox 2441 1114 2707 1183; x_wconf 85' lang='lat' dir='ltr'><strong>Quocirca</strong></span> <span class='ocrx_word' id='word_1_157' title='bbox 2756 1116 2898 1185; x_wconf 90' lang='lat' dir='ltr'><strong>quod</strong></span> <span class='ocrx_word' id='word_1_158' title='bbox 2945 1114 3136 1170; x_wconf 80' lang='lat' dir='ltr'><strong>fratris</strong></span> <span class='ocrx_word' id='word_1_159' title='bbox 3178 1115 3288 1171; x_wconf 91' lang='lat' dir='ltr'><strong>mei</strong></span> <span class='ocrx_word' id='word_1_160' title='bbox 3331 1112 3579 1169; x_wconf 90' lang='lat' dir='ltr'><strong>Damiani</strong></span> <span class='ocrx_word' id='word_1_161' title='bbox 3615 1120 3744 1167; x_wconf 91' lang='lat' dir='ltr'><strong>tunc</strong></span> <span class='ocrx_word' id='word_1_162' title='bbox 3784 1112 3974 1166; x_wconf 85' lang='lat' dir='ltr'><strong>archi-</strong></span> 
     </span>
    </p>
   </div>
   <div class='ocr_carea' id='block_1_26' title="bbox 2368 1201 3978 1277">
    <p class='ocr_par' dir='ltr' id='par_1_26' title="bbox 2368 1201 3978 1277">
     <span class='ocr_line' id='line_1_26' title="bbox 2368 1201 3978 1277; baseline -0.002 -18"><span class='ocrx_word' id='word_1_163' title='bbox 2368 1207 2698 1277; x_wconf 86' lang='lat' dir='ltr'><strong>presbyteri,</strong></span> <span class='ocrx_word' id='word_1_164' title='bbox 2738 1206 2933 1262; x_wconf 90' lang='lat' dir='ltr'><strong>deinde</strong></span> <span class='ocrx_word' id='word_1_165' title='bbox 2959 1206 3216 1261; x_wconf 87' lang='lat' dir='ltr'><strong>monachi</strong></span> <span class='ocrx_word' id='word_1_166' title='bbox 3249 1204 3513 1259; x_wconf 88' lang='lat' dir='ltr'><strong>relatione</strong></span> <span class='ocrx_word' id='word_1_167' title='bbox 3542 1201 3725 1265; x_wconf 88' lang='lat' dir='ltr'><strong>didici,</strong></span> <span class='ocrx_word' id='word_1_168' title='bbox 3758 1201 3860 1255; x_wconf 88' lang='lat' dir='ltr'><strong>nisi</strong></span> <span class='ocrx_word' id='word_1_169' title='bbox 3888 1214 3978 1258; x_wconf 84' lang='lat' dir='ltr'><strong>me</strong></span> 
     </span>
    </p>
   </div>
   <div class='ocr_carea' id='block_1_27' title="bbox 2369 1292 3977 1361">
    <p class='ocr_par' dir='ltr' id='par_1_27' title="bbox 2369 1292 3977 1361">
     <span class='ocr_line' id='line_1_27' title="bbox 2369 1292 3977 1361; baseline -0.001 -13"><span class='ocrx_word' id='word_1_170' title='bbox 2369 1293 2520 1351; x_wconf 85' lang='lat' dir='ltr'><strong>fallat</strong></span> <span class='ocrx_word' id='word_1_171' title='bbox 2548 1297 2811 1353; x_wconf 89' lang='lat' dir='ltr'><strong>obliviosa</strong></span> <span class='ocrx_word' id='word_1_172' title='bbox 2840 1298 3125 1361; x_wconf 89' lang='lat' dir='ltr'><strong>memoria,</strong></span> <span class='ocrx_word' id='word_1_173' title='bbox 3156 1295 3391 1351; x_wconf 83' lang='lat' dir='ltr'><strong>fideliter</strong></span> <span class='ocrx_word' id='word_1_174' title='bbox 3436 1309 3622 1349; x_wconf 90' lang='lat' dir='ltr'><strong>narro.</strong></span> <span class='ocrx_word' id='word_1_175' title='bbox 3653 1292 3807 1346; x_wconf 81' lang='lat' dir='ltr'><strong>Alter</strong></span> <span class='ocrx_word' id='word_1_176' title='bbox 3826 1292 3977 1346; x_wconf 86' lang='lat' dir='ltr'><strong>enim</strong></span> 
     </span>
    </p>
   </div>
   <div class='ocr_carea' id='block_1_28' title="bbox 2370 1383 3975 1457">
    <p class='ocr_par' dir='ltr' id='par_1_28' title="bbox 2370 1383 3975 1457">
     <span class='ocr_line' id='line_1_28' title="bbox 2370 1383 3975 1457; baseline -0.002 -15"><span class='ocrx_word' id='word_1_177' title='bbox 2370 1388 2541 1444; x_wconf 78' lang='lat' dir='ltr'><strong>frater</strong></span> <span class='ocrx_word' id='word_1_178' title='bbox 2577 1406 2751 1457; x_wconf 86' lang='lat' dir='ltr'><strong>meus,</strong></span> <span class='ocrx_word' id='word_1_179' title='bbox 2783 1390 3026 1447; x_wconf 85' lang='lat' dir='ltr'><strong>Marinus</strong></span> <span class='ocrx_word' id='word_1_180' title='bbox 3052 1390 3290 1453; x_wconf 88' lang='lat' dir='ltr'><strong>nomine,</strong></span> <span class='ocrx_word' id='word_1_181' title='bbox 3325 1388 3493 1443; x_wconf 91' lang='lat' dir='ltr'><strong>laicus</strong></span> <span class='ocrx_word' id='word_1_182' title='bbox 3519 1386 3737 1455; x_wconf 88' lang='lat' dir='ltr'><strong>quidem</strong></span> <span class='ocrx_word' id='word_1_183' title='bbox 3760 1383 3975 1451; x_wconf 88' lang='lat' dir='ltr'><strong>habitu,</strong></span> 
     </span>
    </p>
   </div>
   <div class='ocr_carea' id='block_1_29' title="bbox 2369 1478 3979 1553">
    <p class='ocr_par' dir='ltr' id='par_1_29' title="bbox 2369 1478 3979 1553">
     <span class='ocr_line' id='line_1_29' title="bbox 2369 1478 3979 1553; baseline -0.002 -18"><span class='ocrx_word' id='word_1_184' title='bbox 2369 1482 2465 1536; x_wconf 86' lang='lat' dir='ltr'><strong>sed</strong></span> <span class='ocrx_word' id='word_1_185' title='bbox 2514 1482 2800 1537; x_wconf 88' lang='lat' dir='ltr'><strong>timoratus</strong></span> <span class='ocrx_word' id='word_1_186' title='bbox 2851 1482 3066 1552; x_wconf 91' lang='lat' dir='ltr'><strong>spiritu,</strong></span> <span class='ocrx_word' id='word_1_187' title='bbox 3119 1482 3535 1553; x_wconf 67' lang='lat' dir='ltr'><strong>ingravescente</strong></span> <span class='ocrx_word' id='word_1_188' title='bbox 3588 1478 3861 1548; x_wconf 86' lang='lat' dir='ltr'><strong>pulmonis</strong></span> <span class='ocrx_word' id='word_1_189' title='bbox 3912 1491 3979 1533; x_wconf 86' lang='lat' dir='ltr'><strong>ac</strong></span> 
     </span>
    </p>
   </div>
   <div class='ocr_carea' id='block_1_30' title="bbox 2368 1568 3979 1642">
    <p class='ocr_par' dir='ltr' id='par_1_30' title="bbox 2368 1568 3979 1642">
     <span class='ocr_line' id='line_1_30' title="bbox 2368 1568 3979 1642; baseline -0.002 -16"><span class='ocrx_word' id='word_1_190' title='bbox 2368 1572 2607 1642; x_wconf 87' lang='lat' dir='ltr'><strong>pectoris</strong></span> <span class='ocrx_word' id='word_1_191' title='bbox 2633 1573 2959 1639; x_wconf 86' lang='lat' dir='ltr'><strong>valetudine,</strong></span> <span class='ocrx_word' id='word_1_192' title='bbox 2996 1574 3213 1628; x_wconf 87' lang='lat' dir='ltr'><strong>tandem</strong></span> <span class='ocrx_word' id='word_1_193' title='bbox 3244 1572 3311 1626; x_wconf 85' lang='lat' dir='ltr'><strong>ad</strong></span> <span class='ocrx_word' id='word_1_194' title='bbox 3333 1580 3577 1627; x_wconf 79' lang='lat' dir='ltr'><strong>extrema</strong></span> <span class='ocrx_word' id='word_1_195' title='bbox 3606 1568 3871 1639; x_wconf 81' lang='lat' dir='ltr'><strong>pervenit.</strong></span> <span class='ocrx_word' id='word_1_196' title='bbox 3891 1568 3979 1623; x_wconf 85' lang='lat' dir='ltr'><strong>ln-</strong></span> 
     </span>
    </p>
   </div>
   <div class='ocr_carea' id='block_1_31' title="bbox 2372 1662 3979 1735">
    <p class='ocr_par' dir='ltr' id='par_1_31' title="bbox 2372 1662 3979 1735">
     <span class='ocr_line' id='line_1_31' title="bbox 2372 1662 3979 1735; baseline -0.002 -16"><span class='ocrx_word' id='word_1_197' title='bbox 2372 1674 2517 1721; x_wconf 90' lang='lat' dir='ltr'><strong>terea</strong></span> <span class='ocrx_word' id='word_1_198' title='bbox 2559 1664 2840 1735; x_wconf 78' lang='lat' dir='ltr'><strong>cujusdam</strong></span> <span class='ocrx_word' id='word_1_199' title='bbox 2895 1666 3001 1721; x_wconf 92' lang='lat' dir='ltr'><strong>diei</strong></span> <span class='ocrx_word' id='word_1_200' title='bbox 3053 1666 3169 1734; x_wconf 83' lang='lat' dir='ltr'><strong>jam</strong></span> <span class='ocrx_word' id='word_1_201' title='bbox 3203 1665 3556 1720; x_wconf 86' lang='lat' dir='ltr'><strong>illucescente</strong></span> <span class='ocrx_word' id='word_1_202' title='bbox 3597 1662 3856 1723; x_wconf 87' lang='lat' dir='ltr'><strong>diluculo,</strong></span> <span class='ocrx_word' id='word_1_203' title='bbox 3888 1675 3979 1716; x_wconf 81' lang='lat' dir='ltr'><strong>re-</strong></span> 
     </span>
    </p>
   </div>
   <div class='ocr_carea' id='block_1_32' title="bbox 2368 1751 3977 1831">
    <p class='ocr_par' dir='ltr' id='par_1_32' title="bbox 2368 1751 3977 1831">
     <span class='ocr_line' id='line_1_32' title="bbox 2368 1751 3977 1831; baseline -0.004 -18"><span class='ocrx_word' id='word_1_204' title='bbox 2368 1765 2530 1829; x_wconf 81' lang='lat' dir='ltr'><strong>pente</strong></span> <span class='ocrx_word' id='word_1_205' title='bbox 2558 1759 2725 1826; x_wconf 64' lang='lat' dir='ltr'><strong>etrapit</strong></span> <span class='ocrx_word' id='word_1_206' title='bbox 2749 1757 2906 1827; x_wconf 86' lang='lat' dir='ltr'><strong>quasi</strong></span> <span class='ocrx_word' id='word_1_207' title='bbox 2938 1756 3163 1813; x_wconf 86' lang='lat' dir='ltr'><strong>cuilibet</strong></span> <span class='ocrx_word' id='word_1_208' title='bbox 3200 1754 3513 1831; x_wconf 70' lang='lat' dir='ltr'><strong>adventanti</strong></span> <span class='ocrx_word' id='word_1_209' title='bbox 3548 1751 3977 1821; x_wconf 74' lang='lat' dir='ltr'><strong>gratulabundus</strong></span> 
     </span>
    </p>
   </div>
   <div class='ocr_carea' id='block_1_33' title="bbox 676 1836 3974 1921">
    <p class='ocr_par' dir='ltr' id='par_1_33' title="bbox 676 1836 3974 1921">
     <span class='ocr_line' id='line_1_33' title="bbox 676 1836 3974 1921; baseline -0.001 -22"><span class='ocrx_word' id='word_1_210' title='bbox 676 1845 743 1899; x_wconf 89' lang='lat' dir='ltr'><strong>ad</strong></span> <span class='ocrx_word' id='word_1_211' title='bbox 806 1846 1079 1902; x_wconf 90' lang='lat' dir='ltr'><strong>cumulum</strong></span> <span class='ocrx_word' id='word_1_212' title='bbox 1137 1850 1370 1919; x_wconf 71' lang='lat' dir='ltr'><strong>preprize</strong></span> <span class='ocrx_word' id='word_1_213' title='bbox 1435 1849 1626 1905; x_wconf 88' lang='lat' dir='ltr'><strong>salutis</strong></span> <span class='ocrx_word' id='word_1_214' title='bbox 1684 1850 1967 1921; x_wconf 83' lang='lat' dir='ltr'><strong>adjiciunt,</strong></span> <span class='ocrx_word' id='word_1_215' title='bbox 2000 1859 2059 1904; x_wconf 88' lang='lat' dir='ltr'><strong>ut</strong></span> <span class='ocrx_word' id='word_1_216' title='bbox 2102 1858 2158 1905; x_wconf 92' lang='lat' dir='ltr'><strong>et</strong></span> <span class='ocrx_word' id='word_1_217' title='bbox 2204 1863 2265 1905; x_wconf 88' lang='lat' dir='ltr'><strong>se</strong></span> <span class='ocrx_word' id='word_1_218' title='bbox 2293 1838 2343 1900; x_wconf 83' lang='lat' dir='ltr'><strong>B</strong></span> <span class='ocrx_word' id='word_1_219' title='bbox 2372 1847 2689 1919; x_wconf 85' lang='lat' dir='ltr'><strong>aggliscerc,</strong></span> <span class='ocrx_word' id='word_1_220' title='bbox 2717 1836 3085 1914; x_wconf 87' lang='lat' dir='ltr'><strong>jucundanter</strong></span> <span class='ocrx_word' id='word_1_221' title='bbox 3114 1846 3459 1908; x_wconf 86' lang='lat' dir='ltr'><strong>hilarescere,</strong></span> <span class='ocrx_word' id='word_1_222' title='bbox 3496 1856 3549 1899; x_wconf 88' lang='lat' dir='ltr'><strong>ct</strong></span> <span class='ocrx_word' id='word_1_223' title='bbox 3597 1840 3793 1897; x_wconf 76' lang='lat' dir='ltr'><strong>fe&#39;stiva</strong></span> <span class='ocrx_word' id='word_1_224' title='bbox 3825 1856 3974 1897; x_wconf 87' lang='lat' dir='ltr'><strong>sere-</strong></span> 
     </span>
    </p>
   </div>
   <div class='ocr_carea' id='block_1_34' title="bbox 676 1938 2268 2014">
    <p class='ocr_par' dir='ltr' id='par_1_34' title="bbox 676 1938 2268 2014">
     <span class='ocr_line' id='line_1_34' title="bbox 676 1938 2268 2014; baseline 0.003 -23"><span class='ocrx_word' id='word_1_225' title='bbox 676 1944 917 1992; x_wconf 89' lang='lat' dir='ltr'><strong>mactent</strong></span> <span class='ocrx_word' id='word_1_226' title='bbox 957 1938 1011 1991; x_wconf 93' lang='lat' dir='ltr'><strong>in</strong></span> <span class='ocrx_word' id='word_1_227' title='bbox 1053 1939 1291 2008; x_wconf 87' lang='lat' dir='ltr'><strong>capitulo</strong></span> <span class='ocrx_word' id='word_1_228' title='bbox 1322 1940 1525 1995; x_wconf 89' lang='lat' dir='ltr'><strong>vicaria</strong></span> <span class='ocrx_word' id='word_1_229' title='bbox 1557 1940 1834 2003; x_wconf 88' lang='lat' dir='ltr'><strong>collisione</strong></span> <span class='ocrx_word' id='word_1_230' title='bbox 1871 1956 2179 2014; x_wconf 86' lang='lat' dir='ltr'><strong>secparum,</strong></span> <span class='ocrx_word' id='word_1_231' title='bbox 2204 1949 2268 1996; x_wconf 87' lang='lat' dir='ltr'><strong>et</strong></span> 
     </span>
    </p>
   </div>
   <div class='ocr_carea' id='block_1_35' title="bbox 674 2028 2269 2105">
    <p class='ocr_par' dir='ltr' id='par_1_35' title="bbox 674 2028 2269 2105">
     <span class='ocr_line' id='line_1_35' title="bbox 674 2028 2269 2105; baseline 0.005 -22"><span class='ocrx_word' id='word_1_232' title='bbox 674 2028 899 2098; x_wconf 85' lang='lat' dir='ltr'><strong>insuper</strong></span> <span class='ocrx_word' id='word_1_233' title='bbox 926 2029 1203 2087; x_wconf 85' lang='lat' dir='ltr'><strong>celebrent</strong></span> <span class='ocrx_word' id='word_1_234' title='bbox 1248 2032 1301 2086; x_wconf 89' lang='lat' dir='ltr'><strong>in</strong></span> <span class='ocrx_word' id='word_1_235' title='bbox 1351 2048 1493 2103; x_wconf 88' lang='lat' dir='ltr'><strong>pane</strong></span> <span class='ocrx_word' id='word_1_236' title='bbox 1534 2042 1591 2090; x_wconf 89' lang='lat' dir='ltr'><strong>et</strong></span> <span class='ocrx_word' id='word_1_237' title='bbox 1628 2049 1764 2105; x_wconf 90' lang='lat' dir='ltr'><strong>aqua</strong></span> <span class='ocrx_word' id='word_1_238' title='bbox 1787 2034 2076 2105; x_wconf 85' lang='lat' dir='ltr'><strong>jejunium.</strong></span> <span class='ocrx_word' id='word_1_239' title='bbox 2104 2036 2269 2091; x_wconf 81' lang='lat' dir='ltr'><strong>Asse-</strong></span> 
     </span>
    </p>
   </div>
   <div class='ocr_carea' id='block_1_36' title="bbox 670 2120 2268 2194">
    <p class='ocr_par' dir='ltr' id='par_1_36' title="bbox 670 2120 2268 2194">
     <span class='ocr_line' id='line_1_36' title="bbox 670 2120 2268 2194; baseline 0.003 -19"><span class='ocrx_word' id='word_1_240' title='bbox 670 2126 860 2175; x_wconf 87' lang='lat' dir='ltr'><strong>rentes</strong></span> <span class='ocrx_word' id='word_1_241' title='bbox 880 2120 1006 2190; x_wconf 91' lang='lat' dir='ltr'><strong>quia</strong></span> <span class='ocrx_word' id='word_1_242' title='bbox 1036 2121 1089 2176; x_wconf 90' lang='lat' dir='ltr'><strong>in</strong></span> <span class='ocrx_word' id='word_1_243' title='bbox 1114 2121 1217 2177; x_wconf 92' lang='lat' dir='ltr'><strong>hoc</strong></span> <span class='ocrx_word' id='word_1_244' title='bbox 1242 2122 1392 2177; x_wconf 87' lang='lat' dir='ltr'><strong>cruci</strong></span> <span class='ocrx_word' id='word_1_245' title='bbox 1422 2138 1551 2179; x_wconf 88' lang='lat' dir='ltr'><strong>vere</strong></span> <span class='ocrx_word' id='word_1_246' title='bbox 1580 2126 2140 2194; x_wconf 81' lang='lat' dir='ltr'><strong>coinmunicamus,in</strong></span> <span class='ocrx_word' id='word_1_247' title='bbox 2164 2125 2268 2180; x_wconf 91' lang='lat' dir='ltr'><strong>hoc</strong></span> 
     </span>
    </p>
   </div>
   <div class='ocr_carea' id='block_1_37' title="bbox 668 2210 2263 2283">
    <p class='ocr_par' dir='ltr' id='par_1_37' title="bbox 668 2210 2263 2283">
     <span class='ocr_line' id='line_1_37' title="bbox 668 2210 2263 2283; baseline 0.004 -19"><span class='ocrx_word' id='word_1_248' title='bbox 668 2210 864 2279; x_wconf 88' lang='lat' dir='ltr'><strong>procul</strong></span> <span class='ocrx_word' id='word_1_249' title='bbox 892 2212 1055 2268; x_wconf 90' lang='lat' dir='ltr'><strong>dubio</strong></span> <span class='ocrx_word' id='word_1_250' title='bbox 1079 2211 1299 2268; x_wconf 84' lang='lat' dir='ltr'><strong>Christo</strong></span> <span class='ocrx_word' id='word_1_251' title='bbox 1324 2214 1734 2282; x_wconf 89' lang='lat' dir='ltr'><strong>commorimur,</strong></span> <span class='ocrx_word' id='word_1_252' title='bbox 1750 2216 1795 2271; x_wconf 92' lang='lat' dir='ltr'><strong>si</strong></span> <span class='ocrx_word' id='word_1_253' title='bbox 1821 2217 2139 2273; x_wconf 66' lang='lat' dir='ltr'><strong>hoceodem</strong></span> <span class='ocrx_word' id='word_1_254' title='bbox 2156 2217 2263 2283; x_wconf 89' lang='lat' dir='ltr'><strong>die,</strong></span> 
     </span>
    </p>
   </div>
   <div class='ocr_carea' id='block_1_38' title="bbox 669 2304 2269 2379">
    <p class='ocr_par' dir='ltr' id='par_1_38' title="bbox 669 2304 2269 2379">
     <span class='ocr_line' id='line_1_38' title="bbox 669 2304 2269 2379; baseline 0.006 -25"><span class='ocrx_word' id='word_1_255' title='bbox 669 2316 782 2372; x_wconf 87' lang='lat' dir='ltr'><strong>quo</strong></span> <span class='ocrx_word' id='word_1_256' title='bbox 807 2304 920 2372; x_wconf 88' lang='lat' dir='ltr'><strong>ipse</strong></span> <span class='ocrx_word' id='word_1_257' title='bbox 943 2319 1136 2375; x_wconf 88' lang='lat' dir='ltr'><strong>passus</strong></span> <span class='ocrx_word' id='word_1_258' title='bbox 1161 2314 1266 2371; x_wconf 89' lang='lat' dir='ltr'><strong>est,</strong></span> <span class='ocrx_word' id='word_1_259' title='bbox 1296 2321 1397 2361; x_wconf 90' lang='lat' dir='ltr'><strong>nos</strong></span> <span class='ocrx_word' id='word_1_260' title='bbox 1435 2306 1599 2361; x_wconf 89' lang='lat' dir='ltr'><strong>etiam</strong></span> <span class='ocrx_word' id='word_1_261' title='bbox 1646 2323 1867 2366; x_wconf 88' lang='lat' dir='ltr'><strong>carnem</strong></span> <span class='ocrx_word' id='word_1_262' title='bbox 1896 2318 2139 2365; x_wconf 88' lang='lat' dir='ltr'><strong>nostram</strong></span> <span class='ocrx_word' id='word_1_263' title='bbox 2169 2322 2269 2379; x_wconf 88' lang='lat' dir='ltr'><strong>per</strong></span> 
     </span>
    </p>
   </div>
   <div class='ocr_carea' id='block_1_39' title="bbox 669 2394 1612 2453">
    <p class='ocr_par' dir='ltr' id='par_1_39' title="bbox 669 2394 1612 2453">
     <span class='ocr_line' id='line_1_39' title="bbox 669 2394 1612 2453; baseline 0.003 -5"><span class='ocrx_word' id='word_1_264' title='bbox 669 2394 869 2448; x_wconf 70' lang='lat' dir='ltr'><strong>inedire</strong></span> <span class='ocrx_word' id='word_1_265' title='bbox 892 2395 1261 2451; x_wconf 89' lang='lat' dir='ltr'><strong>cruciamenta</strong></span> <span class='ocrx_word' id='word_1_266' title='bbox 1292 2404 1612 2453; x_wconf 84' lang='lat' dir='ltr'><strong>mactemus.</strong></span> 
     </span>
    </p>
   </div>
   <div class='ocr_carea' id='block_1_40' title="bbox 743 2484 2265 2561">
    <p class='ocr_par' dir='ltr' id='par_1_40' title="bbox 743 2484 2265 2561">
     <span class='ocr_line' id='line_1_40' title="bbox 743 2484 2265 2561; baseline 0.004 -24"><span class='ocrx_word' id='word_1_267' title='bbox 743 2484 961 2540; x_wconf 82' lang='lat' dir='ltr'><strong>Addunt</strong></span> <span class='ocrx_word' id='word_1_268' title='bbox 1010 2488 1197 2552; x_wconf 88' lang='lat' dir='ltr'><strong>etiam,</strong></span> <span class='ocrx_word' id='word_1_269' title='bbox 1246 2488 1374 2558; x_wconf 84' lang='lat' dir='ltr'><strong>quia</strong></span> <span class='ocrx_word' id='word_1_270' title='bbox 1417 2504 1542 2543; x_wconf 91' lang='lat' dir='ltr'><strong>cum</strong></span> <span class='ocrx_word' id='word_1_271' title='bbox 1597 2504 1694 2560; x_wconf 89' lang='lat' dir='ltr'><strong>per</strong></span> <span class='ocrx_word' id='word_1_272' title='bbox 1751 2490 1992 2561; x_wconf 84' lang='lat' dir='ltr'><strong>quinque</strong></span> <span class='ocrx_word' id='word_1_273' title='bbox 2034 2489 2265 2544; x_wconf 87' lang='lat' dir='ltr'><strong>millium</strong></span> 
     </span>
    </p>
   </div>
   <div class='ocr_carea' id='block_1_41' title="bbox 669 2564 2268 2651">
    <p class='ocr_par' dir='ltr' id='par_1_41' title="bbox 669 2564 2268 2651">
     <span class='ocr_line' id='line_1_41' title="bbox 669 2564 2268 2651; baseline 0.003 -20"><span class='ocrx_word' id='word_1_274' title='bbox 669 2564 896 2631; x_wconf 86' lang='lat' dir='ltr'><strong>circiter</strong></span> <span class='ocrx_word' id='word_1_275' title='bbox 953 2592 1216 2634; x_wconf 88' lang='lat' dir='ltr'><strong>annorum</strong></span> <span class='ocrx_word' id='word_1_276' title='bbox 1276 2577 1488 2649; x_wconf 83' lang='lat' dir='ltr'><strong>prolixa</strong></span> <span class='ocrx_word' id='word_1_277' title='bbox 1543 2579 1815 2636; x_wconf 88' lang='lat' dir='ltr'><strong>curricula</strong></span> <span class='ocrx_word' id='word_1_278' title='bbox 1864 2588 2036 2637; x_wconf 88' lang='lat' dir='ltr'><strong>totum</strong></span> <span class='ocrx_word' id='word_1_279' title='bbox 2096 2594 2268 2651; x_wconf 88' lang='lat' dir='ltr'><strong>genus</strong></span> 
     </span>
    </p>
   </div>
   <div class='ocr_carea' id='block_1_42' title="bbox 671 2658 2269 2740">
    <p class='ocr_par' dir='ltr' id='par_1_42' title="bbox 671 2658 2269 2740">
     <span class='ocr_line' id='line_1_42' title="bbox 671 2658 2269 2740; baseline 0.002 -19"><span class='ocrx_word' id='word_1_280' title='bbox 671 2664 971 2722; x_wconf 90' lang='lat' dir='ltr'><strong>humanum</strong></span> <span class='ocrx_word' id='word_1_281' title='bbox 1018 2667 1198 2723; x_wconf 87' lang='lat' dir='ltr'><strong>ferreo</strong></span> <span class='ocrx_word' id='word_1_282' title='bbox 1243 2668 1443 2724; x_wconf 82' lang='lat' dir='ltr'><strong>diaboli</strong></span> <span class='ocrx_word' id='word_1_283' title='bbox 1492 2658 1657 2725; x_wconf 89' lang='lat' dir='ltr'><strong>fuerit</strong></span> <span class='ocrx_word' id='word_1_284' title='bbox 1690 2668 1821 2740; x_wconf 90' lang='lat' dir='ltr'><strong>jugo</strong></span> <span class='ocrx_word' id='word_1_285' title='bbox 1846 2670 2181 2740; x_wconf 89' lang='lat' dir='ltr'><strong>depressum,</strong></span> <span class='ocrx_word' id='word_1_286' title='bbox 2212 2676 2269 2724; x_wconf 86' lang='lat' dir='ltr'><strong>et</strong></span> 
     </span>
    </p>
   </div>
   <div class='ocr_carea' id='block_1_43' title="bbox 669 2753 2268 2831">
    <p class='ocr_par' dir='ltr' id='par_1_43' title="bbox 669 2753 2268 2831">
     <span class='ocr_line' id='line_1_43' title="bbox 669 2753 2268 2831; baseline 0.001 -19"><span class='ocrx_word' id='word_1_287' title='bbox 669 2753 779 2812; x_wconf 82' lang='lat' dir='ltr'><strong>hoc</strong></span> <span class='ocrx_word' id='word_1_288' title='bbox 806 2755 1147 2825; x_wconf 87' lang='lat' dir='ltr'><strong>potissimum</strong></span> <span class='ocrx_word' id='word_1_289' title='bbox 1195 2757 1283 2812; x_wconf 89' lang='lat' dir='ltr'><strong>die</strong></span> <span class='ocrx_word' id='word_1_290' title='bbox 1324 2773 1421 2827; x_wconf 89' lang='lat' dir='ltr'><strong>per</strong></span> <span class='ocrx_word' id='word_1_291' title='bbox 1460 2760 1640 2815; x_wconf 87' lang='lat' dir='ltr'><strong>crucis</strong></span> <span class='ocrx_word' id='word_1_292' title='bbox 1682 2760 1893 2831; x_wconf 89' lang='lat' dir='ltr'><strong>insigne</strong></span> <span class='ocrx_word' id='word_1_293' title='bbox 1918 2758 2174 2814; x_wconf 76' lang='lat' dir='ltr'><strong>vexillum</strong></span> <span class='ocrx_word' id='word_1_294' title='bbox 2197 2760 2268 2815; x_wconf 88' lang='lat' dir='ltr'><strong>sit</strong></span> 
     </span>
    </p>
   </div>
   <div class='ocr_carea' id='block_1_44' title="bbox 671 2848 2269 2925">
    <p class='ocr_par' dir='ltr' id='par_1_44' title="bbox 671 2848 2269 2925">
     <span class='ocr_line' id='line_1_44' title="bbox 671 2848 2269 2925; baseline 0.002 -20"><span class='ocrx_word' id='word_1_295' title='bbox 671 2848 1083 2918; x_wconf 78' lang='lat' dir='ltr'><strong>triumphaliter</strong></span> <span class='ocrx_word' id='word_1_296' title='bbox 1123 2851 1473 2919; x_wconf 87' lang='lat' dir='ltr'><strong>absolutum;</strong></span> <span class='ocrx_word' id='word_1_297' title='bbox 1523 2853 1747 2924; x_wconf 87' lang='lat' dir='ltr'><strong>dignum</strong></span> <span class='ocrx_word' id='word_1_298' title='bbox 1800 2853 2046 2925; x_wconf 89' lang='lat' dir='ltr'><strong>profecto</strong></span> <span class='ocrx_word' id='word_1_299' title='bbox 2079 2862 2182 2919; x_wconf 87' lang='lat' dir='ltr'><strong>est,</strong></span> <span class='ocrx_word' id='word_1_300' title='bbox 2208 2862 2269 2909; x_wconf 88' lang='lat' dir='ltr'><strong>ut</strong></span> 
     </span>
    </p>
   </div>
   <div class='ocr_carea' id='block_1_45' title="bbox 669 2938 2265 3009">
    <p class='ocr_par' dir='ltr' id='par_1_45' title="bbox 669 2938 2265 3009">
     <span class='ocr_line' id='line_1_45' title="bbox 669 2938 2265 3009; baseline 0.004 -15"><span class='ocrx_word' id='word_1_301' title='bbox 669 2938 806 2994; x_wconf 86' lang='lat' dir='ltr'><strong>huic</strong></span> <span class='ocrx_word' id='word_1_302' title='bbox 846 2938 990 3006; x_wconf 89' lang='lat' dir='ltr'><strong>diei,</strong></span> <span class='ocrx_word' id='word_1_303' title='bbox 1041 2954 1163 3009; x_wconf 71' lang='lat' dir='ltr'><strong>qua:</strong></span> <span class='ocrx_word' id='word_1_304' title='bbox 1209 2941 1460 2996; x_wconf 86' lang='lat' dir='ltr'><strong>videllcet</strong></span> <span class='ocrx_word' id='word_1_305' title='bbox 1508 2944 1754 2999; x_wconf 91' lang='lat' dir='ltr'><strong>omnium</strong></span> <span class='ocrx_word' id='word_1_306' title='bbox 1812 2953 2033 3000; x_wconf 81' lang='lat' dir='ltr'><strong>aetatum</strong></span> <span class='ocrx_word' id='word_1_307' title='bbox 2090 2959 2265 3001; x_wconf 77' lang='lat' dir='ltr'><strong>nexus</strong></span> 
     </span>
    </p>
   </div>
   <div class='ocr_carea' id='block_1_46' title="bbox 669 3029 2263 3101">
    <p class='ocr_par' dir='ltr' id='par_1_46' title="bbox 669 3029 2263 3101">
     <span class='ocr_line' id='line_1_46' title="bbox 669 3029 2263 3101; baseline 0.005 -19"><span class='ocrx_word' id='word_1_308' title='bbox 669 3029 910 3099; x_wconf 85' lang='lat' dir='ltr'><strong>abrupit,</strong></span> <span class='ocrx_word' id='word_1_309' title='bbox 937 3045 1067 3086; x_wconf 89' lang='lat' dir='ltr'><strong>caro</strong></span> <span class='ocrx_word' id='word_1_310' title='bbox 1093 3040 1281 3087; x_wconf 87' lang='lat' dir='ltr'><strong>nostra</strong></span> <span class='ocrx_word' id='word_1_311' title='bbox 1302 3032 1457 3101; x_wconf 90' lang='lat' dir='ltr'><strong>quasi</strong></span> <span class='ocrx_word' id='word_1_312' title='bbox 1479 3032 1762 3101; x_wconf 88' lang='lat' dir='ltr'><strong>cujusdam</strong></span> <span class='ocrx_word' id='word_1_313' title='bbox 1790 3030 1977 3089; x_wconf 86' lang='lat' dir='ltr'><strong>tributi</strong></span> <span class='ocrx_word' id='word_1_314' title='bbox 2000 3050 2263 3091; x_wconf 89' lang='lat' dir='ltr'><strong>canonem</strong></span> 
     </span>
    </p>
   </div>
   <div class='ocr_carea' id='block_1_47' title="bbox 668 3120 2266 3196">
    <p class='ocr_par' dir='ltr' id='par_1_47' title="bbox 668 3120 2266 3196">
     <span class='ocr_line' id='line_1_47' title="bbox 668 3120 2266 3196; baseline 0.001 -19"><span class='ocrx_word' id='word_1_315' title='bbox 668 3120 871 3187; x_wconf 76' lang='lat' dir='ltr'><strong>solvat,</strong></span> <span class='ocrx_word' id='word_1_316' title='bbox 896 3137 993 3192; x_wconf 89' lang='lat' dir='ltr'><strong>per</strong></span> <span class='ocrx_word' id='word_1_317' title='bbox 1018 3138 1179 3193; x_wconf 90' lang='lat' dir='ltr'><strong>quam</strong></span> <span class='ocrx_word' id='word_1_318' title='bbox 1203 3123 1269 3179; x_wconf 89' lang='lat' dir='ltr'><strong>de</strong></span> <span class='ocrx_word' id='word_1_319' title='bbox 1298 3123 1628 3194; x_wconf 86' lang='lat' dir='ltr'><strong>captivitatis</strong></span> <span class='ocrx_word' id='word_1_320' title='bbox 1652 3140 1765 3180; x_wconf 71' lang='lat' dir='ltr'><strong>suae</strong></span> <span class='ocrx_word' id='word_1_321' title='bbox 1793 3124 2147 3196; x_wconf 86' lang='lat' dir='ltr'><strong>compedibus</strong></span> <span class='ocrx_word' id='word_1_322' title='bbox 2172 3126 2266 3179; x_wconf 92' lang='lat' dir='ltr'><strong>ab-</strong></span> 
     </span>
    </p>
   </div>
   <div class='ocr_carea' id='block_1_48' title="bbox 2373 1936 3976 2000">
    <p class='ocr_par' dir='ltr' id='par_1_48' title="bbox 2373 1936 3976 2000">
     <span class='ocr_line' id='line_1_48' title="bbox 2373 1936 3976 2000; baseline -0.006 0"><span class='ocrx_word' id='word_1_323' title='bbox 2373 1946 2544 2000; x_wconf 89' lang='lat' dir='ltr'><strong>nitate</strong></span> <span class='ocrx_word' id='word_1_324' title='bbox 2591 1943 2770 2000; x_wconf 86' lang='lat' dir='ltr'><strong>vultus</strong></span> <span class='ocrx_word' id='word_1_325' title='bbox 2800 1943 3056 2000; x_wconf 85' lang='lat' dir='ltr'><strong>alacriter</strong></span> <span class='ocrx_word' id='word_1_326' title='bbox 3101 1942 3408 1998; x_wconf 67' lang='lat' dir='ltr'><strong>assultm-e:</strong></span> <span class='ocrx_word' id='word_1_327' title='bbox 3444 1957 3565 1991; x_wconf 54' lang='lat' dir='ltr'><strong>imi;</strong></span> <span class='ocrx_word' id='word_1_328' title='bbox 3608 1948 3663 1992; x_wconf 88' lang='lat' dir='ltr'><strong>ct</strong></span> <span class='ocrx_word' id='word_1_329' title='bbox 3712 1938 3764 1990; x_wconf 82' lang='lat' dir='ltr'><strong>in</strong></span> <span class='ocrx_word' id='word_1_330' title='bbox 3804 1936 3976 1990; x_wconf 83' lang='lat' dir='ltr'><strong>verba</strong></span> 
     </span>
    </p>
   </div>
   <div class='ocr_carea' id='block_1_49' title="bbox 2370 2026 3976 2107">
    <p class='ocr_par' dir='ltr' id='par_1_49' title="bbox 2370 2026 3976 2107">
     <span class='ocr_line' id='line_1_49' title="bbox 2370 2026 3976 2107; baseline -0.007 -15"><span class='ocrx_word' id='word_1_331' title='bbox 2370 2052 2753 2107; x_wconf 77' lang='lat' dir='ltr'><strong>prorumpens,</strong></span> <span class='ocrx_word' id='word_1_332' title='bbox 2789 2051 2913 2091; x_wconf 92' lang='lat' dir='ltr'><strong>cum</strong></span> <span class='ocrx_word' id='word_1_333' title='bbox 2959 2048 3160 2105; x_wconf 86' lang='lat' dir='ltr'><strong>magno</strong></span> <span class='ocrx_word' id='word_1_334' title='bbox 3200 2030 3691 2087; x_wconf 47' lang='lat' dir='ltr'><strong>animm?minionis</strong></span> <span class='ocrx_word' id='word_1_335' title='bbox 3735 2026 3976 2097; x_wconf 88' lang='lat' dir='ltr'><strong>impulsu</strong></span> 
     </span>
    </p>
   </div>
   <div class='ocr_carea' id='block_1_50' title="bbox 2373 2119 3974 2194">
    <p class='ocr_par' dir='ltr' id='par_1_50' title="bbox 2373 2119 3974 2194">
     <span class='ocr_line' id='line_1_50' title="bbox 2373 2119 3974 2194; baseline -0.004 -15"><span class='ocrx_word' id='word_1_336' title='bbox 2373 2126 2835 2182; x_wconf 87' lang='lat' dir='ltr'><strong>circumsedentes</strong></span> <span class='ocrx_word' id='word_1_337' title='bbox 2880 2124 3218 2194; x_wconf 85' lang='lat' dir='ltr'><strong>alloquitur:</strong></span> <span class='ocrx_word' id='word_1_338' title='bbox 3253 2122 3475 2188; x_wconf 86' lang='lat' dir='ltr'><strong>Levate,</strong></span> <span class='ocrx_word' id='word_1_339' title='bbox 3521 2121 3719 2191; x_wconf 89' lang='lat' dir='ltr'><strong>inquit,</strong></span> <span class='ocrx_word' id='word_1_340' title='bbox 3772 2119 3974 2184; x_wconf 80' lang='lat' dir='ltr'><strong>levate,</strong></span> 
     </span>
    </p>
   </div>
   <div class='ocr_carea' id='block_1_51' title="bbox 2375 2207 3983 2283">
    <p class='ocr_par' dir='ltr' id='par_1_51' title="bbox 2375 2207 3983 2283">
     <span class='ocr_line' id='line_1_51' title="bbox 2375 2207 3983 2283; baseline -0.006 -12"><span class='ocrx_word' id='word_1_341' title='bbox 2375 2230 2438 2271; x_wconf 86' lang='lat' dir='ltr'><strong>ac</strong></span> <span class='ocrx_word' id='word_1_342' title='bbox 2462 2216 2695 2272; x_wconf 72' lang='lat' dir='ltr'><strong>domina:</strong></span> <span class='ocrx_word' id='word_1_343' title='bbox 2736 2230 2870 2269; x_wconf 61' lang='lat' dir='ltr'><strong>mere</strong></span> <span class='ocrx_word' id='word_1_344' title='bbox 2899 2209 3217 2269; x_wconf 74' lang='lat' dir='ltr'><strong>reverenter</strong></span> <span class='ocrx_word' id='word_1_345' title='bbox 3248 2212 3553 2283; x_wconf 88' lang='lat' dir='ltr'><strong>assurgite;</strong></span> <span class='ocrx_word' id='word_1_346' title='bbox 3587 2208 3781 2265; x_wconf 86' lang='lat' dir='ltr'><strong>deinde</strong></span> <span class='ocrx_word' id='word_1_347' title='bbox 3814 2207 3983 2262; x_wconf 83' lang='lat' dir='ltr'><strong>alior-</strong></span> 
     </span>
    </p>
   </div>
   <div class='ocr_carea' id='block_1_52' title="bbox 2372 2296 3981 2373">
    <p class='ocr_par' dir='ltr' id='par_1_52' title="bbox 2372 2296 3981 2373">
     <span class='ocr_line' id='line_1_52' title="bbox 2372 2296 3981 2373; baseline -0.007 -13"><span class='ocrx_word' id='word_1_348' title='bbox 2372 2322 2492 2361; x_wconf 88' lang='lat' dir='ltr'><strong>sum</strong></span> <span class='ocrx_word' id='word_1_349' title='bbox 2535 2313 2758 2359; x_wconf 70' lang='lat' dir='ltr'><strong>mutatze</strong></span> <span class='ocrx_word' id='word_1_350' title='bbox 2811 2304 2963 2358; x_wconf 83' lang='lat' dir='ltr'><strong>vocis</strong></span> <span class='ocrx_word' id='word_1_351' title='bbox 3004 2302 3279 2373; x_wconf 89' lang='lat' dir='ltr'><strong>eloquium</strong></span> <span class='ocrx_word' id='word_1_352' title='bbox 3332 2301 3596 2371; x_wconf 76' lang='lat' dir='ltr'><strong>dirigens,</strong></span> <span class='ocrx_word' id='word_1_353' title='bbox 3649 2299 3831 2353; x_wconf 88' lang='lat' dir='ltr'><strong>aiebat</strong></span> <span class='ocrx_word' id='word_1_354' title='bbox 3863 2314 3876 2349; x_wconf 91' lang='lat'><strong>:</strong></span> <span class='ocrx_word' id='word_1_355' title='bbox 3909 2296 3981 2350; x_wconf 81' lang='lat' dir='ltr'><strong>Et</strong></span> 
     </span>
    </p>
   </div>
   <div class='ocr_carea' id='block_1_53' title="bbox 2370 2388 3979 2466">
    <p class='ocr_par' dir='ltr' id='par_1_53' title="bbox 2370 2388 3979 2466">
     <span class='ocr_line' id='line_1_53' title="bbox 2370 2388 3979 2466; baseline -0.004 -18"><span class='ocrx_word' id='word_1_356' title='bbox 2370 2396 2500 2466; x_wconf 88' lang='lat' dir='ltr'><strong>quid</strong></span> <span class='ocrx_word' id='word_1_357' title='bbox 2544 2404 2658 2461; x_wconf 91' lang='lat' dir='ltr'><strong>est,</strong></span> <span class='ocrx_word' id='word_1_358' title='bbox 2698 2395 2919 2449; x_wconf 90' lang='lat' dir='ltr'><strong>domina</strong></span> <span class='ocrx_word' id='word_1_359' title='bbox 2967 2408 3111 2459; x_wconf 89' lang='lat' dir='ltr'><strong>mea,</strong></span> <span class='ocrx_word' id='word_1_360' title='bbox 3155 2392 3339 2463; x_wconf 88' lang='lat' dir='ltr'><strong>regina</strong></span> <span class='ocrx_word' id='word_1_361' title='bbox 3377 2392 3477 2448; x_wconf 71' lang='lat' dir='ltr'><strong>cmi</strong></span> <span class='ocrx_word' id='word_1_362' title='bbox 3540 2400 3593 2447; x_wconf 91' lang='lat' dir='ltr'><strong>et</strong></span> <span class='ocrx_word' id='word_1_363' title='bbox 3634 2400 3816 2455; x_wconf 71' lang='lat' dir='ltr'><strong>terrae,</strong></span> <span class='ocrx_word' id='word_1_364' title='bbox 3846 2388 3979 2458; x_wconf 87' lang='lat' dir='ltr'><strong>quia</strong></span> 
     </span>
    </p>
   </div>
   <div class='ocr_carea' id='block_1_54' title="bbox 2369 2481 3976 2558">
    <p class='ocr_par' dir='ltr' id='par_1_54' title="bbox 2369 2481 3976 2558">
     <span class='ocr_line' id='line_1_54' title="bbox 2369 2481 3976 2558; baseline -0.003 -19"><span class='ocrx_word' id='word_1_365' title='bbox 2369 2488 2593 2542; x_wconf 72' lang='lat' dir='ltr'><strong>visitare</strong></span> <span class='ocrx_word' id='word_1_366' title='bbox 2646 2488 2869 2558; x_wconf 81' lang='lat' dir='ltr'><strong>dignata</strong></span> <span class='ocrx_word' id='word_1_367' title='bbox 2918 2501 2977 2542; x_wconf 88' lang='lat' dir='ltr'><strong>es</strong></span> <span class='ocrx_word' id='word_1_368' title='bbox 3036 2486 3427 2557; x_wconf 80' lang='lat' dir='ltr'><strong>paupet‘culmn</strong></span> <span class='ocrx_word' id='word_1_369' title='bbox 3492 2499 3712 2541; x_wconf 88' lang='lat' dir='ltr'><strong>servum</strong></span> <span class='ocrx_word' id='word_1_370' title='bbox 3777 2481 3976 2536; x_wconf 80' lang='lat' dir='ltr'><strong>tuum?</strong></span> 
     </span>
    </p>
   </div>
   <div class='ocr_carea' id='block_1_55' title="bbox 2367 2574 3976 2647">
    <p class='ocr_par' dir='ltr' id='par_1_55' title="bbox 2367 2574 3976 2647">
     <span class='ocr_line' id='line_1_55' title="bbox 2367 2574 3976 2647; baseline -0.002 -13"><span class='ocrx_word' id='word_1_371' title='bbox 2367 2578 2607 2634; x_wconf 84' lang='lat' dir='ltr'><strong>Benedic</strong></span> <span class='ocrx_word' id='word_1_372' title='bbox 2636 2595 2742 2644; x_wconf 92' lang='lat' dir='ltr'><strong>me,</strong></span> <span class='ocrx_word' id='word_1_373' title='bbox 2775 2580 2991 2634; x_wconf 88' lang='lat' dir='ltr'><strong>domina</strong></span> <span class='ocrx_word' id='word_1_374' title='bbox 3029 2594 3171 2644; x_wconf 88' lang='lat' dir='ltr'><strong>mea,</strong></span> <span class='ocrx_word' id='word_1_375' title='bbox 3200 2588 3255 2635; x_wconf 90' lang='lat' dir='ltr'><strong>et</strong></span> <span class='ocrx_word' id='word_1_376' title='bbox 3281 2592 3349 2633; x_wconf 90' lang='lat' dir='ltr'><strong>ne</strong></span> <span class='ocrx_word' id='word_1_377' title='bbox 3379 2577 3608 2647; x_wconf 85' lang='lat' dir='ltr'><strong>patiaris</strong></span> <span class='ocrx_word' id='word_1_378' title='bbox 3640 2577 3693 2631; x_wconf 90' lang='lat' dir='ltr'><strong>in</strong></span> <span class='ocrx_word' id='word_1_379' title='bbox 3723 2574 3976 2631; x_wconf 80' lang='lat' dir='ltr'><strong>tenebras</strong></span> 
     </span>
    </p>
   </div>
   <div class='ocr_carea' id='block_1_56' title="bbox 2370 2665 3974 2739">
    <p class='ocr_par' dir='ltr' id='par_1_56' title="bbox 2370 2665 3974 2739">
     <span class='ocr_line' id='line_1_56' title="bbox 2370 2665 3974 2739; baseline -0.002 -16"><span class='ocrx_word' id='word_1_380' title='bbox 2370 2668 2475 2734; x_wconf 84' lang='lat' dir='ltr'><strong>ire,</strong></span> <span class='ocrx_word' id='word_1_381' title='bbox 2490 2670 2576 2723; x_wconf 92' lang='lat' dir='ltr'><strong>cui</strong></span> <span class='ocrx_word' id='word_1_382' title='bbox 2602 2668 2777 2723; x_wconf 91' lang='lat' dir='ltr'><strong>lucem</strong></span> <span class='ocrx_word' id='word_1_383' title='bbox 2800 2677 2964 2723; x_wconf 66' lang='lat' dir='ltr'><strong>tanta:</strong></span> <span class='ocrx_word' id='word_1_384' title='bbox 2991 2670 3299 2739; x_wconf 72' lang='lat' dir='ltr'><strong>praesentia:</strong></span> <span class='ocrx_word' id='word_1_385' title='bbox 3330 2666 3635 2722; x_wconf 87' lang='lat' dir='ltr'><strong>contulisti.</strong></span> <span class='ocrx_word' id='word_1_386' title='bbox 3652 2665 3787 2721; x_wconf 92' lang='lat' dir='ltr'><strong>Cum</strong></span> <span class='ocrx_word' id='word_1_387' title='bbox 3806 2665 3974 2736; x_wconf 88' lang='lat' dir='ltr'><strong>igitur</strong></span> 
     </span>
    </p>
   </div>
   <div class='ocr_carea' id='block_1_57' title="bbox 2372 2753 3977 2828">
    <p class='ocr_par' dir='ltr' id='par_1_57' title="bbox 2372 2753 3977 2828">
     <span class='ocr_line' id='line_1_57' title="bbox 2372 2753 3977 2828; baseline -0.001 -15"><span class='ocrx_word' id='word_1_388' title='bbox 2372 2757 2681 2827; x_wconf 74' lang='lat' dir='ltr'><strong>hujusmodi</strong></span> <span class='ocrx_word' id='word_1_389' title='bbox 2712 2772 2995 2813; x_wconf 88' lang='lat' dir='ltr'><strong>sermones</strong></span> <span class='ocrx_word' id='word_1_390' title='bbox 3022 2758 3331 2828; x_wconf 83' lang='lat' dir='ltr'><strong>implesset;</strong></span> <span class='ocrx_word' id='word_1_391' title='bbox 3363 2772 3491 2812; x_wconf 90' lang='lat' dir='ltr'><strong>ecce</strong></span> <span class='ocrx_word' id='word_1_392' title='bbox 3530 2757 3847 2821; x_wconf 90' lang='lat' dir='ltr'><strong>Damianus,</strong></span> <span class='ocrx_word' id='word_1_393' title='bbox 3877 2753 3977 2825; x_wconf 80' lang='lat' dir='ltr'><strong>qui</strong></span> 
     </span>
    </p>
   </div>
   <div class='ocr_carea' id='block_1_58' title="bbox 2371 2836 3976 2927">
    <p class='ocr_par' dir='ltr' id='par_1_58' title="bbox 2371 2836 3976 2927">
     <span class='ocr_line' id='line_1_58' title="bbox 2371 2836 3976 2927; baseline -0.002 -26"><span class='ocrx_word' id='word_1_394' title='bbox 2371 2848 2579 2903; x_wconf 86' lang='lat' dir='ltr'><strong>scilicet</strong></span> <span class='ocrx_word' id='word_1_395' title='bbox 2610 2848 2707 2913; x_wconf 91' lang='lat' dir='ltr'><strong>illi,</strong></span> <span class='ocrx_word' id='word_1_396' title='bbox 2754 2836 2897 2903; x_wconf 85' lang='lat' dir='ltr'><strong>sicut</strong></span> <span class='ocrx_word' id='word_1_397' title='bbox 2924 2857 2981 2903; x_wconf 89' lang='lat' dir='ltr'><strong>et</strong></span> <span class='ocrx_word' id='word_1_398' title='bbox 3008 2848 3141 2903; x_wconf 89' lang='lat' dir='ltr'><strong>mihi</strong></span> <span class='ocrx_word' id='word_1_399' title='bbox 3176 2856 3294 2903; x_wconf 90' lang='lat' dir='ltr'><strong>erat</strong></span> <span class='ocrx_word' id='word_1_400' title='bbox 3340 2848 3703 2918; x_wconf 88' lang='lat' dir='ltr'><strong>germanitate</strong></span> <span class='ocrx_word' id='word_1_401' title='bbox 3747 2844 3976 2927; x_wconf 81' lang='lat' dir='ltr'><strong>conjun-</strong></span> 
     </span>
    </p>
   </div>
   <div class='ocr_carea' id='block_1_59' title="bbox 2372 2936 3975 3011">
    <p class='ocr_par' dir='ltr' id='par_1_59' title="bbox 2372 2936 3975 3011">
     <span class='ocr_line' id='line_1_59' title="bbox 2372 2936 3975 3011; baseline -0.004 -14"><span class='ocrx_word' id='word_1_402' title='bbox 2372 2950 2512 3007; x_wconf 91' lang='lat' dir='ltr'><strong>ctus,</strong></span> <span class='ocrx_word' id='word_1_403' title='bbox 2536 2940 2825 3011; x_wconf 86' lang='lat' dir='ltr'><strong>persolutis</strong></span> <span class='ocrx_word' id='word_1_404' title='bbox 2871 2942 2983 2997; x_wconf 90' lang='lat' dir='ltr'><strong>Deo</strong></span> <span class='ocrx_word' id='word_1_405' title='bbox 3040 2941 3325 2996; x_wconf 84' lang='lat' dir='ltr'><strong>nocturnis</strong></span> <span class='ocrx_word' id='word_1_406' title='bbox 3366 2939 3576 3005; x_wconf 80' lang='lat' dir='ltr'><strong>ciliciis,</strong></span> <span class='ocrx_word' id='word_1_407' title='bbox 3616 2940 3683 2994; x_wconf 91' lang='lat' dir='ltr'><strong>ab</strong></span> <span class='ocrx_word' id='word_1_408' title='bbox 3728 2936 3975 2993; x_wconf 87' lang='lat' dir='ltr'><strong>Ecclesia</strong></span> 
     </span>
    </p>
   </div>
   <div class='ocr_carea' id='block_1_60' title="bbox 2370 3028 3973 3103">
    <p class='ocr_par' dir='ltr' id='par_1_60' title="bbox 2370 3028 3973 3103">
     <span class='ocr_line' id='line_1_60' title="bbox 2370 3028 3973 3103; baseline -0.004 -14"><span class='ocrx_word' id='word_1_409' title='bbox 2370 3033 2532 3089; x_wconf 82' lang='lat' dir='ltr'><strong>redit.</strong></span> <span class='ocrx_word' id='word_1_410' title='bbox 2564 3032 2705 3100; x_wconf 83' lang='lat' dir='ltr'><strong>Quid</strong></span> <span class='ocrx_word' id='word_1_411' title='bbox 2742 3035 2889 3089; x_wconf 88' lang='lat' dir='ltr'><strong>circa</strong></span> <span class='ocrx_word' id='word_1_412' title='bbox 2945 3033 3174 3089; x_wconf 81' lang='lat' dir='ltr'><strong>fratrem</strong></span> <span class='ocrx_word' id='word_1_413' title='bbox 3224 3032 3537 3103; x_wconf 87' lang='lat' dir='ltr'><strong>languidum</strong></span> <span class='ocrx_word' id='word_1_414' title='bbox 3580 3038 3856 3100; x_wconf 86' lang='lat' dir='ltr'><strong>ageretur,</strong></span> <span class='ocrx_word' id='word_1_415' title='bbox 3885 3028 3973 3083; x_wconf 88' lang='lat' dir='ltr'><strong>in-</strong></span> 
     </span>
    </p>
   </div>
   <div class='ocr_carea' id='block_1_61' title="bbox 2370 3122 3978 3197">
    <p class='ocr_par' dir='ltr' id='par_1_61' title="bbox 2370 3122 3978 3197">
     <span class='ocr_line' id='line_1_61' title="bbox 2370 3122 3978 3197; baseline -0.004 -16"><span class='ocrx_word' id='word_1_416' title='bbox 2370 3125 2561 3197; x_wconf 88' lang='lat' dir='ltr'><strong>quirit.</strong></span> <span class='ocrx_word' id='word_1_417' title='bbox 2602 3124 2697 3180; x_wconf 84' lang='lat' dir='ltr'><strong>ille</strong></span> <span class='ocrx_word' id='word_1_418' title='bbox 2726 3140 2857 3181; x_wconf 83' lang='lat' dir='ltr'><strong>vero</strong></span> <span class='ocrx_word' id='word_1_419' title='bbox 2895 3134 3104 3181; x_wconf 86' lang='lat' dir='ltr'><strong>certum</strong></span> <span class='ocrx_word' id='word_1_420' title='bbox 3139 3139 3199 3180; x_wconf 89' lang='lat' dir='ltr'><strong>se</strong></span> <span class='ocrx_word' id='word_1_421' title='bbox 3240 3124 3463 3194; x_wconf 84' lang='lat' dir='ltr'><strong>quidem</strong></span> <span class='ocrx_word' id='word_1_422' title='bbox 3494 3123 3560 3177; x_wconf 89' lang='lat' dir='ltr'><strong>de</strong></span> <span class='ocrx_word' id='word_1_423' title='bbox 3590 3122 3769 3177; x_wconf 86' lang='lat' dir='ltr'><strong>vicina</strong></span> <span class='ocrx_word' id='word_1_424' title='bbox 3798 3129 3978 3175; x_wconf 84' lang='lat' dir='ltr'><strong>morte</strong></span> 
     </span>
    </p>
   </div>
   <div class='ocr_carea' id='block_1_62' title="bbox 668 3213 3970 3288">
    <p class='ocr_par' dir='ltr' id='par_1_62' title="bbox 668 3213 3970 3288">
     <span class='ocr_line' id='line_1_62' title="bbox 668 3213 3970 3288; baseline -0.001 -18"><span class='ocrx_word' id='word_1_425' title='bbox 668 3213 847 3270; x_wconf 87' lang='lat' dir='ltr'><strong>soluta</strong></span> <span class='ocrx_word' id='word_1_426' title='bbox 878 3215 1157 3286; x_wconf 90' lang='lat' dir='ltr'><strong>tripudiat.</strong></span> <span class='ocrx_word' id='word_1_427' title='bbox 1207 3216 1377 3271; x_wconf 80' lang='lat' dir='ltr'><strong>Aiunt</strong></span> <span class='ocrx_word' id='word_1_428' title='bbox 1415 3216 1601 3283; x_wconf 88' lang='lat' dir='ltr'><strong>etiam,</strong></span> <span class='ocrx_word' id='word_1_429' title='bbox 1632 3217 1760 3288; x_wconf 89' lang='lat' dir='ltr'><strong>quia</strong></span> <span class='ocrx_word' id='word_1_430' title='bbox 1800 3233 1923 3274; x_wconf 90' lang='lat' dir='ltr'><strong>cum</strong></span> <span class='ocrx_word' id='word_1_431' title='bbox 1960 3220 2014 3274; x_wconf 94' lang='lat' dir='ltr'><strong>in</strong></span> <span class='ocrx_word' id='word_1_432' title='bbox 2040 3220 2126 3276; x_wconf 90' lang='lat' dir='ltr'><strong>die</strong></span> <span class='ocrx_word' id='word_1_433' title='bbox 2151 3228 2265 3277; x_wconf 90' lang='lat' dir='ltr'><strong>tre—</strong></span> <span class='ocrx_word' id='word_1_434' title='bbox 2292 3214 2340 3280; x_wconf 90' lang='lat' dir='ltr'><strong>C</strong></span> <span class='ocrx_word' id='word_1_435' title='bbox 2372 3226 2631 3284; x_wconf 86' lang='lat' dir='ltr'><strong>testatur,</strong></span> <span class='ocrx_word' id='word_1_436' title='bbox 2661 3218 2759 3273; x_wconf 90' lang='lat' dir='ltr'><strong>sed</strong></span> <span class='ocrx_word' id='word_1_437' title='bbox 2788 3218 3052 3273; x_wconf 86' lang='lat' dir='ltr'><strong>adversus</strong></span> <span class='ocrx_word' id='word_1_438' title='bbox 3080 3216 3389 3273; x_wconf 90' lang='lat' dir='ltr'><strong>assidentes</strong></span> <span class='ocrx_word' id='word_1_439' title='bbox 3414 3214 3679 3285; x_wconf 85' lang='lat' dir='ltr'><strong>probrosa</strong></span> <span class='ocrx_word' id='word_1_440' title='bbox 3707 3213 3970 3284; x_wconf 83' lang='lat' dir='ltr'><strong>redargu-</strong></span> 
     </span>
    </p>
   </div>
   <div class='ocr_carea' id='block_1_63' title="bbox 669 3305 2233 3381">
    <p class='ocr_par' dir='ltr' id='par_1_63' title="bbox 669 3305 2233 3381">
     <span class='ocr_line' id='line_1_63' title="bbox 669 3305 2233 3381; baseline 0.003 -20"><span class='ocrx_word' id='word_1_441' title='bbox 669 3305 884 3362; x_wconf 86' lang='lat' dir='ltr'><strong>mendis</strong></span> <span class='ocrx_word' id='word_1_442' title='bbox 907 3306 1175 3363; x_wconf 78' lang='lat' dir='ltr'><strong>examinis</strong></span> <span class='ocrx_word' id='word_1_443' title='bbox 1196 3307 1401 3364; x_wconf 87' lang='lat' dir='ltr'><strong>arbiter</strong></span> <span class='ocrx_word' id='word_1_444' title='bbox 1428 3316 1667 3364; x_wconf 66' lang='lat' dir='ltr'><strong>aeternus</strong></span> <span class='ocrx_word' id='word_1_445' title='bbox 1707 3308 1973 3375; x_wconf 80' lang='lat' dir='ltr'><strong>illuxerit,</strong></span> <span class='ocrx_word' id='word_1_446' title='bbox 2003 3309 2233 3381; x_wconf 84' lang='lat' dir='ltr'><strong>angelici</strong></span> 
     </span>
    </p>
   </div>
   <div class='ocr_carea' id='block_1_64' title="bbox 670 3399 2262 3471">
    <p class='ocr_par' dir='ltr' id='par_1_64' title="bbox 670 3399 2262 3471">
     <span class='ocr_line' id='line_1_64' title="bbox 670 3399 2262 3471; baseline 0.001 -14"><span class='ocrx_word' id='word_1_447' title='bbox 670 3399 921 3469; x_wconf 81' lang='lat' dir='ltr'><strong>undique</strong></span> <span class='ocrx_word' id='word_1_448' title='bbox 976 3401 1312 3471; x_wconf 89' lang='lat' dir='ltr'><strong>constipatus</strong></span> <span class='ocrx_word' id='word_1_449' title='bbox 1362 3401 1662 3471; x_wconf 86' lang='lat' dir='ltr'><strong>obsequiis,</strong></span> <span class='ocrx_word' id='word_1_450' title='bbox 1689 3404 1903 3459; x_wconf 89' lang='lat' dir='ltr'><strong>cunctis</strong></span> <span class='ocrx_word' id='word_1_451' title='bbox 1946 3406 2111 3459; x_wconf 89' lang='lat' dir='ltr'><strong>etiam</strong></span> <span class='ocrx_word' id='word_1_452' title='bbox 2151 3404 2262 3461; x_wconf 82' lang='lat' dir='ltr'><strong>ele—</strong></span> 
     </span>
    </p>
   </div>
   <div class='ocr_carea' id='block_1_65' title="bbox 670 3491 2263 3567">
    <p class='ocr_par' dir='ltr' id='par_1_65' title="bbox 670 3491 2263 3567">
     <span class='ocr_line' id='line_1_65' title="bbox 670 3491 2263 3567; baseline 0 -17"><span class='ocrx_word' id='word_1_453' title='bbox 670 3492 879 3550; x_wconf 86' lang='lat' dir='ltr'><strong>mentis</strong></span> <span class='ocrx_word' id='word_1_454' title='bbox 924 3501 1089 3551; x_wconf 87' lang='lat' dir='ltr'><strong>tantae</strong></span> <span class='ocrx_word' id='word_1_455' title='bbox 1135 3491 1437 3561; x_wconf 86' lang='lat' dir='ltr'><strong>majestatis</strong></span> <span class='ocrx_word' id='word_1_456' title='bbox 1481 3494 1710 3549; x_wconf 91' lang='lat' dir='ltr'><strong>horrore</strong></span> <span class='ocrx_word' id='word_1_457' title='bbox 1746 3494 2028 3564; x_wconf 88' lang='lat' dir='ltr'><strong>permotis,</strong></span> <span class='ocrx_word' id='word_1_458' title='bbox 2061 3505 2263 3567; x_wconf 63' lang='lat' dir='ltr'><strong>prtesto</strong></span> 
     </span>
    </p>
   </div>
   <div class='ocr_carea' id='block_1_66' title="bbox 668 3583 2265 3657">
    <p class='ocr_par' dir='ltr' id='par_1_66' title="bbox 668 3583 2265 3657">
     <span class='ocr_line' id='line_1_66' title="bbox 668 3583 2265 3657; baseline 0.002 -17"><span class='ocrx_word' id='word_1_459' title='bbox 668 3584 833 3640; x_wconf 83' lang='lat' dir='ltr'><strong>beata</strong></span> <span class='ocrx_word' id='word_1_460' title='bbox 893 3600 1021 3641; x_wconf 77' lang='lat' dir='ltr'><strong>crux</strong></span> <span class='ocrx_word' id='word_1_461' title='bbox 1072 3585 1216 3640; x_wconf 88' lang='lat' dir='ltr'><strong>ulnis</strong></span> <span class='ocrx_word' id='word_1_462' title='bbox 1278 3583 1575 3641; x_wconf 86' lang='lat' dir='ltr'><strong>advehetur</strong></span> <span class='ocrx_word' id='word_1_463' title='bbox 1630 3585 1981 3657; x_wconf 80' lang='lat' dir='ltr'><strong>angelorum,</strong></span> <span class='ocrx_word' id='word_1_464' title='bbox 2034 3596 2089 3642; x_wconf 89' lang='lat' dir='ltr'><strong>et</strong></span> <span class='ocrx_word' id='word_1_465' title='bbox 2137 3595 2265 3643; x_wconf 87' lang='lat' dir='ltr'><strong>ante</strong></span> 
     </span>
    </p>
   </div>
   <div class='ocr_carea' id='block_1_67' title="bbox 670 3675 2262 3745">
    <p class='ocr_par' dir='ltr' id='par_1_67' title="bbox 670 3675 2262 3745">
     <span class='ocr_line' id='line_1_67' title="bbox 670 3675 2262 3745; baseline 0.002 -15"><span class='ocrx_word' id='word_1_466' title='bbox 670 3681 993 3730; x_wconf 88' lang='lat' dir='ltr'><strong>cunctorum</strong></span> <span class='ocrx_word' id='word_1_467' title='bbox 1032 3683 1303 3731; x_wconf 86' lang='lat' dir='ltr'><strong>statuetur</strong></span> <span class='ocrx_word' id='word_1_468' title='bbox 1340 3690 1437 3731; x_wconf 89' lang='lat' dir='ltr'><strong>ora</strong></span> <span class='ocrx_word' id='word_1_469' title='bbox 1463 3675 1773 3732; x_wconf 88' lang='lat' dir='ltr'><strong>mortalium</strong></span> <span class='ocrx_word' id='word_1_470' title='bbox 1792 3718 1806 3743; x_wconf 96' lang='lat'><strong>,</strong></span> <span class='ocrx_word' id='word_1_471' title='bbox 1832 3691 1938 3732; x_wconf 93' lang='lat' dir='ltr'><strong>non</strong></span> <span class='ocrx_word' id='word_1_472' title='bbox 1963 3675 2074 3745; x_wconf 88' lang='lat' dir='ltr'><strong>jam</strong></span> <span class='ocrx_word' id='word_1_473' title='bbox 2104 3693 2262 3745; x_wconf 90' lang='lat' dir='ltr'><strong>auro,</strong></span> 
     </span>
    </p>
   </div>
   <div class='ocr_carea' id='block_1_68' title="bbox 669 3762 2267 3840">
    <p class='ocr_par' dir='ltr' id='par_1_68' title="bbox 669 3762 2267 3840">
     <span class='ocr_line' id='line_1_68' title="bbox 669 3762 2267 3840; baseline 0.003 -20"><span class='ocrx_word' id='word_1_474' title='bbox 669 3762 761 3820; x_wconf 72' lang='lat' dir='ltr'><strong>vel</strong></span> <span class='ocrx_word' id='word_1_475' title='bbox 787 3764 1098 3834; x_wconf 83' lang='lat' dir='ltr'><strong>margaritis</strong></span> <span class='ocrx_word' id='word_1_476' title='bbox 1123 3774 1335 3829; x_wconf 80' lang='lat' dir='ltr'><strong>emata,</strong></span> <span class='ocrx_word' id='word_1_477' title='bbox 1352 3766 1443 3822; x_wconf 89' lang='lat' dir='ltr'><strong>sed</strong></span> <span class='ocrx_word' id='word_1_478' title='bbox 1461 3767 1772 3823; x_wconf 83' lang='lat' dir='ltr'><strong>rutilantior</strong></span> <span class='ocrx_word' id='word_1_479' title='bbox 1794 3767 1929 3834; x_wconf 90' lang='lat' dir='ltr'><strong>sole,</strong></span> <span class='ocrx_word' id='word_1_480' title='bbox 1946 3771 2267 3840; x_wconf 83' lang='lat' dir='ltr'><strong>cunctisque</strong></span> 
     </span>
    </p>
   </div>
   <div class='ocr_carea' id='block_1_69' title="bbox 673 3854 2267 3929">
    <p class='ocr_par' dir='ltr' id='par_1_69' title="bbox 673 3854 2267 3929">
     <span class='ocr_line' id='line_1_69' title="bbox 673 3854 2267 3929; baseline 0.005 -20"><span class='ocrx_word' id='word_1_481' title='bbox 673 3854 949 3910; x_wconf 87' lang='lat' dir='ltr'><strong>sideribus</strong></span> <span class='ocrx_word' id='word_1_482' title='bbox 962 3871 1029 3911; x_wconf 77' lang='lat' dir='ltr'><strong>ex</strong></span> <span class='ocrx_word' id='word_1_483' title='bbox 1048 3855 1248 3911; x_wconf 86' lang='lat' dir='ltr'><strong>virtute</strong></span> <span class='ocrx_word' id='word_1_484' title='bbox 1272 3856 1472 3911; x_wconf 85' lang='lat' dir='ltr'><strong>divina.</strong></span> <span class='ocrx_word' id='word_1_485' title='bbox 1498 3854 1655 3912; x_wconf 89' lang='lat' dir='ltr'><strong>Tunc</strong></span> <span class='ocrx_word' id='word_1_486' title='bbox 1674 3858 1860 3929; x_wconf 86' lang='lat' dir='ltr'><strong>itaque</strong></span> <span class='ocrx_word' id='word_1_487' title='bbox 1876 3876 2035 3928; x_wconf 90' lang='lat' dir='ltr'><strong>quam</strong></span> <span class='ocrx_word' id='word_1_488' title='bbox 2051 3861 2267 3917; x_wconf 85' lang='lat' dir='ltr'><strong>sincero</strong></span> 
     </span>
    </p>
   </div>
   <div class='ocr_carea' id='block_1_70' title="bbox 672 3948 2268 4022">
    <p class='ocr_par' dir='ltr' id='par_1_70' title="bbox 672 3948 2268 4022">
     <span class='ocr_line' id='line_1_70' title="bbox 672 3948 2268 4022; baseline 0.003 -17"><span class='ocrx_word' id='word_1_489' title='bbox 672 3948 864 4013; x_wconf 85' lang='lat' dir='ltr'><strong>corde,</strong></span> <span class='ocrx_word' id='word_1_490' title='bbox 902 3960 957 4005; x_wconf 87' lang='lat' dir='ltr'><strong>et</strong></span> <span class='ocrx_word' id='word_1_491' title='bbox 1004 3948 1175 4007; x_wconf 90' lang='lat' dir='ltr'><strong>libera</strong></span> <span class='ocrx_word' id='word_1_492' title='bbox 1232 3950 1567 4007; x_wconf 87' lang='lat' dir='ltr'><strong>conscientia</strong></span> <span class='ocrx_word' id='word_1_493' title='bbox 1619 3959 1746 4009; x_wconf 88' lang='lat' dir='ltr'><strong>ante</strong></span> <span class='ocrx_word' id='word_1_494' title='bbox 1791 3952 2023 4009; x_wconf 87' lang='lat' dir='ltr'><strong>sublime</strong></span> <span class='ocrx_word' id='word_1_495' title='bbox 2072 3955 2268 4022; x_wconf 83' lang='lat' dir='ltr'><strong>solium</strong></span> 
     </span>
    </p>
   </div>
   <div class='ocr_carea' id='block_1_71' title="bbox 671 4037 2269 4113">
    <p class='ocr_par' dir='ltr' id='par_1_71' title="bbox 671 4037 2269 4113">
     <span class='ocr_line' id='line_1_71' title="bbox 671 4037 2269 4113; baseline 0.003 -18"><span class='ocrx_word' id='word_1_496' title='bbox 671 4037 1023 4097; x_wconf 76' lang='lat' dir='ltr'><strong>ﬂammivomi</strong></span> <span class='ocrx_word' id='word_1_497' title='bbox 1068 4042 1354 4099; x_wconf 68' lang='lat' dir='ltr'><strong>tribunalis</strong></span> <span class='ocrx_word' id='word_1_498' title='bbox 1406 4042 1642 4111; x_wconf 87' lang='lat' dir='ltr'><strong>assistit,</strong></span> <span class='ocrx_word' id='word_1_499' title='bbox 1692 4044 1785 4113; x_wconf 89' lang='lat' dir='ltr'><strong>qui</strong></span> <span class='ocrx_word' id='word_1_500' title='bbox 1833 4044 2113 4100; x_wconf 85' lang='lat' dir='ltr'><strong>servitutis</strong></span> <span class='ocrx_word' id='word_1_501' title='bbox 2155 4059 2269 4101; x_wconf 71' lang='lat' dir='ltr'><strong>suas</strong></span> 
     </span>
    </p>
   </div>
   <div class='ocr_carea' id='block_1_72' title="bbox 671 4135 2271 4208">
    <p class='ocr_par' dir='ltr' id='par_1_72' title="bbox 671 4135 2271 4208">
     <span class='ocr_line' id='line_1_72' title="bbox 671 4135 2271 4208; baseline 0.003 -19"><span class='ocrx_word' id='word_1_502' title='bbox 671 4147 903 4205; x_wconf 82' lang='lat' dir='ltr'><strong>pensum</strong></span> <span class='ocrx_word' id='word_1_503' title='bbox 944 4135 1269 4206; x_wconf 87' lang='lat' dir='ltr'><strong>persolvisse</strong></span> <span class='ocrx_word' id='word_1_504' title='bbox 1299 4151 1359 4193; x_wconf 87' lang='lat' dir='ltr'><strong>se</strong></span> <span class='ocrx_word' id='word_1_505' title='bbox 1388 4136 1616 4197; x_wconf 72' lang='lat' dir='ltr'><strong>viviﬁcae</strong></span> <span class='ocrx_word' id='word_1_506' title='bbox 1660 4136 1833 4203; x_wconf 90' lang='lat' dir='ltr'><strong>cruci,</strong></span> <span class='ocrx_word' id='word_1_507' title='bbox 1860 4152 1958 4207; x_wconf 92' lang='lat' dir='ltr'><strong>per</strong></span> <span class='ocrx_word' id='word_1_508' title='bbox 1990 4153 2151 4208; x_wconf 89' lang='lat' dir='ltr'><strong>quam</strong></span> <span class='ocrx_word' id='word_1_509' title='bbox 2202 4136 2271 4194; x_wconf 88' lang='lat' dir='ltr'><strong>de</strong></span> 
     </span>
    </p>
   </div>
   <div class='ocr_carea' id='block_1_73' title="bbox 674 4223 2273 4299">
    <p class='ocr_par' dir='ltr' id='par_1_73' title="bbox 674 4223 2273 4299">
     <span class='ocr_line' id='line_1_73' title="bbox 674 4223 2273 4299; baseline 0.003 -20"><span class='ocrx_word' id='word_1_510' title='bbox 674 4238 839 4280; x_wconf 78' lang='lat' dir='ltr'><strong>servo</strong></span> <span class='ocrx_word' id='word_1_511' title='bbox 867 4223 1064 4281; x_wconf 83' lang='lat' dir='ltr'><strong>diaboli</strong></span> <span class='ocrx_word' id='word_1_512' title='bbox 1106 4224 1244 4282; x_wconf 81' lang='lat' dir='ltr'><strong>liber</strong></span> <span class='ocrx_word' id='word_1_513' title='bbox 1277 4224 1504 4283; x_wconf 79' lang='lat' dir='ltr'><strong>eﬂ&#39;ectus</strong></span> <span class='ocrx_word' id='word_1_514' title='bbox 1532 4235 1637 4294; x_wconf 87' lang='lat' dir='ltr'><strong>est,</strong></span> <span class='ocrx_word' id='word_1_515' title='bbox 1666 4227 2032 4299; x_wconf 89' lang='lat' dir='ltr'><strong>recognoscit.</strong></span> <span class='ocrx_word' id='word_1_516' title='bbox 2068 4226 2188 4294; x_wconf 82' lang='lat' dir='ltr'><strong>His,</strong></span> <span class='ocrx_word' id='word_1_517' title='bbox 2214 4234 2273 4284; x_wconf 91' lang='lat' dir='ltr'><strong>et</strong></span> 
     </span>
    </p>
   </div>
   <div class='ocr_carea' id='block_1_74' title="bbox 673 4314 2271 4389">
    <p class='ocr_par' dir='ltr' id='par_1_74' title="bbox 673 4314 2271 4389">
     <span class='ocr_line' id='line_1_74' title="bbox 673 4314 2271 4389; baseline 0.003 -17"><span class='ocrx_word' id='word_1_518' title='bbox 673 4314 799 4372; x_wconf 83' lang='lat' dir='ltr'><strong>aliis</strong></span> <span class='ocrx_word' id='word_1_519' title='bbox 853 4319 1415 4389; x_wconf 81' lang='lat' dir='ltr'><strong>argumentationibus</strong></span> <span class='ocrx_word' id='word_1_520' title='bbox 1468 4318 1643 4375; x_wconf 87' lang='lat' dir='ltr'><strong>sancti</strong></span> <span class='ocrx_word' id='word_1_521' title='bbox 1697 4318 1897 4376; x_wconf 86' lang='lat' dir='ltr'><strong>fratres</strong></span> <span class='ocrx_word' id='word_1_522' title='bbox 1942 4331 2097 4377; x_wconf 81' lang='lat' dir='ltr'><strong>sexta</strong></span> <span class='ocrx_word' id='word_1_523' title='bbox 2132 4320 2271 4376; x_wconf 82' lang='lat' dir='ltr'><strong>feria</strong></span> 
     </span>
    </p>
   </div>
   <div class='ocr_carea' id='block_1_75' title="bbox 668 4405 2271 4478">
    <p class='ocr_par' dir='ltr' id='par_1_75' title="bbox 668 4405 2271 4478">
     <span class='ocr_line' id='line_1_75' title="bbox 668 4405 2271 4478; baseline 0.004 -15"><span class='ocrx_word' id='word_1_524' title='bbox 668 4405 1026 4478; x_wconf 78' lang='lat' dir='ltr'><strong>jejunandutn</strong></span> <span class='ocrx_word' id='word_1_525' title='bbox 1052 4423 1174 4465; x_wconf 85' lang='lat' dir='ltr'><strong>esse</strong></span> <span class='ocrx_word' id='word_1_526' title='bbox 1201 4408 1469 4466; x_wconf 70' lang='lat' dir='ltr'><strong>definiunt</strong></span> <span class='ocrx_word' id='word_1_527' title='bbox 1494 4428 1508 4463; x_wconf 89' lang='lat'><strong>:</strong></span> <span class='ocrx_word' id='word_1_528' title='bbox 1543 4418 1600 4465; x_wconf 88' lang='lat' dir='ltr'><strong>et</strong></span> <span class='ocrx_word' id='word_1_529' title='bbox 1626 4411 1706 4467; x_wconf 89' lang='lat' dir='ltr'><strong>sic</strong></span> <span class='ocrx_word' id='word_1_530' title='bbox 1734 4411 1997 4469; x_wconf 80' lang='lat' dir='ltr'><strong>cruciﬁxo</strong></span> <span class='ocrx_word' id='word_1_531' title='bbox 2028 4412 2271 4469; x_wconf 90' lang='lat' dir='ltr'><strong>Domino</strong></span> 
     </span>
    </p>
   </div>
   <div class='ocr_carea' id='block_1_76' title="bbox 672 4498 2271 4574">
    <p class='ocr_par' dir='ltr' id='par_1_76' title="bbox 672 4498 2271 4574">
     <span class='ocr_line' id='line_1_76' title="bbox 672 4498 2271 4574; baseline 0.002 -19"><span class='ocrx_word' id='word_1_532' title='bbox 672 4512 738 4555; x_wconf 84' lang='lat' dir='ltr'><strong>se</strong></span> <span class='ocrx_word' id='word_1_533' title='bbox 780 4513 997 4571; x_wconf 88' lang='lat' dir='ltr'><strong>quoque</strong></span> <span class='ocrx_word' id='word_1_534' title='bbox 1049 4498 1340 4557; x_wconf 79' lang='lat' dir='ltr'><strong>crucitlxos</strong></span> <span class='ocrx_word' id='word_1_535' title='bbox 1380 4502 1694 4557; x_wconf 85' lang='lat' dir='ltr'><strong>ostendunt.</strong></span> <span class='ocrx_word' id='word_1_536' title='bbox 1725 4502 1794 4557; x_wconf 88' lang='lat' dir='ltr'><strong>Et</strong></span> <span class='ocrx_word' id='word_1_537' title='bbox 1828 4502 1957 4574; x_wconf 90' lang='lat' dir='ltr'><strong>quid</strong></span> <span class='ocrx_word' id='word_1_538' title='bbox 1989 4518 2155 4572; x_wconf 82' lang='lat' dir='ltr'><strong>grave</strong></span> <span class='ocrx_word' id='word_1_539' title='bbox 2180 4543 2195 4569; x_wconf 91' lang='lat'><strong>,</strong></span> <span class='ocrx_word' id='word_1_540' title='bbox 2224 4503 2271 4559; x_wconf 89' lang='lat' dir='ltr'><strong>si</strong></span> 
     </span>
    </p>
   </div>
   <div class='ocr_carea' id='block_1_77' title="bbox 2364 3308 3974 3381">
    <p class='ocr_par' dir='ltr' id='par_1_77' title="bbox 2364 3308 3974 3381">
     <span class='ocr_line' id='line_1_77' title="bbox 2364 3308 3974 3381; baseline -0.004 -14"><span class='ocrx_word' id='word_1_541' title='bbox 2364 3314 2513 3367; x_wconf 87' lang='lat' dir='ltr'><strong>tione</strong></span> <span class='ocrx_word' id='word_1_542' title='bbox 2555 3309 2931 3381; x_wconf 81' lang='lat' dir='ltr'><strong>cenqucrilur.</strong></span> <span class='ocrx_word' id='word_1_543' title='bbox 2982 3309 3121 3377; x_wconf 85' lang='lat' dir='ltr'><strong>Heu,</strong></span> <span class='ocrx_word' id='word_1_544' title='bbox 3163 3310 3302 3365; x_wconf 85' lang='lat' dir='ltr'><strong>heu!</strong></span> <span class='ocrx_word' id='word_1_545' title='bbox 3336 3309 3530 3374; x_wconf 87' lang='lat' dir='ltr'><strong>frater,</strong></span> <span class='ocrx_word' id='word_1_546' title='bbox 3574 3308 3770 3378; x_wconf 91' lang='lat' dir='ltr'><strong>inquit,</strong></span> <span class='ocrx_word' id='word_1_547' title='bbox 3801 3321 3974 3377; x_wconf 84' lang='lat' dir='ltr'><strong>quam</strong></span> 
     </span>
    </p>
   </div>
   <div class='ocr_carea' id='block_1_78' title="bbox 2364 3387 3973 3477">
    <p class='ocr_par' dir='ltr' id='par_1_78' title="bbox 2364 3387 3973 3477">
     <span class='ocr_line' id='line_1_78' title="bbox 2364 3387 3973 3477; baseline -0.005 -16"><span class='ocrx_word' id='word_1_548' title='bbox 2364 3406 2608 3477; x_wconf 83' lang='lat' dir='ltr'><strong>ignaros,</strong></span> <span class='ocrx_word' id='word_1_549' title='bbox 2637 3419 2801 3475; x_wconf 89' lang='lat' dir='ltr'><strong>quam</strong></span> <span class='ocrx_word' id='word_1_550' title='bbox 2846 3387 3152 3474; x_wconf 79' lang='lat' dir='ltr'><strong>imperitos,</strong></span> <span class='ocrx_word' id='word_1_551' title='bbox 3179 3411 3344 3473; x_wconf 88' lang='lat' dir='ltr'><strong>atque</strong></span> <span class='ocrx_word' id='word_1_552' title='bbox 3402 3402 3769 3459; x_wconf 86' lang='lat' dir='ltr'><strong>irreverentes</strong></span> <span class='ocrx_word' id='word_1_553' title='bbox 3802 3400 3973 3455; x_wconf 86' lang='lat' dir='ltr'><strong>habe-</strong></span> 
     </span>
    </p>
   </div>
   <div class='ocr_carea' id='block_1_79' title="bbox 2364 3491 3972 3565">
    <p class='ocr_par' dir='ltr' id='par_1_79' title="bbox 2364 3491 3972 3565">
     <span class='ocr_line' id='line_1_79' title="bbox 2364 3491 3972 3565; baseline -0.003 -13"><span class='ocrx_word' id='word_1_554' title='bbox 2364 3511 2508 3562; x_wconf 87' lang='lat' dir='ltr'><strong>mus,</strong></span> <span class='ocrx_word' id='word_1_555' title='bbox 2541 3507 2598 3551; x_wconf 92' lang='lat' dir='ltr'><strong>et</strong></span> <span class='ocrx_word' id='word_1_556' title='bbox 2624 3496 2741 3550; x_wconf 88' lang='lat' dir='ltr'><strong>sine</strong></span> <span class='ocrx_word' id='word_1_557' title='bbox 2763 3494 3052 3565; x_wconf 86' lang='lat' dir='ltr'><strong>disciplina</strong></span> <span class='ocrx_word' id='word_1_558' title='bbox 3078 3493 3437 3560; x_wconf 86' lang='lat' dir='ltr'><strong>domesticos;</strong></span> <span class='ocrx_word' id='word_1_559' title='bbox 3468 3502 3524 3547; x_wconf 92' lang='lat' dir='ltr'><strong>et</strong></span> <span class='ocrx_word' id='word_1_560' title='bbox 3552 3500 3609 3547; x_wconf 91' lang='lat' dir='ltr'><strong>tu</strong></span> <span class='ocrx_word' id='word_1_561' title='bbox 3631 3491 3718 3547; x_wconf 90' lang='lat' dir='ltr'><strong>vir</strong></span> <span class='ocrx_word' id='word_1_562' title='bbox 3746 3500 3972 3548; x_wconf 86' lang='lat' dir='ltr'><strong>strenue</strong></span> 
     </span>
    </p>
   </div>
   <div class='ocr_carea' id='block_1_80' title="bbox 2366 3582 3978 3659">
    <p class='ocr_par' dir='ltr' id='par_1_80' title="bbox 2366 3582 3978 3659">
     <span class='ocr_line' id='line_1_80' title="bbox 2366 3582 3978 3659; baseline -0.002 -16"><span class='ocrx_word' id='word_1_563' title='bbox 2366 3588 2572 3644; x_wconf 86' lang='lat' dir='ltr'><strong>Bonizo</strong></span> <span class='ocrx_word' id='word_1_564' title='bbox 2623 3590 2766 3659; x_wconf 82' lang='lat' dir='ltr'><strong>(erat</strong></span> <span class='ocrx_word' id='word_1_565' title='bbox 2793 3588 2939 3643; x_wconf 90' lang='lat' dir='ltr'><strong>enim</strong></span> <span class='ocrx_word' id='word_1_566' title='bbox 2968 3586 3080 3643; x_wconf 92' lang='lat' dir='ltr'><strong>illic</strong></span> <span class='ocrx_word' id='word_1_567' title='bbox 3102 3588 3247 3643; x_wconf 92' lang='lat' dir='ltr'><strong>inter</strong></span> <span class='ocrx_word' id='word_1_568' title='bbox 3272 3600 3365 3642; x_wconf 87' lang='lat' dir='ltr'><strong>eos</strong></span> <span class='ocrx_word' id='word_1_569' title='bbox 3394 3585 3547 3641; x_wconf 84' lang='lat' dir='ltr'><strong>dives</strong></span> <span class='ocrx_word' id='word_1_570' title='bbox 3569 3583 3791 3655; x_wconf 88' lang='lat' dir='ltr'><strong>quidam</strong></span> <span class='ocrx_word' id='word_1_571' title='bbox 3810 3582 3978 3653; x_wconf 81' lang='lat' dir='ltr'><strong>hujus</strong></span> 
     </span>
    </p>
   </div>
   <div class='ocr_carea' id='block_1_81' title="bbox 2367 3675 3975 3751">
    <p class='ocr_par' dir='ltr' id='par_1_81' title="bbox 2367 3675 3975 3751">
     <span class='ocr_line' id='line_1_81' title="bbox 2367 3675 3975 3751; baseline -0.001 -18"><span class='ocrx_word' id='word_1_572' title='bbox 2367 3678 2641 3746; x_wconf 86' lang='lat' dir='ltr'><strong>vocabuli,</strong></span> <span class='ocrx_word' id='word_1_573' title='bbox 2666 3679 2754 3735; x_wconf 89' lang='lat' dir='ltr'><strong>ille</strong></span> <span class='ocrx_word' id='word_1_574' title='bbox 2772 3679 3125 3751; x_wconf 84' lang='lat' dir='ltr'><strong>negotiator),</strong></span> <span class='ocrx_word' id='word_1_575' title='bbox 3144 3677 3417 3749; x_wconf 91' lang='lat' dir='ltr'><strong>quomodo</strong></span> <span class='ocrx_word' id='word_1_576' title='bbox 3436 3678 3625 3735; x_wconf 88' lang='lat' dir='ltr'><strong>sedere</strong></span> <span class='ocrx_word' id='word_1_577' title='bbox 3646 3676 3870 3749; x_wconf 90' lang='lat' dir='ltr'><strong>potuisti</strong></span> <span class='ocrx_word' id='word_1_578' title='bbox 3900 3675 3975 3732; x_wconf 87' lang='lat' dir='ltr'><strong>ad</strong></span> 
     </span>
    </p>
   </div>
   <div class='ocr_carea' id='block_1_82' title="bbox 2367 3768 3979 3843">
    <p class='ocr_par' dir='ltr' id='par_1_82' title="bbox 2367 3768 3979 3843">
     <span class='ocr_line' id='line_1_82' title="bbox 2367 3768 3979 3843; baseline -0.001 -16"><span class='ocrx_word' id='word_1_579' title='bbox 2367 3773 2570 3843; x_wconf 75' lang='lat' dir='ltr'><strong>regina:</strong></span> <span class='ocrx_word' id='word_1_580' title='bbox 2599 3772 2837 3828; x_wconf 72' lang='lat' dir='ltr'><strong>caelestis</strong></span> <span class='ocrx_word' id='word_1_581' title='bbox 2882 3772 3212 3827; x_wconf 89' lang='lat' dir='ltr'><strong>adventum?</strong></span> <span class='ocrx_word' id='word_1_582' title='bbox 3236 3770 3396 3827; x_wconf 83' lang='lat' dir='ltr'><strong>Venit</strong></span> <span class='ocrx_word' id='word_1_583' title='bbox 3438 3772 3629 3843; x_wconf 89' lang='lat' dir='ltr'><strong>regina</strong></span> <span class='ocrx_word' id='word_1_584' title='bbox 3671 3768 3881 3837; x_wconf 88' lang='lat' dir='ltr'><strong>mundi,</strong></span> <span class='ocrx_word' id='word_1_585' title='bbox 3916 3776 3979 3825; x_wconf 85' lang='lat' dir='ltr'><strong>et</strong></span> 
     </span>
    </p>
   </div>
   <div class='ocr_carea' id='block_1_83' title="bbox 2371 3863 3975 3937">
    <p class='ocr_par' dir='ltr' id='par_1_83' title="bbox 2371 3863 3975 3937">
     <span class='ocr_line' id='line_1_83' title="bbox 2371 3863 3975 3937; baseline -0.001 -17"><span class='ocrx_word' id='word_1_586' title='bbox 2371 3880 2470 3921; x_wconf 89' lang='lat' dir='ltr'><strong>vos</strong></span> <span class='ocrx_word' id='word_1_587' title='bbox 2506 3880 2795 3937; x_wconf 84' lang='lat' dir='ltr'><strong>assurgere</strong></span> <span class='ocrx_word' id='word_1_588' title='bbox 2820 3865 3173 3937; x_wconf 76' lang='lat' dir='ltr'><strong>neglexistis?</strong></span> <span class='ocrx_word' id='word_1_589' title='bbox 3199 3863 3361 3923; x_wconf 83' lang='lat' dir='ltr'><strong>Venit</strong></span> <span class='ocrx_word' id='word_1_590' title='bbox 3407 3873 3583 3922; x_wconf 88' lang='lat' dir='ltr'><strong>mater</strong></span> <span class='ocrx_word' id='word_1_591' title='bbox 3621 3864 3975 3935; x_wconf 86' lang='lat' dir='ltr'><strong>imperatoris</strong></span> 
     </span>
    </p>
   </div>
   <div class='ocr_carea' id='block_1_84' title="bbox 2372 3952 3979 4028">
    <p class='ocr_par' dir='ltr' id='par_1_84' title="bbox 2372 3952 3979 4028">
     <span class='ocr_line' id='line_1_84' title="bbox 2372 3952 3979 4028; baseline -0.004 -14"><span class='ocrx_word' id='word_1_592' title='bbox 2372 3957 2653 4024; x_wconf 68' lang='lat' dir='ltr'><strong>aeterni,et</strong></span> <span class='ocrx_word' id='word_1_593' title='bbox 2676 3973 2770 4013; x_wconf 85' lang='lat' dir='ltr'><strong>vos</strong></span> <span class='ocrx_word' id='word_1_594' title='bbox 2801 3956 2918 4025; x_wconf 88' lang='lat' dir='ltr'><strong>ejus</strong></span> <span class='ocrx_word' id='word_1_595' title='bbox 2946 3956 3296 4027; x_wconf 63' lang='lat' dir='ltr'><strong>praesentiam</strong></span> <span class='ocrx_word' id='word_1_596' title='bbox 3323 3955 3617 4028; x_wconf 88' lang='lat' dir='ltr'><strong>ignobilem</strong></span> <span class='ocrx_word' id='word_1_597' title='bbox 3636 3952 3979 4025; x_wconf 76' lang='lat' dir='ltr'><strong>deputastis?</strong></span> 
     </span>
    </p>
   </div>
   <div class='ocr_carea' id='block_1_85' title="bbox 2372 4046 3975 4119">
    <p class='ocr_par' dir='ltr' id='par_1_85' title="bbox 2372 4046 3975 4119">
     <span class='ocr_line' id='line_1_85' title="bbox 2372 4046 3975 4119; baseline -0.002 -16"><span class='ocrx_word' id='word_1_598' title='bbox 2372 4048 2456 4105; x_wconf 84' lang='lat' dir='ltr'><strong>Ad</strong></span> <span class='ocrx_word' id='word_1_599' title='bbox 2481 4049 2626 4119; x_wconf 81' lang='lat' dir='ltr'><strong>quod</strong></span> <span class='ocrx_word' id='word_1_600' title='bbox 2666 4049 2909 4105; x_wconf 87' lang='lat' dir='ltr'><strong>Bonizo:</strong></span> <span class='ocrx_word' id='word_1_601' title='bbox 2941 4048 3176 4116; x_wconf 87' lang='lat' dir='ltr'><strong>Deliras,</strong></span> <span class='ocrx_word' id='word_1_602' title='bbox 3216 4048 3413 4117; x_wconf 90' lang='lat' dir='ltr'><strong>inquit,</strong></span> <span class='ocrx_word' id='word_1_603' title='bbox 3427 4048 3641 4113; x_wconf 73' lang='lat' dir='ltr'><strong>adhuc,</strong></span> <span class='ocrx_word' id='word_1_604' title='bbox 3667 4056 3723 4102; x_wconf 89' lang='lat' dir='ltr'><strong>et</strong></span> <span class='ocrx_word' id='word_1_605' title='bbox 3748 4046 3975 4118; x_wconf 78' lang='lat' dir='ltr'><strong>aegritu-</strong></span> 
     </span>
    </p>
   </div>
   <div class='ocr_carea' id='block_1_86' title="bbox 2375 4138 3979 4211">
    <p class='ocr_par' dir='ltr' id='par_1_86' title="bbox 2375 4138 3979 4211">
     <span class='ocr_line' id='line_1_86' title="bbox 2375 4138 3979 4211; baseline 0.001 -18"><span class='ocrx_word' id='word_1_606' title='bbox 2375 4139 2500 4194; x_wconf 89' lang='lat' dir='ltr'><strong>dine</strong></span> <span class='ocrx_word' id='word_1_607' title='bbox 2526 4141 2869 4197; x_wconf 89' lang='lat' dir='ltr'><strong>dementatus</strong></span> <span class='ocrx_word' id='word_1_608' title='bbox 2898 4142 3015 4197; x_wconf 65' lang='lat' dir='ltr'><strong>haec</strong></span> <span class='ocrx_word' id='word_1_609' title='bbox 3031 4156 3173 4196; x_wconf 88' lang='lat' dir='ltr'><strong>vana</strong></span> <span class='ocrx_word' id='word_1_610' title='bbox 3198 4138 3518 4211; x_wconf 87' lang='lat' dir='ltr'><strong>profundis;</strong></span> <span class='ocrx_word' id='word_1_611' title='bbox 3548 4148 3643 4195; x_wconf 85' lang='lat' dir='ltr'><strong>aut</strong></span> <span class='ocrx_word' id='word_1_612' title='bbox 3669 4154 3861 4195; x_wconf 88' lang='lat' dir='ltr'><strong>verum</strong></span> <span class='ocrx_word' id='word_1_613' title='bbox 3890 4146 3979 4195; x_wconf 78' lang='lat' dir='ltr'><strong>est</strong></span> 
     </span>
    </p>
   </div>
   <div class='ocr_carea' id='block_1_87' title="bbox 2374 4232 3968 4305">
    <p class='ocr_par' dir='ltr' id='par_1_87' title="bbox 2374 4232 3968 4305">
     <span class='ocr_line' id='line_1_87' title="bbox 2374 4232 3968 4305; baseline 0.001 -17"><span class='ocrx_word' id='word_1_614' title='bbox 2374 4232 2517 4290; x_wconf 87' lang='lat' dir='ltr'><strong>forte</strong></span> <span class='ocrx_word' id='word_1_615' title='bbox 2555 4236 2699 4305; x_wconf 80' lang='lat' dir='ltr'><strong>quod</strong></span> <span class='ocrx_word' id='word_1_616' title='bbox 2728 4234 3006 4305; x_wconf 82' lang='lat' dir='ltr'><strong>loqueris?</strong></span> <span class='ocrx_word' id='word_1_617' title='bbox 3044 4234 3211 4291; x_wconf 79' lang='lat' dir='ltr'><strong>Nobis</strong></span> <span class='ocrx_word' id='word_1_618' title='bbox 3237 4243 3389 4291; x_wconf 90' lang='lat' dir='ltr'><strong>certe</strong></span> <span class='ocrx_word' id='word_1_619' title='bbox 3408 4249 3547 4290; x_wconf 91' lang='lat' dir='ltr'><strong>vana</strong></span> <span class='ocrx_word' id='word_1_620' title='bbox 3570 4235 3689 4291; x_wconf 69' lang='lat' dir='ltr'><strong>haec</strong></span> <span class='ocrx_word' id='word_1_621' title='bbox 3708 4234 3968 4290; x_wconf 83' lang='lat' dir='ltr'><strong>videntur</strong></span> 
     </span>
    </p>
   </div>
   <div class='ocr_carea' id='block_1_88' title="bbox 2377 4323 3973 4397">
    <p class='ocr_par' dir='ltr' id='par_1_88' title="bbox 2377 4323 3973 4397">
     <span class='ocr_line' id='line_1_88' title="bbox 2377 4323 3973 4397; baseline -0.003 -16"><span class='ocrx_word' id='word_1_622' title='bbox 2377 4334 2432 4381; x_wconf 90' lang='lat' dir='ltr'><strong>et</strong></span> <span class='ocrx_word' id='word_1_623' title='bbox 2482 4324 2693 4380; x_wconf 81' lang='lat' dir='ltr'><strong>frivola.</strong></span> <span class='ocrx_word' id='word_1_624' title='bbox 2742 4324 2829 4379; x_wconf 80' lang='lat' dir='ltr'><strong>Ad</strong></span> <span class='ocrx_word' id='word_1_625' title='bbox 2873 4326 2979 4381; x_wconf 91' lang='lat' dir='ltr'><strong>hoc</strong></span> <span class='ocrx_word' id='word_1_626' title='bbox 3025 4324 3159 4381; x_wconf 88' lang='lat' dir='ltr'><strong>ille:</strong></span> <span class='ocrx_word' id='word_1_627' title='bbox 3197 4323 3337 4380; x_wconf 84' lang='lat' dir='ltr'><strong>Num</strong></span> <span class='ocrx_word' id='word_1_628' title='bbox 3386 4325 3671 4397; x_wconf 89' lang='lat' dir='ltr'><strong>ignoratis,</strong></span> <span class='ocrx_word' id='word_1_629' title='bbox 3712 4325 3807 4389; x_wconf 86' lang='lat' dir='ltr'><strong>ait,</strong></span> <span class='ocrx_word' id='word_1_630' title='bbox 3844 4323 3973 4393; x_wconf 86' lang='lat' dir='ltr'><strong>quia</strong></span> 
     </span>
    </p>
   </div>
   <div class='ocr_carea' id='block_1_89' title="bbox 2377 4413 3976 4487">
    <p class='ocr_par' dir='ltr' id='par_1_89' title="bbox 2377 4413 3976 4487">
     <span class='ocr_line' id='line_1_89' title="bbox 2377 4413 3976 4487; baseline 0.001 -19"><span class='ocrx_word' id='word_1_631' title='bbox 2377 4413 2608 4484; x_wconf 85' lang='lat' dir='ltr'><strong>languor</strong></span> <span class='ocrx_word' id='word_1_632' title='bbox 2631 4416 2753 4481; x_wconf 84' lang='lat' dir='ltr'><strong>iste,</strong></span> <span class='ocrx_word' id='word_1_633' title='bbox 2780 4430 2941 4485; x_wconf 87' lang='lat' dir='ltr'><strong>quem</strong></span> <span class='ocrx_word' id='word_1_634' title='bbox 2963 4414 3163 4485; x_wconf 91' lang='lat' dir='ltr'><strong>patior,</strong></span> <span class='ocrx_word' id='word_1_635' title='bbox 3189 4431 3469 4487; x_wconf 90' lang='lat' dir='ltr'><strong>nunquam</strong></span> <span class='ocrx_word' id='word_1_636' title='bbox 3502 4415 3743 4471; x_wconf 86' lang='lat' dir='ltr'><strong>alienare</strong></span> <span class='ocrx_word' id='word_1_637' title='bbox 3761 4422 3976 4470; x_wconf 80' lang='lat' dir='ltr'><strong>mentes</strong></span> 
     </span>
    </p>
   </div>
   <div class='ocr_carea' id='block_1_90' title="bbox 2378 4504 3975 4577">
    <p class='ocr_par' dir='ltr' id='par_1_90' title="bbox 2378 4504 3975 4577">
     <span class='ocr_line' id='line_1_90' title="bbox 2378 4504 3975 4577; baseline 0.001 -18"><span class='ocrx_word' id='word_1_638' title='bbox 2378 4505 2760 4577; x_wconf 67' lang='lat' dir='ltr'><strong>aegrotandum</strong></span> <span class='ocrx_word' id='word_1_639' title='bbox 2806 4504 3122 4561; x_wconf 81' lang='lat' dir='ltr'><strong>consuevit?</strong></span> <span class='ocrx_word' id='word_1_640' title='bbox 3168 4504 3429 4562; x_wconf 78' lang='lat' dir='ltr'><strong>Firmiter</strong></span> <span class='ocrx_word' id='word_1_641' title='bbox 3470 4504 3639 4575; x_wconf 85' lang='lat' dir='ltr'><strong>igitur</strong></span> <span class='ocrx_word' id='word_1_642' title='bbox 3676 4514 3733 4562; x_wconf 88' lang='lat' dir='ltr'><strong>et</strong></span> <span class='ocrx_word' id='word_1_643' title='bbox 3767 4504 3975 4575; x_wconf 84' lang='lat' dir='ltr'><strong>absque</strong></span> 
     </span>
    </p>
   </div>
   <div class='ocr_carea' id='block_1_91' title="bbox 671 4580 3975 4671">
    <p class='ocr_par' dir='ltr' id='par_1_91' title="bbox 671 4580 3975 4671">
     <span class='ocr_line' id='line_1_91' title="bbox 671 4580 3975 4671; baseline 0.001 -23"><span class='ocrx_word' id='word_1_644' title='bbox 671 4588 1018 4648; x_wconf 85' lang='lat' dir='ltr'><strong>Christianus</strong></span> <span class='ocrx_word' id='word_1_645' title='bbox 1077 4590 1305 4661; x_wconf 86' lang='lat' dir='ltr'><strong>quilibet</strong></span> <span class='ocrx_word' id='word_1_646' title='bbox 1354 4608 1524 4649; x_wconf 88' lang='lat' dir='ltr'><strong>unum</strong></span> <span class='ocrx_word' id='word_1_647' title='bbox 1573 4595 1767 4651; x_wconf 86' lang='lat' dir='ltr'><strong>animae</strong></span> <span class='ocrx_word' id='word_1_648' title='bbox 1816 4611 1928 4652; x_wconf 67' lang='lat' dir='ltr'><strong>suae</strong></span> <span class='ocrx_word' id='word_1_649' title='bbox 1982 4596 2126 4653; x_wconf 89' lang='lat' dir='ltr'><strong>diem</strong></span> <span class='ocrx_word' id='word_1_650' title='bbox 2165 4612 2266 4667; x_wconf 89' lang='lat' dir='ltr'><strong>per</strong></span> <span class='ocrx_word' id='word_1_651' title='bbox 2289 4580 2346 4642; x_wconf 82' lang='grc' dir='ltr'>Ῑ)</span> <span class='ocrx_word' id='word_1_652' title='bbox 2371 4597 2479 4652; x_wconf 88' lang='lat' dir='ltr'><strong>ulla</strong></span> <span class='ocrx_word' id='word_1_653' title='bbox 2504 4614 2731 4668; x_wconf 78' lang='lat' dir='ltr'><strong>prorsus</strong></span> <span class='ocrx_word' id='word_1_654' title='bbox 2759 4598 3120 4670; x_wconf 87' lang='lat' dir='ltr'><strong>ambiguitate</strong></span> <span class='ocrx_word' id='word_1_655' title='bbox 3146 4598 3484 4671; x_wconf 88' lang='lat' dir='ltr'><strong>cognoscite,</strong></span> <span class='ocrx_word' id='word_1_656' title='bbox 3515 4598 3775 4669; x_wconf 88' lang='lat' dir='ltr'><strong>quoniam</strong></span> <span class='ocrx_word' id='word_1_657' title='bbox 3807 4612 3975 4670; x_wconf 51' lang='lat' dir='ltr'><strong>auge.</strong></span> 
     </span>
    </p>
   </div>
   <div class='ocr_carea' id='block_1_92' title="bbox 674 4680 2264 4759">
    <p class='ocr_par' dir='ltr' id='par_1_92' title="bbox 674 4680 2264 4759">
     <span class='ocr_line' id='line_1_92' title="bbox 674 4680 2264 4759; baseline 0.004 -19"><span class='ocrx_word' id='word_1_658' title='bbox 674 4680 1073 4740; x_wconf 83' lang='lat' dir='ltr'><strong>hebdomadam</strong></span> <span class='ocrx_word' id='word_1_659' title='bbox 1101 4683 1312 4751; x_wconf 87' lang='lat' dir='ltr'><strong>tribuit,</strong></span> <span class='ocrx_word' id='word_1_660' title='bbox 1337 4684 1407 4740; x_wconf 88' lang='lat' dir='ltr'><strong>ad</strong></span> <span class='ocrx_word' id='word_1_661' title='bbox 1427 4686 1571 4756; x_wconf 84' lang='lat' dir='ltr'><strong>quod</strong></span> <span class='ocrx_word' id='word_1_662' title='bbox 1598 4687 1864 4757; x_wconf 79' lang='lat' dir='ltr'><strong>agendum</strong></span> <span class='ocrx_word' id='word_1_663' title='bbox 1894 4702 1994 4757; x_wconf 89' lang='lat' dir='ltr'><strong>pro</strong></span> <span class='ocrx_word' id='word_1_664' title='bbox 2016 4690 2264 4759; x_wconf 88' lang='lat' dir='ltr'><strong>corporis</strong></span> 
     </span>
    </p>
   </div>
   <div class='ocr_carea' id='block_1_93' title="bbox 672 4773 2264 4849">
    <p class='ocr_par' dir='ltr' id='par_1_93' title="bbox 672 4773 2264 4849">
     <span class='ocr_line' id='line_1_93' title="bbox 672 4773 2264 4849; baseline 0.003 -18"><span class='ocrx_word' id='word_1_665' title='bbox 672 4773 1052 4831; x_wconf 80' lang='lat' dir='ltr'><strong>incolumitate</strong></span> <span class='ocrx_word' id='word_1_666' title='bbox 1074 4775 1339 4832; x_wconf 82' lang='lat' dir='ltr'><strong>servanda</strong></span> <span class='ocrx_word' id='word_1_667' title='bbox 1367 4777 1511 4832; x_wconf 84' lang='lat' dir='ltr'><strong>dicta</strong></span> <span class='ocrx_word' id='word_1_668' title='bbox 1539 4793 1753 4849; x_wconf 80' lang='lat' dir='ltr'><strong>queque</strong></span> <span class='ocrx_word' id='word_1_669' title='bbox 1783 4779 2121 4835; x_wconf 81' lang='lat' dir='ltr'><strong>medicinalis</strong></span> <span class='ocrx_word' id='word_1_670' title='bbox 2162 4783 2264 4836; x_wconf 84' lang='lat' dir='ltr'><strong>im—</strong></span> 
     </span>
    </p>
   </div>
   <div class='ocr_carea' id='block_1_94' title="bbox 676 4863 2265 4940">
    <p class='ocr_par' dir='ltr' id='par_1_94' title="bbox 676 4863 2265 4940">
     <span class='ocr_line' id='line_1_94' title="bbox 676 4863 2265 4940; baseline 0.006 -21"><span class='ocrx_word' id='word_1_671' title='bbox 676 4863 880 4936; x_wconf 87' lang='lat' dir='ltr'><strong>pellat?</strong></span> <span class='ocrx_word' id='word_1_672' title='bbox 906 4864 1039 4920; x_wconf 81' lang='lat' dir='ltr'><strong>Nam</strong></span> <span class='ocrx_word' id='word_1_673' title='bbox 1070 4864 1250 4923; x_wconf 66' lang='lat' dir='ltr'><strong>Cresar</strong></span> <span class='ocrx_word' id='word_1_674' title='bbox 1277 4868 1548 4937; x_wconf 74' lang='lat' dir='ltr'><strong>Augustus</strong></span> <span class='ocrx_word' id='word_1_675' title='bbox 1573 4909 1588 4934; x_wconf 87' lang='lat'><strong>,</strong></span> <span class='ocrx_word' id='word_1_676' title='bbox 1618 4869 1718 4924; x_wconf 76' lang='lat' dir='ltr'><strong>sui)</strong></span> <span class='ocrx_word' id='word_1_677' title='bbox 1748 4885 1855 4940; x_wconf 83' lang='lat' dir='ltr'><strong>quo</strong></span> <span class='ocrx_word' id='word_1_678' title='bbox 1902 4870 2151 4928; x_wconf 82' lang='lat' dir='ltr'><strong>Salvator</strong></span> <span class='ocrx_word' id='word_1_679' title='bbox 2196 4889 2265 4928; x_wconf 83' lang='lat' dir='ltr'><strong>ex</strong></span> 
     </span>
    </p>
   </div>
   <div class='ocr_carea' id='block_1_95' title="bbox 678 4954 2265 5035">
    <p class='ocr_par' dir='ltr' id='par_1_95' title="bbox 678 4954 2265 5035">
     <span class='ocr_line' id='line_1_95' title="bbox 678 4954 2265 5035; baseline 0.007 -26"><span class='ocrx_word' id='word_1_680' title='bbox 678 4954 901 5027; x_wconf 77' lang='lat' dir='ltr'><strong>Virgine</strong></span> <span class='ocrx_word' id='word_1_681' title='bbox 942 4958 1193 5031; x_wconf 88' lang='lat' dir='ltr'><strong>dignatus</strong></span> <span class='ocrx_word' id='word_1_682' title='bbox 1248 4970 1332 5016; x_wconf 89' lang='lat' dir='ltr'><strong>est</strong></span> <span class='ocrx_word' id='word_1_683' title='bbox 1386 4962 1579 5027; x_wconf 82' lang='lat' dir='ltr'><strong>nasci,</strong></span> <span class='ocrx_word' id='word_1_684' title='bbox 1623 4964 1764 5019; x_wconf 89' lang='lat' dir='ltr'><strong>sicut</strong></span> <span class='ocrx_word' id='word_1_685' title='bbox 1810 4964 2056 5035; x_wconf 83' lang='lat' dir='ltr'><strong>quaedam</strong></span> <span class='ocrx_word' id='word_1_686' title='bbox 2102 4966 2265 5020; x_wconf 83' lang='lat' dir='ltr'><strong>tradit</strong></span> 
     </span>
    </p>
   </div>
   <div class='ocr_carea' id='block_1_96' title="bbox 677 5046 2270 5125">
    <p class='ocr_par' dir='ltr' id='par_1_96' title="bbox 677 5046 2270 5125">
     <span class='ocr_line' id='line_1_96' title="bbox 677 5046 2270 5125; baseline 0.006 -24"><span class='ocrx_word' id='word_1_687' title='bbox 677 5046 937 5117; x_wconf 87' lang='lat' dir='ltr'><strong>historia,</strong></span> <span class='ocrx_word' id='word_1_688' title='bbox 992 5064 1122 5105; x_wconf 91' lang='lat' dir='ltr'><strong>usus</strong></span> <span class='ocrx_word' id='word_1_689' title='bbox 1176 5051 1404 5106; x_wconf 86' lang='lat' dir='ltr'><strong>consilio</strong></span> <span class='ocrx_word' id='word_1_690' title='bbox 1452 5053 1816 5119; x_wconf 88' lang='lat' dir='ltr'><strong>medicorum,</strong></span> <span class='ocrx_word' id='word_1_691' title='bbox 1884 5070 1991 5110; x_wconf 90' lang='lat' dir='ltr'><strong>uno</strong></span> <span class='ocrx_word' id='word_1_692' title='bbox 2054 5071 2270 5125; x_wconf 82' lang='lat' dir='ltr'><strong>semper</strong></span> 
     </span>
    </p>
   </div>
   <div class='ocr_carea' id='block_1_97' title="bbox 681 5137 2270 5214">
    <p class='ocr_par' dir='ltr' id='par_1_97' title="bbox 681 5137 2270 5214">
     <span class='ocr_line' id='line_1_97' title="bbox 681 5137 2270 5214; baseline 0.009 -23"><span class='ocrx_word' id='word_1_693' title='bbox 681 5137 989 5195; x_wconf 82' lang='lat' dir='ltr'><strong>abstinebat</strong></span> <span class='ocrx_word' id='word_1_694' title='bbox 1021 5156 1118 5211; x_wconf 90' lang='lat' dir='ltr'><strong>per</strong></span> <span class='ocrx_word' id='word_1_695' title='bbox 1162 5141 1561 5199; x_wconf 88' lang='lat' dir='ltr'><strong>hebdomadam</strong></span> <span class='ocrx_word' id='word_1_696' title='bbox 1612 5146 1731 5214; x_wconf 83' lang='lat' dir='ltr'><strong>die;</strong></span> <span class='ocrx_word' id='word_1_697' title='bbox 1768 5157 1826 5201; x_wconf 91' lang='lat' dir='ltr'><strong>ut</strong></span> <span class='ocrx_word' id='word_1_698' title='bbox 1854 5147 2106 5204; x_wconf 83' lang='lat' dir='ltr'><strong>alleviato</strong></span> <span class='ocrx_word' id='word_1_699' title='bbox 2144 5165 2270 5205; x_wconf 85' lang='lat' dir='ltr'><strong>cor-</strong></span> 
     </span>
    </p>
   </div>
   <div class='ocr_carea' id='block_1_98' title="bbox 679 5232 2270 5310">
    <p class='ocr_par' dir='ltr' id='par_1_98' title="bbox 679 5232 2270 5310">
     <span class='ocr_line' id='line_1_98' title="bbox 679 5232 2270 5310; baseline 0.008 -26"><span class='ocrx_word' id='word_1_700' title='bbox 679 5244 811 5299; x_wconf 81' lang='lat' dir='ltr'><strong>pore</strong></span> <span class='ocrx_word' id='word_1_701' title='bbox 836 5232 1098 5300; x_wconf 88' lang='lat' dir='ltr'><strong>potuisset</strong></span> <span class='ocrx_word' id='word_1_702' title='bbox 1127 5244 1369 5305; x_wconf 83' lang='lat' dir='ltr'><strong>vegetus,</strong></span> <span class='ocrx_word' id='word_1_703' title='bbox 1398 5244 1454 5290; x_wconf 86' lang='lat' dir='ltr'><strong>et</strong></span> <span class='ocrx_word' id='word_1_704' title='bbox 1498 5236 1784 5293; x_wconf 88' lang='lat' dir='ltr'><strong>incolumis</strong></span> <span class='ocrx_word' id='word_1_705' title='bbox 1817 5254 2156 5310; x_wconf 87' lang='lat' dir='ltr'><strong>permanere.</strong></span> <span class='ocrx_word' id='word_1_706' title='bbox 2188 5241 2270 5297; x_wconf 80' lang='lat' dir='ltr'><strong>Ad</strong></span> 
     </span>
    </p>
   </div>
   <div class='ocr_carea' id='block_1_99' title="bbox 681 5329 2273 5407">
    <p class='ocr_par' dir='ltr' id='par_1_99' title="bbox 681 5329 2273 5407">
     <span class='ocr_line' id='line_1_99' title="bbox 681 5329 2273 5407; baseline 0.008 -24"><span class='ocrx_word' id='word_1_707' title='bbox 681 5329 941 5384; x_wconf 75' lang='lat' dir='ltr'><strong>honorem</strong></span> <span class='ocrx_word' id='word_1_708' title='bbox 976 5335 1189 5407; x_wconf 83' lang='lat' dir='ltr'><strong>quoque</strong></span> <span class='ocrx_word' id='word_1_709' title='bbox 1236 5343 1438 5389; x_wconf 88' lang='lat' dir='ltr'><strong>sanctae</strong></span> <span class='ocrx_word' id='word_1_710' title='bbox 1486 5335 1665 5390; x_wconf 88' lang='lat' dir='ltr'><strong>crucis</strong></span> <span class='ocrx_word' id='word_1_711' title='bbox 1712 5334 1903 5391; x_wconf 81' lang='lat' dir='ltr'><strong>eodem</strong></span> <span class='ocrx_word' id='word_1_712' title='bbox 1945 5337 2033 5393; x_wconf 90' lang='lat' dir='ltr'><strong>die</strong></span> <span class='ocrx_word' id='word_1_713' title='bbox 2078 5338 2273 5395; x_wconf 86' lang='lat' dir='ltr'><strong>missas</strong></span> 
     </span>
    </p>
   </div>
   <div class='ocr_carea' id='block_1_100' title="bbox 684 5419 2271 5495">
    <p class='ocr_par' dir='ltr' id='par_1_100' title="bbox 684 5419 2271 5495">
     <span class='ocr_line' id='line_1_100' title="bbox 684 5419 2271 5495; baseline 0.007 -21"><span class='ocrx_word' id='word_1_714' title='bbox 684 5419 978 5489; x_wconf 87' lang='lat' dir='ltr'><strong>celebrant,</strong></span> <span class='ocrx_word' id='word_1_715' title='bbox 1001 5433 1063 5479; x_wconf 83' lang='lat' dir='ltr'><strong>ut</strong></span> <span class='ocrx_word' id='word_1_716' title='bbox 1098 5422 1199 5479; x_wconf 87' lang='lat' dir='ltr'><strong>sibi</strong></span> <span class='ocrx_word' id='word_1_717' title='bbox 1224 5427 1588 5495; x_wconf 85' lang='lat' dir='ltr'><strong>patrocinium</strong></span> <span class='ocrx_word' id='word_1_718' title='bbox 1619 5428 1795 5485; x_wconf 87' lang='lat' dir='ltr'><strong>crucis</strong></span> <span class='ocrx_word' id='word_1_719' title='bbox 1821 5428 1877 5486; x_wconf 92' lang='lat' dir='ltr'><strong>ln</strong></span> <span class='ocrx_word' id='word_1_720' title='bbox 1914 5428 2001 5487; x_wconf 89' lang='lat' dir='ltr'><strong>die</strong></span> <span class='ocrx_word' id='word_1_721' title='bbox 2032 5430 2271 5487; x_wconf 84' lang='lat' dir='ltr'><strong>necessi-</strong></span> 
     </span>
    </p>
   </div>
   <div class='ocr_carea' id='block_1_101' title="bbox 682 5512 1133 5585">
    <p class='ocr_par' dir='ltr' id='par_1_101' title="bbox 682 5512 1133 5585">
     <span class='ocr_line' id='line_1_101' title="bbox 682 5512 1133 5585; baseline 0.009 -20"><span class='ocrx_word' id='word_1_722' title='bbox 682 5512 806 5569; x_wconf 84' lang='lat' dir='ltr'><strong>tatis</strong></span> <span class='ocrx_word' id='word_1_723' title='bbox 830 5514 1133 5585; x_wconf 86' lang='lat' dir='ltr'><strong>acquirant.</strong></span> 
     </span>
    </p>
   </div>
   <div class='ocr_carea' id='block_1_102' title="bbox 1198 5606 1751 5679">
    <p class='ocr_par' dir='ltr' id='par_1_102' title="bbox 1198 5606 1751 5679">
     <span class='ocr_line' id='line_1_102' title="bbox 1198 5606 1751 5679; baseline 0.011 -17"><span class='ocrx_word' id='word_1_724' title='bbox 1198 5606 1358 5679; x_wconf 80' lang='lat'><strong>579</strong></span> <span class='ocrx_word' id='word_1_725' title='bbox 1393 5608 1621 5665; x_wconf 70' lang='lat' dir='ltr'><strong>CAPUT</strong></span> <span class='ocrx_word' id='word_1_726' title='bbox 1656 5610 1751 5671; x_wconf 66' lang='lat' dir='ltr'><strong>iV.</strong></span> 
     </span>
    </p>
   </div>
   <div class='ocr_carea' id='block_1_103' title="bbox 916 5696 2026 5775">
    <p class='ocr_par' dir='ltr' id='par_1_103' title="bbox 916 5696 2026 5775">
     <span class='ocr_line' id='line_1_103' title="bbox 916 5696 2026 5775; baseline 0.008 -21"><span class='ocrx_word' id='word_1_727' title='bbox 916 5696 1209 5754; x_wconf 78' lang='lat' dir='ltr'><strong>Sabbulum</strong></span> <span class='ocrx_word' id='word_1_728' title='bbox 1239 5717 1332 5755; x_wconf 87' lang='lat' dir='ltr'><strong>cur</strong></span> <span class='ocrx_word' id='word_1_729' title='bbox 1355 5701 1414 5755; x_wconf 83' lang='grc' dir='ltr'><strong>Β.</strong></span> <span class='ocrx_word' id='word_1_730' title='bbox 1454 5701 1654 5775; x_wconf 73' lang='lat' dir='ltr'><strong>Virgini</strong></span> <span class='ocrx_word' id='word_1_731' title='bbox 1681 5706 1746 5759; x_wconf 78' lang='lat' dir='ltr'><strong>sit</strong></span> <span class='ocrx_word' id='word_1_732' title='bbox 1773 5708 2026 5763; x_wconf 77' lang='lat' dir='ltr'><strong>dicatum.</strong></span> 
     </span>
    </p>
   </div>
   <div class='ocr_carea' id='block_1_104' title="bbox 745 5784 2263 5872">
    <p class='ocr_par' dir='ltr' id='par_1_104' title="bbox 745 5784 2263 5872">
     <span class='ocr_line' id='line_1_104' title="bbox 745 5784 2263 5872; baseline 0.004 -20"><span class='ocrx_word' id='word_1_733' title='bbox 745 5784 1050 5852; x_wconf 64' lang='lat' dir='ltr'><strong>Sabinum:</strong></span> <span class='ocrx_word' id='word_1_734' title='bbox 1076 5790 1378 5862; x_wconf 83' lang='lat' dir='ltr'><strong>enimvero,</strong></span> <span class='ocrx_word' id='word_1_735' title='bbox 1407 5795 1554 5866; x_wconf 87' lang='lat' dir='ltr'><strong>quod</strong></span> <span class='ocrx_word' id='word_1_736' title='bbox 1592 5799 1814 5869; x_wconf 85' lang='lat' dir='ltr'><strong>requies</strong></span> <span class='ocrx_word' id='word_1_737' title='bbox 1851 5798 2263 5872; x_wconf 86' lang='lat' dir='ltr'><strong>interpretatur,</strong></span> 
     </span>
    </p>
   </div>
   <div class='ocr_carea' id='block_1_105' title="bbox 2372 4690 3977 4764">
    <p class='ocr_par' dir='ltr' id='par_1_105' title="bbox 2372 4690 3977 4764">
     <span class='ocr_line' id='line_1_105' title="bbox 2372 4690 3977 4764; baseline 0.002 -19"><span class='ocrx_word' id='word_1_738' title='bbox 2372 4690 2495 4747; x_wconf 89' lang='lat' dir='ltr'><strong>licis</strong></span> <span class='ocrx_word' id='word_1_739' title='bbox 2518 4691 2774 4746; x_wconf 78' lang='lat' dir='ltr'><strong>comitata</strong></span> <span class='ocrx_word' id='word_1_740' title='bbox 2797 4691 3043 4763; x_wconf 75' lang='lat' dir='ltr'><strong>veStigiis</strong></span> <span class='ocrx_word' id='word_1_741' title='bbox 3080 4692 3240 4748; x_wconf 85' lang='lat' dir='ltr'><strong>beata</strong></span> <span class='ocrx_word' id='word_1_742' title='bbox 3265 4690 3649 4764; x_wconf 79' lang='lat' dir='ltr'><strong>Redemptoris</strong></span> <span class='ocrx_word' id='word_1_743' title='bbox 3681 4693 3853 4748; x_wconf 89' lang='lat' dir='ltr'><strong>nostri</strong></span> <span class='ocrx_word' id='word_1_744' title='bbox 3885 4706 3977 4748; x_wconf 85' lang='lat' dir='ltr'><strong>me</strong></span> 
     </span>
    </p>
   </div>
   <div class='ocr_carea' id='block_1_106' title="bbox 2374 4782 3975 4847">
    <p class='ocr_par' dir='ltr' id='par_1_106' title="bbox 2374 4782 3975 4847">
     <span class='ocr_line' id='line_1_106' title="bbox 2374 4782 3975 4847; baseline 0 -9"><span class='ocrx_word' id='word_1_745' title='bbox 2374 4790 2549 4838; x_wconf 89' lang='lat' dir='ltr'><strong>mater</strong></span> <span class='ocrx_word' id='word_1_746' title='bbox 2580 4783 2785 4847; x_wconf 84' lang='lat' dir='ltr'><strong>invisit,</strong></span> <span class='ocrx_word' id='word_1_747' title='bbox 2819 4783 3155 4839; x_wconf 86' lang='lat' dir='ltr'><strong>hilaritatem</strong></span> <span class='ocrx_word' id='word_1_748' title='bbox 3194 4783 3329 4839; x_wconf 89' lang='lat' dir='ltr'><strong>mihi</strong></span> <span class='ocrx_word' id='word_1_749' title='bbox 3361 4783 3540 4839; x_wconf 87' lang='lat' dir='ltr'><strong>sereni</strong></span> <span class='ocrx_word' id='word_1_750' title='bbox 3568 4782 3748 4838; x_wconf 84' lang='lat' dir='ltr'><strong>vultus</strong></span> <span class='ocrx_word' id='word_1_751' title='bbox 3792 4792 3975 4839; x_wconf 86' lang='lat' dir='ltr'><strong>osten-</strong></span> 
     </span>
    </p>
   </div>
   <div class='ocr_carea' id='block_1_107' title="bbox 2373 4874 3974 4948">
    <p class='ocr_par' dir='ltr' id='par_1_107' title="bbox 2373 4874 3974 4948">
     <span class='ocr_line' id='line_1_107' title="bbox 2373 4874 3974 4948; baseline -0.001 -15"><span class='ocrx_word' id='word_1_752' title='bbox 2373 4876 2453 4933; x_wconf 89' lang='lat' dir='ltr'><strong>dit</strong></span> <span class='ocrx_word' id='word_1_753' title='bbox 2488 4893 2500 4929; x_wconf 87' lang='lat'><strong>:</strong></span> <span class='ocrx_word' id='word_1_754' title='bbox 2536 4877 2815 4932; x_wconf 76' lang='lat' dir='ltr'><strong>benedixit</strong></span> <span class='ocrx_word' id='word_1_755' title='bbox 2841 4886 3033 4945; x_wconf 84' lang='lat' dir='ltr'><strong>me,et</strong></span> <span class='ocrx_word' id='word_1_756' title='bbox 3060 4876 3312 4947; x_wconf 81' lang='lat' dir='ltr'><strong>protinus</strong></span> <span class='ocrx_word' id='word_1_757' title='bbox 3342 4878 3495 4932; x_wconf 83' lang='lat' dir='ltr'><strong>abiit.</strong></span> <span class='ocrx_word' id='word_1_758' title='bbox 3527 4874 3774 4947; x_wconf 82' lang='lat' dir='ltr'><strong>Cumque</strong></span> <span class='ocrx_word' id='word_1_759' title='bbox 3809 4875 3974 4948; x_wconf 85' lang='lat' dir='ltr'><strong>paulo</strong></span> 
     </span>
    </p>
   </div>
   <div class='ocr_carea' id='block_1_108' title="bbox 2373 4970 3967 5042">
    <p class='ocr_par' dir='ltr' id='par_1_108' title="bbox 2373 4970 3967 5042">
     <span class='ocr_line' id='line_1_108' title="bbox 2373 4970 3967 5042; baseline -0.002 -17"><span class='ocrx_word' id='word_1_760' title='bbox 2373 4980 2500 5042; x_wconf 84' lang='lat' dir='ltr'><strong>post</strong></span> <span class='ocrx_word' id='word_1_761' title='bbox 2540 4972 2628 5026; x_wconf 90' lang='lat' dir='ltr'><strong>ille</strong></span> <span class='ocrx_word' id='word_1_762' title='bbox 2672 4970 2959 5029; x_wconf 83' lang='lat' dir='ltr'><strong>defunctus</strong></span> <span class='ocrx_word' id='word_1_763' title='bbox 2983 4981 3167 5037; x_wconf 89' lang='lat' dir='ltr'><strong>esset,</strong></span> <span class='ocrx_word' id='word_1_764' title='bbox 3196 4984 3362 5027; x_wconf 83' lang='lat' dir='ltr'><strong>senex</strong></span> <span class='ocrx_word' id='word_1_765' title='bbox 3390 4970 3611 5041; x_wconf 88' lang='lat' dir='ltr'><strong>quidam</strong></span> <span class='ocrx_word' id='word_1_766' title='bbox 3658 4970 3967 5041; x_wconf 79' lang='lat' dir='ltr'><strong>presbyter,</strong></span> 
     </span>
    </p>
   </div>
   <div class='ocr_carea' id='block_1_109' title="bbox 2376 5063 3973 5135">
    <p class='ocr_par' dir='ltr' id='par_1_109' title="bbox 2376 5063 3973 5135">
     <span class='ocr_line' id='line_1_109' title="bbox 2376 5063 3973 5135; baseline -0.001 -17"><span class='ocrx_word' id='word_1_767' title='bbox 2376 5063 2610 5119; x_wconf 88' lang='lat' dir='ltr'><strong>Severus</strong></span> <span class='ocrx_word' id='word_1_768' title='bbox 2637 5065 2887 5127; x_wconf 83' lang='lat' dir='ltr'><strong>nomine,</strong></span> <span class='ocrx_word' id='word_1_769' title='bbox 2918 5065 3013 5135; x_wconf 88' lang='lat' dir='ltr'><strong>qui</strong></span> <span class='ocrx_word' id='word_1_770' title='bbox 3050 5065 3308 5119; x_wconf 88' lang='lat' dir='ltr'><strong>nimirum</strong></span> <span class='ocrx_word' id='word_1_771' title='bbox 3340 5064 3640 5133; x_wconf 38' lang='lat' dir='ltr'><strong>spiritua‘lis</strong></span> <span class='ocrx_word' id='word_1_772' title='bbox 3666 5063 3786 5131; x_wconf 87' lang='lat' dir='ltr'><strong>ejus</strong></span> <span class='ocrx_word' id='word_1_773' title='bbox 3812 5071 3973 5133; x_wconf 84' lang='lat' dir='ltr'><strong>pater</strong></span> 
     </span>
    </p>
   </div>
   <div class='ocr_carea' id='block_1_110' title="bbox 2374 5158 3974 5228">
    <p class='ocr_par' dir='ltr' id='par_1_110' title="bbox 2374 5158 3974 5228">
     <span class='ocr_line' id='line_1_110' title="bbox 2374 5158 3974 5228; baseline 0.001 -16"><span class='ocrx_word' id='word_1_774' title='bbox 2374 5158 2659 5212; x_wconf 74' lang='lat' dir='ltr'><strong>exstiterat</strong></span> <span class='ocrx_word' id='word_1_775' title='bbox 2698 5158 2906 5223; x_wconf 85' lang='lat' dir='ltr'><strong>retulit;</strong></span> <span class='ocrx_word' id='word_1_776' title='bbox 2954 5159 3211 5227; x_wconf 83' lang='lat' dir='ltr'><strong>quoniam</strong></span> <span class='ocrx_word' id='word_1_777' title='bbox 3249 5160 3407 5228; x_wconf 88' lang='lat' dir='ltr'><strong>longe</strong></span> <span class='ocrx_word' id='word_1_778' title='bbox 3439 5168 3563 5214; x_wconf 88' lang='lat' dir='ltr'><strong>ante</strong></span> <span class='ocrx_word' id='word_1_779' title='bbox 3588 5160 3717 5213; x_wconf 83' lang='lat' dir='ltr'><strong>dum</strong></span> <span class='ocrx_word' id='word_1_780' title='bbox 3751 5167 3974 5228; x_wconf 79' lang='lat' dir='ltr'><strong>vegetus</strong></span> 
     </span>
    </p>
   </div>
   <div class='ocr_carea' id='block_1_111' title="bbox 2376 5248 3972 5319">
    <p class='ocr_par' dir='ltr' id='par_1_111' title="bbox 2376 5248 3972 5319">
     <span class='ocr_line' id='line_1_111' title="bbox 2376 5248 3972 5319; baseline 0 -17"><span class='ocrx_word' id='word_1_781' title='bbox 2376 5248 2555 5303; x_wconf 88' lang='lat' dir='ltr'><strong>adhuc</strong></span> <span class='ocrx_word' id='word_1_782' title='bbox 2585 5258 2640 5303; x_wconf 84' lang='lat' dir='ltr'><strong>et</strong></span> <span class='ocrx_word' id='word_1_783' title='bbox 2662 5250 2895 5303; x_wconf 83' lang='lat' dir='ltr'><strong>sanitate</strong></span> <span class='ocrx_word' id='word_1_784' title='bbox 2924 5248 3146 5304; x_wconf 81' lang='lat' dir='ltr'><strong>floreret</strong></span> <span class='ocrx_word' id='word_1_785' title='bbox 3172 5248 3479 5316; x_wconf 82' lang='lat' dir='ltr'><strong>incolumis,</strong></span> <span class='ocrx_word' id='word_1_786' title='bbox 3511 5250 3773 5319; x_wconf 67' lang='lat' dir='ltr'><strong>depositis</strong></span> <span class='ocrx_word' id='word_1_787' title='bbox 3803 5248 3972 5302; x_wconf 87' lang='lat' dir='ltr'><strong>nuda-</strong></span> 
     </span>
    </p>
   </div>
   <div class='ocr_carea' id='block_1_112' title="bbox 2377 5342 3965 5414">
    <p class='ocr_par' dir='ltr' id='par_1_112' title="bbox 2377 5342 3965 5414">
     <span class='ocr_line' id='line_1_112' title="bbox 2377 5342 3965 5414; baseline -0.001 -17"><span class='ocrx_word' id='word_1_788' title='bbox 2377 5352 2465 5397; x_wconf 88' lang='lat' dir='ltr'><strong>tus</strong></span> <span class='ocrx_word' id='word_1_789' title='bbox 2488 5342 2871 5407; x_wconf 76' lang='lat' dir='ltr'><strong>exuviis,collo</strong></span> <span class='ocrx_word' id='word_1_790' title='bbox 2893 5344 3185 5413; x_wconf 86' lang='lat' dir='ltr'><strong>corrigiam</strong></span> <span class='ocrx_word' id='word_1_791' title='bbox 3210 5359 3314 5413; x_wconf 89' lang='lat' dir='ltr'><strong>qua</strong></span> <span class='ocrx_word' id='word_1_792' title='bbox 3339 5344 3656 5414; x_wconf 82' lang='lat' dir='ltr'><strong>cingebatur</strong></span> <span class='ocrx_word' id='word_1_793' title='bbox 3680 5343 3925 5399; x_wconf 76' lang='lat' dir='ltr'><strong>innexuit</strong></span> <span class='ocrx_word' id='word_1_794' title='bbox 3952 5357 3965 5396; x_wconf 87' lang='lat'><strong>:</strong></span> 
     </span>
    </p>
   </div>
   <div class='ocr_carea' id='block_1_113' title="bbox 2373 5434 3972 5504">
    <p class='ocr_par' dir='ltr' id='par_1_113' title="bbox 2373 5434 3972 5504">
     <span class='ocr_line' id='line_1_113' title="bbox 2373 5434 3972 5504; baseline 0.002 -17"><span class='ocrx_word' id='word_1_795' title='bbox 2373 5434 2530 5488; x_wconf 68' lang='lat' dir='ltr'><strong>altari</strong></span> <span class='ocrx_word' id='word_1_796' title='bbox 2561 5449 2618 5488; x_wconf 89' lang='lat' dir='ltr'><strong>se</strong></span> <span class='ocrx_word' id='word_1_797' title='bbox 2646 5435 2817 5489; x_wconf 64' lang='grc' dir='ltr'>ὺωιεθ</span> <span class='ocrx_word' id='word_1_798' title='bbox 2861 5437 2955 5489; x_wconf 82' lang='lat' dir='ltr'><strong>Dei</strong></span> <span class='ocrx_word' id='word_1_799' title='bbox 2994 5435 3318 5501; x_wconf 81' lang='lat' dir='ltr'><strong>Genetricis,</strong></span> <span class='ocrx_word' id='word_1_800' title='bbox 3364 5436 3514 5491; x_wconf 87' lang='lat' dir='ltr'><strong>velut</strong></span> <span class='ocrx_word' id='word_1_801' title='bbox 3559 5436 3753 5491; x_wconf 72' lang='lat' dir='ltr'><strong>servile</strong></span> <span class='ocrx_word' id='word_1_802' title='bbox 3806 5434 3972 5504; x_wconf 74' lang='lat'><strong>530</strong></span> 
     </span>
    </p>
   </div>
   <div class='ocr_carea' id='block_1_114' title="bbox 2377 5524 3969 5595">
    <p class='ocr_par' dir='ltr' id='par_1_114' title="bbox 2377 5524 3969 5595">
     <span class='ocr_line' id='line_1_114' title="bbox 2377 5524 3969 5595; baseline 0.002 -18"><span class='ocrx_word' id='word_1_803' title='bbox 2377 5528 2730 5595; x_wconf 58' lang='lat' dir='ltr'><strong>municipium,</strong></span> <span class='ocrx_word' id='word_1_804' title='bbox 2769 5528 2991 5581; x_wconf 80' lang='lat' dir='ltr'><strong>tradidit</strong></span> <span class='ocrx_word' id='word_1_805' title='bbox 3028 5546 3039 5579; x_wconf 91' lang='lat'>:</span> <span class='ocrx_word' id='word_1_806' title='bbox 3082 5541 3205 5581; x_wconf 81' lang='lat' dir='ltr'><strong>mox</strong></span> <span class='ocrx_word' id='word_1_807' title='bbox 3234 5541 3292 5580; x_wconf 87' lang='lat' dir='ltr'><strong>se</strong></span> <span class='ocrx_word' id='word_1_808' title='bbox 3331 5526 3481 5595; x_wconf 87' lang='lat' dir='ltr'><strong>quasi</strong></span> <span class='ocrx_word' id='word_1_809' title='bbox 3513 5542 3728 5581; x_wconf 83' lang='lat' dir='ltr'><strong>servum</strong></span> <span class='ocrx_word' id='word_1_810' title='bbox 3762 5524 3969 5580; x_wconf 80' lang='lat' dir='ltr'><strong>malum</strong></span> 
     </span>
    </p>
   </div>
   <div class='ocr_carea' id='block_1_115' title="bbox 2378 5617 3965 5681">
    <p class='ocr_par' dir='ltr' id='par_1_115' title="bbox 2378 5617 3965 5681">
     <span class='ocr_line' id='line_1_115' title="bbox 2378 5617 3965 5681; baseline -0.001 -8"><span class='ocrx_word' id='word_1_811' title='bbox 2378 5635 2561 5673; x_wconf 86' lang='lat' dir='ltr'><strong>coram</strong></span> <span class='ocrx_word' id='word_1_812' title='bbox 2613 5620 2829 5673; x_wconf 75' lang='lat' dir='ltr'><strong>domina</strong></span> <span class='ocrx_word' id='word_1_813' title='bbox 2877 5635 2970 5673; x_wconf 80' lang='lat' dir='ltr'><strong>sua</strong></span> <span class='ocrx_word' id='word_1_814' title='bbox 3020 5620 3147 5675; x_wconf 76' lang='lat' dir='ltr'><strong>fecit</strong></span> <span class='ocrx_word' id='word_1_815' title='bbox 3186 5620 3502 5675; x_wconf 81' lang='lat' dir='ltr'><strong>verberibus</strong></span> <span class='ocrx_word' id='word_1_816' title='bbox 3540 5617 3698 5681; x_wconf 71' lang='lat' dir='ltr'><strong>allici,</strong></span> <span class='ocrx_word' id='word_1_817' title='bbox 3728 5618 3912 5672; x_wconf 82' lang='lat' dir='ltr'><strong>dicens</strong></span> <span class='ocrx_word' id='word_1_818' title='bbox 3948 5635 3965 5671; x_wconf 92' lang='lat'><strong>:</strong></span> 
     </span>
    </p>
   </div>
   <div class='ocr_carea' id='block_1_116' title="bbox 2374 5707 3964 5780">
    <p class='ocr_par' dir='ltr' id='par_1_116' title="bbox 2374 5707 3964 5780">
     <span class='ocr_line' id='line_1_116' title="bbox 2374 5707 3964 5780; baseline 0.002 -19"><span class='ocrx_word' id='word_1_819' title='bbox 2374 5707 2599 5763; x_wconf 82' lang='lat' dir='ltr'><strong>Domina</strong></span> <span class='ocrx_word' id='word_1_820' title='bbox 2633 5726 2751 5763; x_wconf 79' lang='lat' dir='ltr'><strong>mea</strong></span> <span class='ocrx_word' id='word_1_821' title='bbox 2783 5709 3333 5780; x_wconf 83' lang='lat' dir='ltr'><strong>gloriosa,virginalis</strong></span> <span class='ocrx_word' id='word_1_822' title='bbox 3359 5710 3636 5763; x_wconf 36' lang='lat' dir='ltr'><strong>muntliligc</strong></span> <span class='ocrx_word' id='word_1_823' title='bbox 3668 5709 3964 5779; x_wconf 77' lang='lat' dir='ltr'><strong>speculum,</strong></span> 
     </span>
    </p>
   </div>
   <div class='ocr_carea' id='block_1_117' title="bbox 2376 5801 3971 5874">
    <p class='ocr_par' dir='ltr' id='par_1_117' title="bbox 2376 5801 3971 5874">
     <span class='ocr_line' id='line_1_117' title="bbox 2376 5801 3971 5874; baseline 0.002 -20"><span class='ocrx_word' id='word_1_824' title='bbox 2376 5808 2431 5854; x_wconf 82' lang='lat' dir='ltr'><strong>et</strong></span> <span class='ocrx_word' id='word_1_825' title='bbox 2460 5801 2703 5856; x_wconf 83' lang='lat' dir='ltr'><strong>omnium</strong></span> <span class='ocrx_word' id='word_1_826' title='bbox 2734 5816 2926 5857; x_wconf 88' lang='lat' dir='ltr'><strong>norma</strong></span> <span class='ocrx_word' id='word_1_827' title='bbox 2968 5802 3255 5869; x_wconf 86' lang='lat' dir='ltr'><strong>virtutum,</strong></span> <span class='ocrx_word' id='word_1_828' title='bbox 3284 5817 3443 5874; x_wconf 85' lang='lat' dir='ltr'><strong>quam</strong></span> <span class='ocrx_word' id='word_1_829' title='bbox 3475 5817 3573 5871; x_wconf 65' lang='lat' dir='ltr'><strong>ego</strong></span> <span class='ocrx_word' id='word_1_830' title='bbox 3611 5812 3661 5856; x_wconf 84' lang='lat' dir='ltr'><strong>te</strong></span> <span class='ocrx_word' id='word_1_831' title='bbox 3693 5802 3879 5869; x_wconf 74' lang='lat' dir='ltr'><strong>miser,</strong></span> <span class='ocrx_word' id='word_1_832' title='bbox 3911 5806 3971 5857; x_wconf 82' lang='lat' dir='ltr'><strong>et</strong></span> 
     </span>
    </p>
   </div>
  </div>
