5664 6660
2229 523 2333 579 567

2654 519 2710 574 S.
2755 515 2956 572 PETRI
2992 515 3273 570 DAMIANI
3316 514 3465 570 OPP.
3506 510 3738 569 TOMUS
3778 508 3911 568 SEU
3970 509 4147 564 PARS
4203 505 4288 561 Ill.
4321 535 4391 547 -
4429 502 4790 562 OPUSCULA
4832 502 5058 558 VARIA.

5361 497 5462 560 568

2227 637 2415 693 infelix
2429 632 2621 690 otfendi
2649 647 2743 701 per
2769 634 3056 685 obscenam
3086 630 3266 684 carnis
3296 645 3425 682 mc:e
3445 625 3799 696 putredinem,
3832 629 3880 686 Α
3910 633 4046 686 rant,
4073 631 4337 691 quatenus
4357 637 4421 676 ex
4449 622 4566 691 ejus
4587 620 4819 684 ossibus,
4849 618 4928 672 vel
4955 626 5196 672 extrema
5221 617 5460 687 quasdam

2229 737 2284 783 et
2310 742 2447 789 eam,
2477 724 2626 791 cujus
2676 733 2729 776 tu
2776 731 2964 785 mater,
2991 730 3042 773 et
3097 731 3287 774 auctor
3339 735 3417 778 es,
3450 716 3637 769 violavi
3692 716 3797 768 mei

2229 818 2469 888 corporis
2518 817 2851 880 castitatem;
2907 832 3046 867 nunc
3099 815 3300 883 itaque,
3332 813 3471 881 quod
3513 809 3681 863 solum
3722 824 3802 863 re-

2226 909 2391 963 medii
2427 915 2690 976 supcrcsl,
2724 921 2808 959 me
2836 907 2926 958 tibi
2958 906 3218 959 famulum
3250 904 3418 966 trado,
3449 911 3550 955 luna
3587 902 3801 954 ditionis

2225 999 2453 1068 imperio
2507 997 2761 1051 substrati
2814 981 3054 1065 corporis
3103 995 3238 1050 colla
3295 994 3571 1046 submitto.
3625 992 3802 1043 Flecte

2225 1089 2522 1151 rebellem,
2583 1088 2793 1155 suscipe
2855 1095 3264 1146 contumacem;
3327 1097 3424 1135 nec
3479 1091 3569 1135 tua
3633 1083 3802 1149 pietas

2226 1190 2448 1244 respuat
2497 1179 2895 1248 delinquentem
2952 1178 3106 1246 cujus
3157 1177 3480 1228 intemerata
3525 1173 3802 1243 virginitas

2224 1269 2436 1340 peperit
2465 1283 2604 1321 vera:
2629 1267 2841 1338 pietatis
2869 1277 3164 1319 auctorem.
3215 1264 3315 1317 l’er
3360 1263 3501 1317 istud
3531 1279 3659 1331 ergo
3691 1277 3804 1313 mu-

2229 1365 2510 1420 nusculum
2541 1366 2812 1419 servitutis
2846 1381 2978 1418 meae
3010 1365 3102 1419 tibi
3132 1373 3259 1417 tunc
3287 1363 3451 1417 offero
3481 1376 3719 1423 censum,
3752 1367 3804 1414 et

2229 1458 2444 1520 amodo,
2471 1472 2531 1510 ac
2572 1456 2823 1524 deinceps
2849 1457 3023 1524 quoad
3055 1457 3264 1519 vixero,
3297 1457 3426 1509 certi
3472 1453 3690 1506 canonis
3719 1467 3805 1520 ap-

3902 716 4113 769 valeant
4144 715 4382 782 reperire
4409 712 4656 782 vestigia.
4691 710 4823 765 Cum
4856 709 5080 763 diversis
5112 710 5288 778 itaque
5309 723 5461 764 man-

3901 819 4004 866 tem
4038 808 4275 861 fossoriis
4301 808 4517 869 adeunt,
4543 807 4665 859 hinc
4694 805 4816 858 inde
4840 812 5168 865 scrutantur,
5207 810 5261 856 et
5287 804 5464 856 curio-

3900 902 4008 954 sius
4037 903 4292 954 obeuntes
4334 900 4479 953 rima!
4505 899 4718 952 latentis
4741 897 4941 950 aditum
4967 903 5227 966 quaerunt.
5263 889 5464 965 Egestis

3900 992 4079 1058 itaque
4114 1006 4215 1044 non
4250 990 4365 1043 sine
4398 990 4543 1059 gravi
4575 988 4758 1041 labore
4791 986 5100 1051 ruderibus,
5155 985 5326 1039 adhuc
5378 984 5458 1039 fo-

3901 1079 4108 1132 dientes
4157 1078 4440 1139 anhelant,
4479 1086 4531 1131 et
4559 1076 4801 1130 excavati
4842 1075 5038 1129 montis
5067 1075 5238 1130 adhuc
5263 1074 5464 1129 viscera

3900 1180 4201 1240 penetrant.
4240 1169 4374 1223 Cum
4406 1184 4529 1222 cccc
4560 1168 4826 1223 hominem
4848 1209 4861 1230 ,
4898 1183 5053 1238 quem
5081 1168 5168 1222 vix
5200 1176 5464 1222 mortuum

3905 1263 4142 1329 reperire
4179 1277 4234 1315 se
4266 1276 4421 1331 posse
4446 1262 4763 1330 sperabant,
4804 1269 5023 1328 repente
5049 1275 5264 1325 sanum,
5302 1269 5356 1314 et
5388 1259 5466 1313 in-

3905 1350 4167 1404 columem
4213 1360 4482 1413 cernunt,
4534 1365 4764 1418 eumque
4811 1351 4954 1404 velut
4998 1366 5027 1406 e
5072 1351 5312 1420 sepulcro
5345 1365 5467 1404 cum

3905 1440 4119 1508 hymnis
4158 1449 4211 1494 et
4254 1440 4500 1493 laudibus
4535 1439 4910 1494 exsultationis
4951 1439 5198 1494 educunt.
5231 1437 5469 1508 Cumque

2226 1549 2452 1620 pendam
2476 1548 2760 1603 annualem
2793 1550 3072 1601 tributum.
3099 1549 3391 1614 Quamdani
3416 1560 3542 1614 ergo
3566 1543 3862 1631 pecunia“
3905 1532 4271 1600 ῖεαυίτθτριιιτ
4332 1546 4438 1600 (luo

3228 1549 3542 1614 mmunergo
3566 1543 3806 1613 pecunia;
3827 1581 3862 1631 ι
3905 1532 4271 1600 requireretur
4332 1546 4438 1600 quo
4480 1532 4636 1584 modo
4687 1531 4800 1584 sine
4848 1530 5114 1585 alimentis
5168 1540 5273 1584 tam
5310 1528 5465 1600 longo

2225 1653 2491 1695 summam
2517 1640 2568 1692 in
2591 1639 2777 1692 altaris
2802 1640 3074 1705 crepidine
3099 1639 3293 1707 posuit,
3326 1646 3377 1689 ct
3404 1638 3479 1689 sic
3509 1637 3572 1687 de
3594 1635 3805 1688 miseri-

2229 1731 2433 1793 cordia,
2479 1745 2637 1799 quam
2692 1732 2976 1799 quaisierat
3031 1731 3287 1791 conlisus,
3351 1730 3631 1783 abscessit.
3691 1727 3806 1781 Non

2226 1821 2392 1890 igitur
2425 1818 2672 1873 fo'rtassis
2718 1821 2877 1882 hanc,
2907 1822 2998 1874 sed
3031 1820 3336 1886 hujusmodi
3371 1820 3538 1872 frater
3564 1835 3712 1872 meus
3742 1817 3807 1872 de

2227 1908 2395 1962 fratre
2434 1911 2675 1962 narravit
2705 1910 3008 1973 historiam,
3052 1910 3204 1976 cujus
3257 1911 3358 1963 etsi
3398 1926 3504 1978 pt‘a‘.
3537 1910 3807 1963 oblivione

3909 1631 4147 1691 tempore
4177 1624 4356 1676 vivere
4383 1624 4672 1691 potuisset,
4705 1623 5034 1693 respondens
5061 1641 5074 1676 :
5098 1622 5175 1677 Ex
5202 1637 5306 1692 quo
5328 1661 5343 1686 ,
5383 1621 5462 1675 in-

3909 1715 4044 1782 quit,
4077 1715 4126 1766 in
4159 1716 4245 1768 illa
4279 1716 4486 1768 scrobis
4525 1724 4749 1782 angusta
4774 1730 4888 1768 sum
4912 1730 5138 1768 caverna
5166 1713 5466 1779 conclusus,

3908 1804 4145 1872 quotidie.
4176 1806 4302 1858 mibi
4348 1805 4523 1858 brevis
4558 1804 4762 1858 avicula
4795 1804 5055 1860 columbae
5085 1804 5272 1860 similis
5305 1804 5465 1858 advo-

3912 1899 4042 1950 lavit
4070 1938 4082 1958 ,
4124 1907 4178 1950 et
4209 1899 4258 1950 in
4290 1912 4383 1956 ore
4407 1912 4504 1950 suo
4534 1896 4674 1950 nivei
4704 1896 4830 1949 mihi
4864 1895 5020 1964 panis
5057 1893 5467 1948 oblatiunculam

2226 2002 2395 2054 verba
2437 2016 2540 2054 non
2575 2009 2752 2062 teneo,
2780 2000 2967 2054 saltem
3010 2000 3061 2054 in
3095 2010 3355 2068 quantum
3392 2001 3518 2052 mihi
3555 2000 3808 2069 possibile
3841 2007 3882 2065 Β
3911 1988 4120 2042 detulit.
4152 1988 4267 2054 QUO
4296 1987 4542 2041 videlicet
4570 1989 4689 2041 cibo
4716 1988 4786 2041 ita
4817 1989 4943 2041 totis
4968 1987 5260 2041 visceribus
5285 1984 5468 2040 Obdlll-

2228 2099 2335 2153 est,
2365 2106 2392 2143 a
2419 2089 2599 2144 relatis
2632 2091 2864 2159 quadam
2894 2090 3241 2143 similitudine
3276 2107 3378 2142 non
3427 2090 3639 2142 recedo.
3669 2090 3808 2143 Con-

2227 2180 2480 2235 fessionis
2531 2181 2694 2250 igitur
2722 2181 2822 2234 iste
2868 2179 3168 2234 versiculus
3197 2181 3264 2233 ad
3319 2179 3617 2243 relata,ch
3669 2180 3806 2234 refe-

2227 2271 2395 2324 renda
2434 2269 2563 2323 mihi
2592 2278 2785 2323 cuncta
2814 2269 3088 2337 proficiat;
3133 2285 3322 2338 meque
3359 2271 3409 2322 in
3443 2271 3635 2337 quibus
3663 2271 3810 2337 igno—

2229 2370 2416 2414 ranter
2454 2361 2668 2427 oberro,
2699 2375 2882 2415 coram
2931 2361 3178 2430 supernis
3219 2361 3495 2415 obtutibus
3532 2362 3810 2415 excusabi-

2231 2453 2334 2506 lem
2357 2455 2562 2507 reddat.

2864 2544 3089 2599 CAPUT
3130 2546 3193 2600 ν.

2232 2622 2384 2697 Quod
2433 2633 2692 2687 orationes
2744 2644 2790 2686 et
2839 2629 3093 2702 suﬁ'rrigia
3144 2636 3243 2686 sint
3303 2635 3550 2687 alimenta
3613 2636 3800 2702 defun-

2906 2714 3124 2755 ciorum.

2305 2799 2374 2855 Ut
2419 2799 2584 2870 igitur
2632 2800 3001 2870 superidribus
3052 2809 3106 2853 et
3156 2799 3407 2852 inferiora
3461 2801 3808 2866 conjungam,

2225 2890 2358 2953 noli,
2389 2891 2524 2954 noli,
2564 2891 2648 2958 pie
2699 2900 2871 2959 pater,
2927 2891 2979 2943 in
3026 2891 3294 2942 minarum
3335 2906 3469 2957 quas
3517 2889 3810 2952 intentasti,

2226 2997 2579 3051 perseverare
2632 2981 2937 3044 sententia;
2997 2981 3102 3033 noli
3167 2982 3442 3051 aegrotanti
3505 2981 3646 3042 filio,
3703 2982 3814 3032 sive

2224 3071 2451 3134 viventi,
2481 3071 2593 3124 sive
2631 3079 2754 3139 post
2783 3071 3012 3136 obitum,
3054 3069 3317 3125 orationis
3365 3081 3465 3123 tua:
3497 3073 3813 3123 subtrahere

2228 3161 2576 3215 medicinam.
2629 3161 2797 3214 Porro
2855 3172 3055 3224 autem,
3095 3165 3218 3231 quia
3283 3163 3461 3214 infelix
3528 3177 3623 3229 ego
3687 3163 3809 3213 dum

2230 3251 2516 3320 vivo,'pr2e
2554 3252 2769 3305 desidim
2802 3262 3015 3321 torpore
3053 3270 3156 3306 non
3201 3255 3425 3316 semino,
3458 3263 3578 3320 post
3605 3253 3806 3304 obitum

2227 3359 2431 3408 meum,
2461 3343 2506 3398 si
2542 3344 2926 3412 super-vixeris,
2960 3346 3024 3398 de
3070 3346 3316 3398 inanibus
3360 3347 3466 3397 tuis
3500 3346 3806 3398 alimoniam
3836 3359 3880 3420 (ς

2230 3449 2421 3504 spero;
2447 3444 2712 3502 quatenus
2739 3436 3025 3488 oblationis
3058 3446 3159 3489 tuzc
3193 3447 3592 3490 sacramentum
3620 3439 3810 3490 animae

2229 3540 2366 3581 mea:
2388 3535 2631 3578 vertatur
2656 3527 2708 3579 in
2739 3526 2975 3594 epulum,
2999 3537 3046 3580 et
3079 3529 3337 3579 oraliuii's
3362 3539 3459 3580 tua:
3485 3528 3808 3581 sacrificium

2232 3618 2364 3671 mihi
2396 3618 2557 3671 vitale
2581 3619 2650 3671 sit
2679 3620 3014 3672 alimentum.
3051 3620 3115 3672 Et
3159 3622 3283 3687 quid
3321 3621 3533 3676 mirum.
3568 3621 3609 3672 si
3641 3636 3810 3673 sacrre

2232 3708 2520 3762 oblationis
2570 3709 2743 3761 hostia
2793 3709 3020 3762 refectio
3076 3711 3310 3763 creditur
3364 3726 3483 3763 esse
3521 3712 3808 3776 defunctis,

2233 3814 2355 3853 cum
2384 3799 2435 3852 in
2461 3798 2716 3853 alimenta
2746 3809 2986 3852 vertatur
3013 3800 3300 3868 aliquando
3325 3802 3627 3853 viventibus
3649 3805 3811 3854 etiam

2232 3890 2287 3944 iu
2314 3891 2568 3959 periculis
2604 3892 2950 3944 constitutis?
2991 3891 3123 3944 Nam
3169 3891 3492 3945 venerabilis
3523 3908 3683 3945 senex
3717 3893 3813 3946 Pc-

2233 3989 2352 4034 trus
2399 3983 2672 4044 sacerdos,
2724 3993 2776 4036 et
2808 3984 3126 4044 monachus,
3174 3984 3261 4049 qui
3315 3982 3420 4049 jam
3473 3985 3808 4051 septuaginta

2232 4070 2407 4126 ferme
2455 4088 2624 4126 annos
2673 4074 2770 4127 sub
2795 4072 2918 4140 jure
2943 4073 3303 4127 Nonantulani
3350 4077 3659 4127 monasterii
3692 4076 3815 4126 reli-

2235 4161 2382 4230 giose
2415 4163 2566 4226 vixit,
2602 4177 2747 4216 nunc
2797 4164 2959 4215 etiam
3014 4166 3064 4216 in
3116 4164 3216 4216 hac
3260 4181 3441 4218 eremo
3475 4166 3639 4218 vitam
3670 4166 3816 4219 ducit

2237 4253 2556 4322 angelicam,
2576 4253 2707 4306 mihi
2727 4267 2866 4322 saepe
2891 4255 3309 4323 narravil,quod
3330 4256 3444 4323 ipse
3471 4271 3683 4324 quoque
3713 4256 3816 4309 fra~

2236 4354 2382 4398 trum
2415 4361 2443 4397 a
2473 4343 2694 4398 Com'ani
2727 4345 2874 4399 lacus
2907 4348 3161 4401 confinio.
3184 4349 3515 4403 venientium
3555 4347 3814 4402 relatione

2237 4436 2510 4504 cognovit.
2541 4437 2632 4488 Ait
2675 4436 2840 4499 enim,
2875 4438 2997 4504 quia
3044 4437 3228 4492 latomi
3281 4440 3498 4507 quidam
3530 4441 3668 4508 apud
3697 4440 3815 4494 Cla-

2233 4542 2464 4581 vennam
2518 4537 2754 4581 montem
2803 4527 2868 4582 de
2920 4545 3080 4582 saxea
3133 4539 3292 4584 terras
3321 4547 3473 4596 ,vena
3502 4531 3700 4585 lebetes
3730 4547 3819 4586 ex-

2237 4615 2592 4686 sculpserant,
2627 4626 2682 4670 et
2712 4617 2924 4686 expleto
2972 4619 3171 4686 labore,
3227 4621 3338 4690 jam
3397 4625 3600 4694 egressi
3640 4625 3817 4680 redire

3912 2088 4062 2132 catus
4099 2095 4214 2131 sum
4248 2089 4296 2132 et
4330 2081 4589 2142 refectus,
4617 2089 4670 2131 ut
4706 2077 4995 2147 regalibus,
5029 2077 5135 2132 imo
5163 2077 5467 2131 caelestibus

3913 2186 3995 2222 me
4021 2169 4223 2221 deliciis
4251 2171 4547 2221 arbitrarer
4573 2168 4867 2238 impletum.
4895 2166 5020 2221 Solo
5043 2177 5217 2221 autem
5239 2182 5342 2220 uno
5365 2167 5468 2231 die,

3912 2263 4163 2329 quoniam
4213 2262 4275 2330 ad
4309 2276 4391 2312 me
4423 2258 4659 2327 dapifera
4703 2274 4818 2312 mea
4866 2267 5117 2312 consueta
5153 2272 5257 2312 non
5297 2257 5467 2322 venit,

3914 2349 4267 2402 intolerabilis
4298 2365 4380 2402 me
4413 2349 4570 2401 famis
4605 2347 4780 2417 in0pia
4827 2347 5105 2401 cruciavit.
5150 2345 5295 2401 Uxor
5329 2347 5468 2399 enim

3913 2441 4028 2509 ejus
4069 2441 4306 2508 quotidie
4339 2440 4539 2493 fecerat
4584 2454 4680 2506 pro
4709 2437 4824 2506 ejus
4862 2438 5039 2492 anima
5071 2449 5469 2506 sacramentum

3915 2532 4101 2583 hostiae
4131 2532 4380 2583 salutaris
4411 2529 4614 2594 offerri,
4638 2545 4745 2582 uno
4765 2538 4943 2583 autem
4965 2530 5049 2583 die
5071 2528 5469 2583 in-horrescente

3915 2621 4173 2672 brumalis
4204 2620 4545 2672 inclementia
4582 2619 4858 2686 temporis,
4891 2618 5149 2687 attingere
5175 2618 5333 2671 limen
5377 2616 5468 2672 Ec-

3913 2712 4086 2762 clesiae
4132 2710 4449 2778 supersedit.
4485 2711 4817 2778 Quapropter
4845 2708 4950 2762 illis
4990 2717 5172 2762 mutuo
5197 2706 5471 2762 conferen-

3916 2804 4056 2856 tibus
4101 2803 4299 2870 liquido
4332 2802 4504 2870 patuit
4532 2843 4544 2863 ,
4595 2816 4714 2853 cum
4744 2800 4830 2852 illo
4878 2801 4962 2854 die
4993 2800 5265 2868 signanter
5297 2796 5471 2852 inedia

3918 2893 4274 2956 labefactum,
4321 2893 4460 2958 quod
4517 2905 4611 2959 pro
4654 2891 4766 2958 ipso
4810 2906 4914 2943 non
4944 2889 5120 2944 fuerat
5155 2887 5469 2944 sacrificium

3917 2981 4085 3034 laudis
4115 2980 4368 3033 oblatum.

4525 3100 4746 3155 CAPUT
4791 3100 4873 3154 V'I.

3914 3229 4223 3299 Ea‘ciiiplum
4258 3231 4519 3295 mulieris,
4547 3249 4662 3300 qua'
4689 3233 4919 3299 defuncti
4952 3231 5050 3285 viri
5075 3231 5309 3296 animum
5341 3231 5471 3286 elec-

4285 3319 4499 3370 mosymt
4532 3305 4781 3355 redimere
4803 3302 5103 3356 conabatur.

3983 3441 4086 3494 Sed
4138 3454 4235 3492 nec
4276 3437 4402 3490 illud
4446 3436 4660 3490 silentio
4711 3436 4927 3504 dignum
4966 3435 5132 3498 duco,
5173 3435 5312 3503 quod
5351 3434 5474 3488 Atto

3910 3530 4008 3596 pice.
4040 3528 4310 3580 memoria:
4351 3526 4683 3579 Auximanus
4729 3526 4892 3591 civis,
4933 3525 5164 3594 prudens
5199 3525 5468 3588 videlicet,

3911 3628 3962 3671 ct
3994 3621 4246 3670 honestus
4261 3617 4370 3678 'vir,
4394 3631 4476 3668 mc
4496 3623 4775 3682 prmsente,
4793 3615 5044 3667 narravit.
5061 3613 5263 3676 Mulier,
5284 3614 5470 3683 inquit,

3912 3708 4150 3775 quendam
4184 3709 4411 3760 obcunte
4449 3705 4587 3767 viro,
4609 3704 4765 3757 vidua
4806 3718 5106 3770 remanens,
5136 3704 5187 3758 in
5212 3705 5469 3774 quodam,

3912 3798 4230 3865 presbytero
4264 3810 4510 3863 magnam
4550 3810 4698 3863 spem
4731 3795 4794 3848 de
4821 3794 5022 3862 prmfati
5059 3795 5158 3848 viri
5193 3797 5274 3848 sui
5302 3796 5470 3850 salute

3914 3898 4190 3957 posuerat,
4249 3886 4406 3953 eique
4455 3901 4549 3954 per
4588 3884 4937 3938 domesticam
4978 3883 5226 3937 famulam
5274 3885 5474 3939 crebrae

3914 3978 4043 4030 satis
4090 3975 4381 4029 oblationis
4424 3974 4582 4028 xenia
4641 3973 4919 4044 dirigebat.
4962 3973 5078 4028 Per-
5105 3988 5223 4027 eam
5269 3987 5475 4042 semper

3916 4071 4234 4130 obsecrans,
4273 4074 4333 4117 ut
4354 4063 4590 4117 defuncti
4623 4063 4703 4118 sui
4728 4063 5035 4133 dignaretur
5053 4062 5250 4117 habere
5275 4077 5473 4116 memo-

3917 4161 4051 4212 riam
4079 4175 4090 4210 :
4119 4155 4259 4225 quod
4284 4155 4372 4208 ille
4402 4169 4506 4208 non
4536 4151 4752 4207 difﬁcile
4778 4151 5122 4222 promittebat
5148 4170 5162 4218 ;
5203 4163 5472 4207 verumta-

3915 4265 4037 4304 men
4062 4263 4256 4300 avarus
4311 4255 4365 4299 et
4422 4258 4581 4299 tenax
4608 4260 4880 4314 nunquam
4914 4245 5336 4299 benedictionem
5357 4262 5474 4300 mu-

3917 4339 4168 4401 lierculm,
4202 4338 4282 4390 vel
4332 4352 4399 4391 ex
4428 4337 4513 4390 his
4537 4351 4655 4406 qua:
4688 4336 4800 4404 ipsa
4833 4334 5115 4398 detulerat,
5145 4335 5471 4405 porrigebat.

3919 4433 4071 4487 Unde
4113 4431 4311 4484 factum
4341 4439 4450 4492 est,
4499 4436 4558 4481 ut
4597 4443 4716 4482 eam
4766 4436 4873 4480 tam
4910 4426 5081 4480 crebri
5113 4425 5223 4494 jam
5264 4427 5474 4481 taederet

3919 4526 4128 4578 itineris
4148 4563 4160 4586 ,
4191 4531 4244 4576 et
4271 4530 4549 4575 accusaret
4576 4521 4716 4573 intra
4745 4534 4804 4573 se
4831 4517 5095 4573 tenaciam
5125 4517 5438 4574 sacerdotis.

3989 4614 4117 4667 Post
4156 4612 4324 4666 multa
4355 4611 4584 4679 quadam
4613 4609 4698 4664 die
4725 4625 4821 4678 per
4840 4608 5080 4664 eamdem
5108 4609 5314 4678 piorum
5357 4627 5472 4664 mu-

2236 4707 2519 4775 parabant.
2545 4708 2782 4772 Quorum
2812 4724 2948 4762 unus
2981 4711 3107 4763 dum
3138 4711 3523 4768 ferramentum
3547 4716 3814 4784 quoddam
3843 4717 3896 4776 D
3921 4721 4110 4761 Herum
4156 4703 4386 4774 baiulam
4440 4703 4587 4757 ῐηίείῑ
4635 4701 4822 4756 eadem
4873 4710 5114 4755 ῐηθῑτοηει
5163 4701 5475 4774 presbytero

2238 4813 2297 4851 se
2328 4813 2424 4868 per
2454 4798 2781 4852 oblivionem
2817 4798 3100 4868 reliquisse
3128 4804 3400 4871 cognovit,
3440 4805 3492 4856 in
3517 4819 3810 4858 concavam

2237 4890 2435 4944 montis
2468 4890 2714 4943 scrobem
2761 4888 3028 4957 jacturam
3080 4907 3232 4946 suam
3283 4893 3664 4948 recollecturus
3715 4896 3814 4948 im-

2239 4969 2449 5036 mersit.
2516 4977 2620 5030 Sed
2671 4993 2798 5032 ecce
2848 4988 2970 5048 post
3019 4993 3077 5033 se
3119 4997 3243 5050 pars
3287 4997 3481 5050 specus
3507 4984 3559 5036 in
3593 4983 3811 5036 minima

2237 5069 2503 5131 concidit,
2529 5083 2756 5136 eumque
2795 5070 2999 5139 lapidea
3063 5074 3312 5128 ruderum
3361 5075 3530 5130 moles
3568 5085 3809 5140 eatenus,

2199 5171 2297 5216 ‘ut
2352 5175 2692 5230 nequaquam
2756 5163 2951 5214 reverti
3015 5174 3227 5232 posset,
3279 5166 3510 5220 inclusit.
3571 5167 3814 5237 Cumque

2242 5252 2684 5306 collaboratorem
2725 5253 2840 5320 ejus
2897 5252 3101 5306 crebris
3157 5254 3528 5310 effossionibus
3561 5257 3704 5311 .socii
3734 5265 3817 5310 at—

2243 5351 2550 5407 tentarent,
2606 5352 2664 5396 ut
2718 5343 2800 5396 vel
2851 5343 3241 5407 dilaceratum,
3307 5358 3469 5416 atque
3523 5351 3812 5404 contritum

2242 5430 2498 5485 exstincti
2549 5432 2778 5486 cadaver
2841 5432 3170 5497 educerent,
3214 5434 3430 5504 jamque
3484 5439 3658 5492 omnis
3719 5453 3813 5493 eo-

2244 5539 2361 5575 rum
2419 5522 2569 5576 labor
2612 5523 2876 5577 incassum
2928 5525 3162 5588 cederet,
3221 5529 3430 5580 tandem
3487 5529 3697 5594 defessi,
3753 5546 3814 5584 ac

2247 5612 2402 5682 581
2457 5612 2694 5667 funditus
2735 5615 3078 5682 desperantes
3120 5617 3187 5669 ad
3221 5618 3431 5686 propria
3470 5621 3808 5688 repedarunt.

2245 5705 2590 5759 Postmodum
2624 5719 2750 5759 vero
2774 5707 2999 5761 necdum
3026 5708 3255 5763 labentis
3288 5711 3414 5763 anni
3446 5726 3662 5778 prorsus
3686 5728 3810 5766 evo-

2247 5795 2358 5849 luto
2383 5797 2584 5851 circulo
2606 5837 2619 5858 ,
2661 5799 2856 5861 amici,
2905 5800 2986 5853 vel
3026 5799 3210 5855 aflines
3243 5801 3359 5869 ejus
3383 5803 3609 5870 quodam
3638 5807 3808 5860 intimi

2248 5884 2477 5944 fervoris
2504 5887 2759 5946 instinctu
2787 5890 3110 5961 animantur,
3140 5902 3198 5949 ut
3219 5908 3340 5951 cum
3368 5893 3651 5956 sollicitius
3671 5912 3810 5966 quae-

3919 4798 4170 4869 gallinam
4198 4801 4436 4858 coctam,
4470 4790 4886 4847 subcinericium
4912 4804 5101 4859 panem
5123 4799 5175 4843 et
5203 4790 5473 4846 vasculum

3918 4888 4048 4940 vini.
4083 4885 4246 4956 Igitur
4273 4884 4398 4937 dum
4439 4882 4526 4936 illa
4553 4896 4679 4936 casu
4709 4889 4834 4935 tunc
4859 4879 5016 4934 solito
5039 4894 5334 4956 propensus
5359 4895 5475 4936 esu-

3917 4981 4069 5042 riret,
4105 4988 4159 5032 et
4197 4975 4469 5046 querelam
4494 4974 4698 5036 cordis,
4724 4971 5166 5041 cogitationisque
5209 4972 5467 5028 tumultus
5552 4999 5557 5004 ι

3919 5071 4003 5123 illa
4033 5069 4292 5122 adversus
4320 5065 4691 5136 presbyterum
4722 5062 5044 5126 sustineret,
5067 5061 5168 5117 huc
5204 5062 5327 5117 illuc
5354 5078 5470 5118 orn-

3922 5162 4011 5215 nia
4045 5159 4284 5226 undique
4323 5155 4780 5227 circumspiciens,
4821 5156 4875 5209 in
4906 5154 5206 5209 remotioris
5234 5168 5474 5210 secessus

3919 5252 4169 5322 angulum
4210 5258 4367 5303 cauta
4405 5248 4660 5311 divertit,
4705 5247 4924 5317 ipsaque
4973 5245 5072 5300 sibi
5103 5245 5470 5312 discumbens,

3918 5345 4119 5412 pariter
4141 5350 4191 5396 ct
4217 5341 4494 5404 assistens,
4524 5353 4750 5408 quaeque
4773 5337 5022 5409 portabat
5047 5337 5317 5392 inbianter
5353 5338 5471 5392 uni-

3918 5451 4071 5490 versa
4103 5432 4456 5502 consumpsit.
4496 5430 4685 5485 Mulier
4713 5430 4877 5500 igitur
4899 5429 5018 5485 cibo
5051 5438 5283 5500 potuque
5330 5428 5469 5484 refe—

3918 5536 4000 5580 cta
4021 5568 4034 5591 ,
4081 5542 4204 5579 mox
4233 5525 4416 5577 lartitia
4447 5524 4624 5577 cordis
4654 5523 4948 5586 exsultans,
4979 5532 5138 5592 caput
5165 5530 5319 5576 terra:
5350 5535 5470 5590 pro-

3921 5619 4109 5673 stravit
4137 5637 4149 5671 :
4181 5618 4373 5672 deinde
4398 5631 4456 5670 se
4477 5617 4775 5684 subrigens,
4799 5614 4864 5669 ad
4888 5614 5078 5669 caelum
5100 5629 5291 5668 manus
5314 5612 5467 5683 582

3919 5713 4179 5776 extendit,
4204 5720 4258 5764 et
4289 5711 4340 5763 in
4364 5725 4548 5764 vocem
4573 5710 4727 5776 hujus
4754 5709 5010 5763 orationis
5030 5707 5204 5778 erupit
5227 5723 5240 5761 :
5267 5727 5284 5758 ι
5308 5707 5466 5771 Deus,

3912 5801 4103 5870 inquit,
4127 5802 4486 5870 omnipotens,
4511 5799 4601 5867 qui
4624 5799 4719 5853 das
4753 5813 4933 5854 escam
4955 5798 5100 5852 omni
5123 5797 5269 5852 carni
5297 5793 5462 5867 (I’sal.

3913 5894 4132 5961 (κίχεν),
4168 5913 4182 5942 ι
4218 5892 4355 5948 sicut
4381 5905 4507 5946 caro
4544 5905 4659 5946 mea
4691 5888 4891 5946 refecta
4919 5897 5000 5944 est
5029 5888 5132 5945 hoc
5150 5887 5268 5943 cibo
5289 5901 5464 5957 corpo-

4885 6485 4920 6492 _.
4992 6479 5422 6498 ήπήήηη-,ηκῇ
