5664 6634
732 438 833 497 569

1602 438 1844 498 OPUSC.
1876 438 2118 498 XXXIII.
2150 468 2219 478 —
2257 434 2348 491 DE
2388 433 2571 491 BONO
2609 428 3182 490 SUFFRAGIORUM.

3904 419 4007 473 570

730 570 850 621 reo,
905 553 980 607 ita
1031 565 1128 623 per
1164 533 1591 610 misericordiam
1626 565 1772 611 tuam
1818 557 1980 613 hodie
2026 566 2084 613 et
2123 556 2305 611 anima
2334 554 2383 615 Α
2413 561 2620 605 ctorum
2644 550 2747 603 hoc
2772 548 2983 602 novlter
3016 541 3408 614 superaddunt,
3431 535 3855 594 utchar-ioribu~
3886 537 4008 605 qui-

730 648 934 705 domini
962 647 1067 701 mei
1096 647 1321 701 satietur
1350 648 1403 702 in
1432 650 1705 719 paradiso.

800 738 1071 809 Regressa
1109 738 1271 808 igitur
1307 740 1372 794 ad
1415 740 1688 795 dominam
1733 757 1883 798 suam
1914 743 2141 809 mulier,
2179 740 2309 812 quid

731 843 1050 897 responsum
1076 828 1194 881 sita
1219 830 1501 885 sacerdote
1548 831 1810 899 requirit;
1842 832 1928 885 illa
1953 848 2083 888 vero
2107 832 2311 905 gratias

732 920 935 983 egisse,
991 925 1047 972 et
1084 918 1229 973 circa
1267 918 1580 975 defunctum
1624 923 1957 991 vigilantiam
1996 923 2312 991 promisisse

734 1018 981 1063 testatur.
1025 1010 1277 1064 Proxima
1306 1020 1465 1065 nocte
1488 1025 1585 1079 per
1617 1014 1789 1066 visum
1819 1014 1971 1066 adest
2003 1014 2086 1066 vir
2112 1054 2126 1078 ,
2156 1012 2309 1067 uxori

732 1102 798 1157 de
832 1102 1094 1170 pridianis
1132 1103 1451 1157 muneribus
1477 1104 1680 1173 gratias
1712 1106 1840 1174 egit.
1877 1104 2116 1174 Cumque
2142 1106 2309 1159 soler-

731 1201 814 1248 ter
840 1193 1131 1263 inquireret
1154 1194 1280 1263 quid
1301 1196 1443 1249 circa
1466 1210 1524 1249 se
1545 1195 1913 1265 diSpositionis
1934 1204 2094 1257 esset,
2122 1206 2305 1250 utrum

728 1282 943 1338 scilicet
986 1300 1109 1339 eum
1135 1298 1296 1355 poena
1326 1285 1748 1357 constringeret,
1780 1302 1846 1341 an
1876 1288 1923 1340 ei
1952 1289 2185 1356 quaevis,
2212 1287 2313 1340 uti-

729 1390 875 1439 nam,
941 1377 1271 1445 prosperitas
1324 1377 1554 1441 arridet,
1614 1379 1890 1448 respondit
1925 1392 1938 1431 :
1972 1379 2154 1447 Usque
2191 1378 2307 1434 heri

728 1466 869 1519 male
898 1467 1027 1521 mihi
1062 1466 1182 1531 fuit,
1211 1467 1304 1522 sed
1331 1475 1385 1522 et
1424 1468 1565 1522 inter
1590 1478 1783 1523 caatera
1812 1484 1946 1523 meae
1979 1469 2310 1525 calamitatis

728 1555 1067 1611 incommoda
1120 1558 1337 1626 gravius
1381 1572 1466 1612 me
1497 1558 1670 1613 fames
1715 1558 1922 1613 afllixit.
1969 1558 2096 1613 Heri
2150 1575 2307 1626 vero,

730 1640 785 1703 te
804 1649 1079 1718 praebente
1103 1650 1438 1715 convivium,
1461 1651 1738 1720 Splendide
1764 1651 1960 1717 refeci;
1984 1667 2047 1706 ac
2069 1650 2311 1706 funditus

729 1736 873 1794 fame
904 1748 1249 1809 consumpta,
1282 1739 1446 1809 largis
1476 1741 1856 1795 alimentorum
1890 1742 2117 1810 dapibus
2146 1743 2311 1794 abun-

728 1830 875 1883 davi.
904 1829 972 1884 Et
1003 1830 1086 1885 his
1112 1831 1269 1886 dictis
1303 1838 1501 1901 praesto
1527 1832 1812 1902 disparuit.
1845 1834 2088 1902 Cumque
2115 1832 2309 1887 mulier

2413 645 2723 712 bnscunque
2768 641 3034 697 defunctis
3083 646 3304 693 octavas
3335 650 3549 704 semper
3599 631 4007 685 anniversarias

2413 735 2640 800 faciant;
2668 744 2721 790 et
2746 749 2852 789 non
2882 749 2987 787 uno
3017 741 3226 786 tantum
3251 725 3606 799 depositionis
3629 727 3745 790 die,
3778 726 3870 780 sed
3902 740 4004 795 per

2413 831 2710 898 ogdoadam
2731 818 3168 900 [hebdomadam]
3196 823 3378 893 potius
3398 820 3652 900 annualis
3670 820 3773 873 sibi
3797 833 4007 874 memo-

2413 896 2505 978 ria:
2529 935 2652 977 vota
2675 896 3004 992 persolvant.
3031 919 3345 988 Etsuggero
3369 924 3532 985 atque
3556 896 3838 968 humiliter
3859 921 4006 982 peto,

2414 1022 2469 1067 ut
2506 1014 2618 1082 ipse
2649 1021 2833 1066 notum
2860 1012 2960 1063 hoc
2989 1024 3199 1073 eorum,
3226 1024 3345 1077 qum
3369 1005 3749 1076 praadiximus,
3779 1004 4009 1073 arripias

2414 1106 2719 1160 institutum
2759 1122 2771 1157 :
2808 1118 2907 1158 nec
2941 1118 2968 1156 a
3001 1101 3243 1155 minimis
3284 1099 3544 1154 fratribus
3584 1099 3818 1153 mutuari
3855 1097 4009 1151 dedi-

2413 1194 2972 1266 gneris,exemplum.
3027 1192 3215 1246 Melius
3270 1200 3353 1244 est
3408 1200 3558 1245 certe
3617 1190 3930 1244 doctoribus
3977 1203 4009 1243 a

2416 1286 2691 1355 discipulis
2719 1286 2959 1349 discere,
3005 1300 3165 1351 quam
3207 1282 3437 1352 superbe
3462 1322 3477 1345 ,
3507 1286 3625 1351 qua:
3649 1290 3793 1335 recta
3843 1288 4005 1343 sunt,

2413 1376 2681 1446 ignorare.
2717 1373 3008 1429 IIoneStius
3044 1382 3125 1427 est
3151 1372 3363 1439 majori,
3402 1380 3462 1424 ut
3497 1385 3615 1439 qua:
3638 1370 3812 1423 nescit
3851 1368 4008 1421 addi-

2415 1474 2558 1525 scat,
2598 1480 2757 1533 quam
2802 1480 2921 1533 quae
2960 1463 3181 1517 dicenda
3227 1470 3385 1525 sunt,
3424 1461 3650 1514 nesciat.
3691 1458 3734 1513 Ο
3768 1458 4007 1528 gloriosa

2412 1558 2587 1611 virtus
2626 1557 2976 1610 humilitatis!
3021 1571 3115 1625 per
3167 1570 3330 1623 quam
3363 1555 3526 1607 homo
3557 1567 3687 1606 vere
3726 1550 4007 1620 discipulis

2412 1646 2639 1702 efficitur
2677 1646 2995 1702 Salvatoris.
3063 1666 3079 1697 (
3111 1645 3313 1700 Discite
3339 1685 3353 1708 ,
3392 1643 3593 1713 inquit,
3651 1658 3679 1695 a
3728 1658 3840 1701 me,
3877 1641 4007 1709 quia

2412 1740 2559 1793 mitis
2590 1753 2705 1793 sum
2727 1780 2741 1803 ,
2774 1748 2829 1792 ct
2864 1738 3082 1792 humilis
3112 1738 3277 1792 corde
3326 1736 3542 1807 (Matth.
3576 1734 3674 1803 x1).
3716 1754 3734 1785 ›
3774 1731 3898 1787 Haec
3924 1741 4008 1787 est

2414 1830 2557 1883 enim
2604 1830 2806 1893 virtus,
2839 1844 2937 1898 per
2976 1844 3137 1898 quam
3179 1843 3343 1883 suave
3390 1828 3500 1882 Deo
3549 1827 3911 1888 sacrificium,
3953 1834 4010 1881 et

728 1919 1057 1990 evigilasset,
1088 1936 1152 1975 ac
1180 1922 1245 1975 de
1274 1922 1373 1975 viri
1403 1922 1483 1976 sui
1505 1923 1685 1977 verbis
1709 1922 1940 1978 sollicite
1964 1933 2304 1991 pertractare
2331 1908 2381 1969 Β
2412 1918 2671 1987 magister
2712 1918 2941 1987 impensi
2985 1918 3188 1973 laboris
3219 1916 3568 1982 instantiam,
3609 1926 3665 1971 et
3709 1916 4006 1985 discipulus

729 2008 1000 2078 cmpisset,
1030 2025 1135 2063 non
1157 2010 1507 2064 mediocriter
1532 2012 1851 2077 mirabatur,
1878 2028 1975 2067 cur
1998 2012 2087 2066 ille
2109 2014 2308 2068 dixerit

723 2100 1037 2156 hesternum
1084 2116 1142 2157 se
1178 2102 1549 2157 tantummodo
1596 2104 1664 2157 ab
1694 2118 1756 2156 ca
1788 2105 2095 2173 percepisse
2132 2104 2311 2158 convi-

722 2193 899 2256 vium,
950 2193 1381 2262 quandoquidem
1426 2193 1515 2247 illa
1552 2194 1822 2249 sacerdoti
1862 2193 2312 2263 frequentissime

722 2283 1010 2340 direxisset
1061 2284 1300 2338 xenium.
1358 2283 1527 2355 Igitur
1589 2284 1769 2338 altiori
1816 2292 2157 2354 pertractans
2208 2284 2308 2338 viri

725 2376 888 2430 verba
910 2375 1159 2440 consilio,
1182 2376 1448 2431 intellexit
1472 2392 1579 2432 non
1604 2378 1720 2432 sine
1742 2378 2003 2447 mysterio
2027 2393 2146 2431 esse
2169 2378 2311 2446 quod

722 2465 959 2520 dixerat.
1012 2466 1223 2521 Vocans
1274 2476 1453 2521 autem
1502 2466 1797 2532 famulam,
1850 2468 2095 2521 districte
2148 2468 2313 2536 ccepit

720 2555 1002 2624 inquirere
1030 2558 1096 2609 de
1128 2555 1285 2623 xenio
1337 2556 1464 2625 quid
1490 2556 1715 2624 egisset,
1752 2556 1835 2611 vel
1862 2556 2308 2633 quidprcsbyter

722 2646 1112 2716 respondisset.
1146 2645 1388 2716 Cumque
1431 2646 1520 2700 illa
1556 2656 1765 2701 terrore
1796 2663 2059 2701 concussa
2086 2688 2098 2707 ,
2150 2647 2309 2701 modo

725 2736 873 2800 limo,
909 2738 1064 2791 modo
1104 2737 1193 2790 illa
1230 2737 1603 2806 conﬁngeret:
1635 2748 1689 2791 et
1719 2739 1945 2791 veritate
1984 2753 2269 2806 suppressa
2295 2777 2308 2801 ,

718 2841 819 2896 per
853 2826 1104 2895 ambages
1125 2834 1177 2878 et
1204 2833 1509 2880 commenta
1535 2827 1785 2895 quaedam
1817 2840 1923 2879 non
1953 2828 2302 2896 procedentia

720 2916 1060 2985 palpitaret;
1131 2915 1343 2969 domina
1412 2932 1543 2971 vero
1598 2918 1758 2971 ﬁdem
1815 2932 1923 2970 non
1994 2918 2257 2971 adhibens
2291 2959 2304 2982 ,

688 3008 853 3062 ‘dura
902 3019 1123 3073 prorsus
1166 3015 1219 3060 et
1274 3022 1464 3075 aspera
1514 3007 1801 3060 minaciter
1845 3008 2161 3060 intentaret.
2210 3003 2303 3060 Illa

718 3094 935 3149 demum
966 3095 1289 3149 necessitate
1348 3095 1641 3149 constricta
1663 3135 1676 3159 ,
1711 3095 1927 3149 tandem
1971 3095 2113 3164 quod
2164 3095 2217 3147 in
2250 3109 2308 3148 re

718 3192 867 3248 erat,
911 3184 1122 3253 aperuit
1152 3200 1166 3247 ;
1200 3193 1255 3238 et
1281 3198 1339 3237 se
1366 3222 1380 3249 ,
1418 3200 1536 3253 quae
1567 3185 1865 3250 detulerat,
1892 3185 2219 3250 comedisse,
2252 3195 2307 3242 et

718 3287 820 3343 pro
847 3272 1064 3327 domino
1093 3287 1191 3327 suo
1219 3287 1409 3342 preces
1436 3271 1639 3328 fudisse
1666 3272 1915 3327 confessa
1943 3283 2047 3328 est.

1319 3384 1544 3441 CAPUT
1598 3384 1707 3439 VII.

723 3475 879 3544 Quod
927 3476 1245 3551 fructuosior
1289 3486 1364 3531 est
1409 3476 1737 3551 eleejmosyna
1784 3479 2101 3551 pauperibus
2142 3479 2305 3551 data,

862 3564 1017 3618 quam
1044 3548 1235 3601 oblatio
1267 3565 1296 3600 α
1337 3549 1608 3601 sacerdote
1638 3549 1840 3601 carnali
1880 3548 2161 3602 celebrata.

791 3637 905 3696 Hoc
935 3640 1096 3711 igitur
1124 3641 1221 3701 ita,
1249 3650 1307 3694 ut
1340 3640 1538 3695 factum
1570 3648 1687 3705 est,
1732 3642 2058 3709 quantocius
2090 3657 2183 3710 per
2208 3656 2307 3710 po-

722 3730 835 3803 puli
867 3747 961 3786 ora
994 3733 1327 3801 depromitur
1352 3773 1364 3795 ,
1398 3741 1453 3787 et
1504 3731 1704 3786 celebri
1738 3746 1833 3801 per
1876 3734 2125 3801 regiones
2172 3732 2309 3786 rela-

721 3824 869 3877 tione
906 3822 1151 3893 vulgatur
1184 3841 1196 3875 :
1230 3822 1629 3893 multorumque
1674 3825 1990 3878 testimonio
2024 3823 2307 3877 deﬁnitum

722 3923 838 3975 est,
882 3914 1024 3982 quod
1071 3912 1255 3967 utilior
1312 3920 1422 3974 cst,
1477 3920 1531 3965 et
1589 3912 1919 3965 fructuosior
1970 3912 2308 3981 eleemosyna

724 4017 1026 4075 pauperum
1052 4040 1067 4067 ,
1100 4016 1262 4070 quam
1294 3998 1543 4070 quaelibet
1582 4002 1784 4056 oblatio
1832 4002 2028 4055 tradita
2059 4002 2309 4056 manibus

715 4093 1013 4149 carnaliter
1058 4092 1355 4146 viventium
1420 4093 1802 4159 sacerdotum;
1868 4093 2307 4163 quandoquidem

715 4184 1006 4242 defunctus
1030 4184 1137 4250 ille,
1167 4193 1222 4238 et
1244 4184 1385 4253 quod
1426 4185 1745 4257 presbytero
1767 4185 1951 4239 datum
1982 4196 2098 4253 est,
2150 4188 2306 4257 igno-

714 4278 894 4339 ravit;
926 4284 980 4330 et
1006 4274 1146 4343 quod
1180 4289 1207 4327 a
1236 4274 1561 4344 paupercula
1596 4276 1825 4330 muliere
1853 4286 2165 4347 perceptum
2193 4286 2305 4345 est,

716 4367 965 4423 solemne
996 4366 1297 4421 convivium
1339 4367 1528 4421 sensit.
1565 4367 1919 4439 Eleemosyna
1952 4369 2151 4438 quippe
2185 4369 2307 4422 ani-

714 4474 839 4515 mas
861 4458 1140 4513 hominum
1173 4459 1226 4511 in
1260 4458 1508 4512 tenebras
1544 4459 1624 4514 ire
1655 4475 1761 4514 non
1782 4461 2014 4528 petitur,
2048 4461 2309 4515 terrenis-

711 4565 827 4621 que
856 4550 1184 4607 munusculis
1223 4552 1399 4606 sidera
1430 4567 1595 4623 regna
1627 4562 1921 4607 mercatur.
1958 4553 2111 4608 Unde
2169 4568 2302 4609 non-

714 4640 874 4698 nulla
901 4641 954 4694 in
974 4642 1170 4696 nostris
1196 4643 1438 4711 partibus
1456 4644 1781 4697 monasteria
1802 4644 2115 4715 praeclaram
2134 4660 2303 4715 nuper

709 4733 1073 4792 inStitutionis
1116 4748 1361 4787 normam
1389 4734 1604 4789 sibimet
1641 4735 1992 4803 indiderunt,
2030 4744 2086 4790 ut
2108 4745 2304 4807 prmter

711 4834 915 4883 extera
932 4824 1149 4893 pietatis
1162 4840 1346 4894 opera,
1363 4827 1523 4881 etiam
1550 4837 1661 4881 tres
1688 4843 1952 4897 pauperes
1973 4844 2094 4883 cum
2122 4831 2301 4900 priva-

708 4926 773 4976 ta
795 4917 1142 4987 mensajuxta
1164 4932 1221 4972 se
1241 4918 1406 4972 abbas
1421 4917 1633 4983 habeat,
1647 4918 1834 4989 eisque
1848 4919 2077 4989 singulis
2091 4936 2307 4976 mensu-

710 5025 835 5067 ram
858 5008 962 5063 cibi
986 5024 1145 5079 quem
1168 5010 1346 5079 quivis
1368 5011 1531 5065 habet
1554 5013 1719 5065 frater
1740 5021 1975 5081 apponat
1996 5013 2077 5083 (S.
2102 5013 2302 5069 Besso.

712 5101 880 5171 Reg.,
914 5113 1032 5169 cap.
1056 5098 1146 5171 46)
1178 5097 1313 5154 Nam
1344 5115 1464 5155 cum
1496 5100 1757 5171 regularis
1784 5116 1972 5155 norma
2004 5103 2302 5173 prmcipiat,

712 5199 777 5246 ut
820 5189 1035 5245 abbatis
1082 5204 1266 5245 mensa
1316 5204 1528 5261 semper
1570 5191 1795 5245 sitcum
1842 5193 2173 5263 hospitibus,
2204 5194 2305 5251 hoc

712 5283 881 5339 modo
919 5283 1130 5339 noviter
1183 5293 1471 5354 utrumque
1524 5285 1856 5356 completur;
1900 5296 1961 5341 ut
2002 5296 2057 5342 et
2097 5290 2308 5345 abbatis

712 5392 905 5435 mensa
949 5394 1057 5433 non
1095 5379 1343 5450 superbis
1372 5379 1584 5444 saeculi,
1619 5381 1715 5436 sed
1762 5383 1963 5436 sanctis
2006 5374 2307 5451 hospitibus

708 5469 944 5533 intereat,
968 5477 1023 5525 et
1047 5454 1160 5541 ipse
1180 5471 1429 5525 convesci
1457 5470 1715 5527 fratribus
1740 5488 1842 5526 non
1866 5472 2101 5526 omittat.
2126 5472 2307 5528 Enim-

707 5558 1047 5631 vero,583
1074 5569 1132 5613 ut
1158 5561 1463 5630 copiosiora
1491 5561 1544 5615 in
1570 5578 1839 5632 pauperes
1881 5562 2139 5617 alimenta
2180 5579 2307 5633 pro-

710 5648 1134 5711 ficiant,dantur
1156 5650 1209 5703 in
1235 5650 1597 5716 monasteriis,
1622 5662 1677 5705 et
1697 5652 1896 5707 eremis
1921 5652 2142 5707 decima:
2164 5668 2307 5723 qun-

709 5756 948 5812 rumque
986 5750 1365 5814 proventuum,
1397 5750 1451 5797 et
1480 5758 1584 5798 non
1614 5744 1772 5799 modo
1798 5758 2078 5815 pecorum,
2107 5745 2202 5798 sed
2250 5752 2307 5799 et

710 5836 985 5905 orniCum,
1006 5833 1216 5909 pariter
1234 5840 1291 5891 et
1307 5848 1553 5893 ovorum.
1578 5835 1857 5894 Devotioni
1881 5847 2096 5908 quoque
2115 5831 2306 5892 defun-

2414 2022 2565 2061 suam
2600 2008 2820 2061 exhibet
2844 2006 3172 2061 clientelam.

2481 2095 2521 2147 A
2558 2096 2879 2150 venerabilis
2906 2096 3061 2165 plane
3078 2096 3455 2152 Cluniacensis
3481 2095 3714 2151 coanobii
3742 2094 4004 2149 fratribus

2414 2185 2663 2238 didicisse
2690 2199 2775 2239 me
2806 2165 3297 2256 contigitdnsignia
3320 2186 3425 2239 duo
3456 2194 3657 2239 sanetzc
3681 2182 4008 2238 humilitatis

2414 2276 2691 2343 exempla,
2742 2291 2971 2343 quorum
3020 2291 3185 2328 unum
3237 2291 3344 2329 non
3397 2275 3741 2330 mediocritc.‘
3792 2288 4011 2343 quoque

2414 2366 2671 2434 praelatos
2699 2407 2712 2430 ,
2761 2365 2991 2419 alterum
3040 2365 3185 2419 valet
3224 2364 3493 2419 ardiﬁcare
3535 2362 3827 2433 subjectos.
3868 2364 4013 2417 Mar.-

2414 2457 2648 2509 cuardus
2672 2464 2819 2509 certe
2846 2455 3090 2525 ejusdem
3115 2462 3295 2509 rector
3315 2454 3575 2509 Ecclesiae
3601 2453 3851 2508 Maiolum
3881 2452 4015 2507 sibi-

2414 2556 2521 2600 met
2544 2546 2843 2610 substituit,
2865 2554 2917 2599 et
2936 2542 3364 2615 grandmvaejam
3386 2543 3651 2597 senectuti
3677 2556 3785 2596 snze
3808 2541 4009 2609 quietis

2412 2637 2580 2689 otium
2606 2635 2934 2702 procuravit.
2974 2634 3069 2687 Hic
3108 2635 3291 2704 itaque
3327 2634 3455 2688 dum
3497 2635 3742 2703 privatus
3776 2634 3827 2685 in
3854 2631 4006 2685 inﬁr-

2412 2743 2621 2779 morum
2662 2735 2908 2780 maneret
2947 2726 3170 2780 aedicula
3196 2767 3208 2787 ,
3235 2727 3468 2796 quadam
3508 2725 4003 2792 advesperascente

2414 2817 2497 2871 die
2522 2831 2740 2870 caseum
2771 2817 2945 2885 petiit,
2971 2832 3130 2885 quem
3156 2817 3473 2871 ccllerarius
3499 2814 3745 2885 pluribus
3763 2855 3775 2876 ,
3808 2825 3866 2867 ut
3889 2814 4009 2869 ﬁeri

2412 2908 2574 2970 solet,
2618 2908 2889 2971 intentus,
2923 2924 3027 2960 non
3062 2908 3222 2961 modo
3266 2922 3371 2961 non
3420 2906 3598 2967 dedit,
3629 2905 3737 2974 fsed
3776 2912 3833 2958 et.
3859 2904 4011 2959 duris

2411 2998 2633 3064 insuper
2664 2997 2970 3049 ministrum
3013 2996 3128 3065 ejus
3167 2997 3613 3067 responsionibus
3644 2996 3821 3064 fregit.
3857 2996 4005 3050 Con-

2410 3099 2634 3158 questus
2665 3097 2747 3143 est
2776 3089 3032 3143 abbatum
3059 3091 3296 3155 turbam,
3324 3105 3425 3145 nec
3454 3104 3615 3159 posse
3646 3105 3703 3143 se
3730 3096 3812 3142 tot
3834 3086 4011 3143 domi-

2410 3195 2605 3235 norum
2645 3180 2889 3254 perferre
2930 3166 3255 3238 molestiam.
3289 3182 3406 3250 Quo
3439 3198 3606 3238 senex
3650 3183 3865 3247 audito,
3900 3197 4010 3239 non

2333 3247 2379 3309 δ
2412 3247 2683 3327 mediocre
2714 3252 3032 3327 Scandalutii
3064 3247 3331 3343 pertulit,
3356 3282 3413 3329 et
3439 3275 3564 3343 quia
3606 3274 3785 3327 lumen
3817 3272 4008 3328 oculo-

2410 3379 2526 3419 rum
2566 3378 2788 3432 prorsus
2824 3364 3115 3428 amiserat,
3150 3364 3305 3419 dolor
3336 3365 3392 3417 in
3428 3365 3545 3433 ejus
3572 3364 3737 3423 corde
3761 3364 4010 3421 tenacius

2412 3456 2589 3510 hazsit.
2631 3454 2763 3509 Nam
2792 3471 2897 3524 quo
2926 3470 3103 3509 caecus
3140 3470 3169 3509 a
3195 3456 3400 3510 visibus
3426 3465 3620 3522 vacat,
3650 3471 3715 3511 co
3747 3456 4010 3527 quidquid

2411 3546 2661 3610 audierit,
2694 3548 2744 3598 in
2780 3546 2943 3601 corde
2974 3546 3223 3599 subtilius
3250 3554 3460 3611 versat;
3492 3555 3546 3600 et
3577 3548 3703 3615 quia
3735 3562 3833 3615 per
3851 3558 4010 3602 exte-

2412 3635 2557 3690 riora
2586 3650 2813 3704 quteque
2859 3650 2962 3689 non
2997 3636 3307 3705 spargitur,
3350 3636 3599 3691 interiori
3649 3636 3750 3691 zeli
3787 3636 4010 3693 stimulo

2412 3726 2766 3781 truculentius
2799 3725 3177 3780 inflammatur.
3214 3726 3370 3782 Mane
3392 3742 3523 3783 vero
3552 3728 3719 3793 facto,
3750 3728 4007 3786 ministro

2411 3822 2508 3871 suo
2530 3859 2542 3880 ,
2574 3828 2633 3871 ut
2683 3832 2801 3871 sese
2835 3819 2901 3871 ad
2936 3833 3152 3883 manuni
3183 3817 3234 3871 in
3274 3817 3512 3891 capitqu
3540 3819 3797 3883 duceret,
3827 3818 4011 3886 jussit.

2409 3910 2686 3964 Adductus
2702 3917 2879 3964 autem
2892 3950 2905 3974 ,
2926 3909 3120 3963 talibus
3133 3910 3381 3963 abbatem
3398 3924 3683 3979 aggressus
3700 3919 3781 3964 est
3795 3909 4008 3965 verbis:

2410 4000 2625 4063 Frater,
2654 4002 2847 4071 inquit,
2876 4000 3101 4063 Maiole,
3144 4015 3252 4054 non
3289 4015 3389 4072 ego
3424 4010 3473 4055 te
3497 4016 3663 4070 super
3689 4017 3774 4055 me
3796 4042 3809 4067 ,
3840 4010 4011 4057 utine

2412 4093 2823 4162 persequerer-is
2872 4093 3104 4163 imposui
3159 4110 3172 4147 :
3223 4107 3323 4148 nec
3370 4100 3429 4147 ut
3480 4102 3746 4162 tanquam
3792 4105 4012 4162 emptor

2413 4186 2686 4254 mancipio
2734 4185 3124 4251 dominareris;
3176 4185 3272 4241 scd
3327 4194 3387 4240 ut
3429 4199 3623 4240 revera
3675 4185 3816 4256 patri
3865 4184 4011 4243 ﬁlius

2414 4278 2836 4347 compatereris,
2875 4278 3032 4348 elegi.
3074 4279 3139 4332 Et
3186 4287 3312 4348 post
3340 4278 3651 4348 hujusmodi
3690 4278 3855 4332 multa
3886 4293 4014 4349 pro-

2411 4368 2701 4439 pemodum
2746 4378 3047 4423 commotus
3083 4368 3284 4438 adjecit
3331 4388 3346 4423 :
3399 4370 3564 4435 Esne,
3597 4386 3815 4439 quasso,
3855 4386 4011 4428 meus

2412 4460 2743 4515 monachus?
2767 4460 2885 4527 Quo
2930 4461 3295 4531 respondente
3326 4476 3342 4515 :
3369 4460 3501 4515 Sum
3530 4502 3543 4525 ,
3598 4471 3861 4531 tuumque
3923 4476 4013 4519 me

2415 4569 2520 4609 non
2560 4554 2731 4624 magis
2773 4552 2975 4619 fuisse,
3004 4568 3168 4623 quam
3199 4561 3255 4608 et
3291 4568 3437 4607 nunc
3473 4567 3595 4608 esse
3627 4553 3903 4622 proﬁteor.
3942 4553 4013 4611 Et

2408 4646 2494 4701 ille
2521 4664 2533 4700 :
2566 4643 2621 4700 Si
2668 4660 2821 4700 meus
2848 4686 2862 4710 ,
2891 4644 3067 4714 inquit
3093 4686 3108 4711 ,
3133 4660 3192 4700 es
3223 4645 3557 4711 monachus,
3593 4645 3843 4714 protinus
3873 4645 4009 4703 cede

2409 4738 2551 4800 sedi,
2586 4748 2641 4792 et
2685 4737 2899 4803 locum,
2936 4752 3101 4807 quem
3151 4746 3278 4793 ante
3320 4746 3598 4802 tenueras,
3651 4747 3859 4809 repete.
3891 4738 4013 4806 Quo

2411 4826 2636 4883 Maiolus
2667 4830 2872 4896 audito,
2906 4838 3128 4900 repente
3156 4832 3486 4897 surrexerit,
3518 4832 3779 4887 humilem
3804 4830 4006 4901 locum,

2412 4929 2572 4990 prout
2612 4919 2796 4988 jussus
2845 4921 3050 4985 fuerat,
3102 4923 3384 4991 expetivit.
3430 4922 3785 4979 Marcuardus
3824 4921 4011 4993 itaque

2413 5013 2565 5082 quasi
2586 5012 2918 5083 postliminio
2940 5026 3215 5079 reversus,
3233 5022 3522 5069 vacantem
3544 5022 3779 5085 occupat
3800 5013 4007 5082 sedem,

2410 5105 2774 5172 ccllerarium,
2803 5106 2889 5160 cui
2914 5106 3093 5162 fuerat
3118 5105 3385 5172 infensus,
3419 5116 3665 5173 accusat,
3690 5090 3851 5179 quem
3882 5122 4009 5162 mox

2407 5210 2568 5255 terra:
2599 5208 2928 5270 prostratum
2984 5199 3172 5254 durius
3204 5200 3461 5270 corripit,
3497 5201 3827 5270 tandemque
3887 5214 4007 5254 mo-

2408 5290 2534 5346 dum
2571 5288 2900 5357 ptenitentize
2953 5289 3045 5359 qui
3089 5290 3190 5344 sibi
3228 5290 3549 5356 videbatur,
3578 5289 3833 5360 injungit.
3868 5289 4004 5344 Per-

2408 5378 2625 5433 functus
2655 5379 2840 5450 itaque
2887 5388 2999 5434 tam
3033 5379 3178 5448 longi
3221 5381 3526 5435 tribunatus
3564 5381 3772 5447 officio,
3810 5388 4009 5452 praesto

2413 5470 2823 5525 dcthronizatus
2855 5471 3091 5526 assistit:
3128 5470 3359 5538 Maiolo,
3398 5480 3458 5526 ut
3499 5473 3566 5528 ad
3616 5488 3769 5527 suam
3822 5471 4007 5526 sedem

2413 5559 2618 5627 redeat,
2651 5561 2913 5631 prazcipit.
2946 5560 3039 5614 Ille
3070 5560 3356 5617 confestim
3384 5562 3457 5616 nil
3485 5572 3770 5618 cunctatus
3799 5560 4005 5617 obedit.

2903 5649 3069 5722 534
3105 5650 3335 5708 CAPUT
3371 5651 3503 5708 vui.

2728 5740 2881 5809 Quod
2912 5759 3103 5813 magna
3140 5744 3217 5799 rt's
3259 5746 3325 5799 sit
3356 5746 3682 5802 obedientim.

2485 5834 2543 5890 In
2572 5834 2681 5893 hoc
2705 5833 2874 5910 igtur
2901 5847 3095 5894 sancto
3128 5838 3247 5894 viro
3274 5838 3560 5897 evidenter
3586 5839 3894 5897 ostenditur
3911 5882 3926 5913 ,
3950 5848 4009 5902 et

4870 6205 5140 6412 ἀ
