2832 3284
0 5 890 118 ν

1144 199 1194 230 BH

1380 203 1406 230 S.
1428 204 1529 233 PETRI
1546 205 1688 235 DAMIANI
1706 207 1781 236 OPP.
1799 207 1915 236 TOMUS
1934 206 2000 236 SEU
2021 207 2110 236 PARS
2125 207 2168 236 lli.
2181 221 2214 228 —
2227 206 2409 236 OPUSCULA
2429 206 2541 236 VARIA.

2703 209 2753 237 57E

1144 268 1215 288 verm
1230 261 1313 288 virtus
1327 263 1502 302 obedientiae,
1518 269 1545 291 ct
1566 267 1731 295 monachicae
1751 267 1922 294 mortificatio
1936 268 1960 298 Α
1974 275 2070 301 ganunl
2089 267 2156 294 forte
2177 274 2230 294 non
2250 270 2340 301 posset
2359 266 2452 294 audire
2468 267 2622 298 clamorem,
2643 266 2677 295 de
2698 271 2752 296 toto

1145 306 1301 340 disciplinac.
1319 307 1385 334 Vere
1401 310 1426 334 in
1442 316 1473 336 eo
1484 311 1603 338 cernitur
1617 317 1644 339 et
1658 312 1803 347 imperialis
1820 314 1923 348 patien-

1142 350 1187 378 ti:
1201 351 1333 386 dignitas,
1348 357 1375 380 et
1393 355 1545 388 apostolicae
1564 358 1719 385 humilitatis
1740 366 1853 391 regnare
1867 367 1924 386 ma-

1140 395 1235 431 iestas.
1254 396 1347 424 Iussus
1362 399 1433 425 enim
1447 400 1583 434 prioratus
1600 402 1712 429 oll‘icium
1725 403 1855 436 abjicere,
1872 412 1923 432 non

1143 442 1317 476 contempsit,
1329 441 1420 476 jussus
1442 446 1562 479 recipere
1572 467 1578 478 ,
1594 447 1727 481 patienter
1741 453 1768 475 et
1787 449 1925 477 humiliter

1142 485 1262 513 obedirit
1277 495 1284 512 :
1301 489 1442 523 utrobique
1462 491 1568 517 sibimet
1590 494 1732 525 mortuus,
1761 497 1787 519 et
1800 485 1929 521 consum:

1142 535 1222 557 malae
1236 531 1392 560 obedientire
1413 534 1469 561 loro
1484 536 1661 569 constrictus,
1676 537 1738 565 dum
1756 538 1851 566 alienis
1864 546 1923 566 om-

1145 576 1211 604 nino
1228 584 1258 604 se
1276 578 1421 606 substravit
1432 580 1566 614 imperiis,
1584 582 1655 610 nulla
1675 584 1775 618 proprii
1789 592 1884 612 sensus
1897 585 1923 611 in

1142 628 1172 648 se
1190 621 1282 649 vivere
1298 627 1358 650 vota
1379 625 1512 657 permisit.
1536 626 1588 654 Sed
1602 627 1728 662 quoniam
1753 632 1827 656 tanta
1851 630 1922 657 beati

1142 666 1192 692 viri
1208 667 1343 694 humilitas
1355 668 1455 697 sterilis
1466 677 1526 698 esse
1538 678 1593 698 non
1604 672 1703 706 potuit,
1718 673 1789 708 quod
1804 675 1878 708 prius
1890 673 1923 701 de

1141 710 1258 745 Spiritus
1275 713 1359 746 saneti
1384 722 1445 741 rore
1459 716 1539 744 radix
1558 717 1614 752 ipsa
1640 719 1777 754 concepit,
1800 727 1925 754 prorum—

1139 758 1259 791 pentium
1274 766 1409 787 ramorum
1425 768 1533 795 germen
1549 762 1703 798 pullulando
1717 763 1832 792 din‘udit.

1174 801 1223 829 Vir
1244 803 1334 841 itaque
1355 805 1461 834 Domini
1480 808 1608 836 venturus
1621 808 1767 844 aliquando
1791 809 1920 843 Romam,

1139 847 1261 881 praecipit
1283 849 1390 876 cuidam
1407 849 1502 884 fratri,
1527 856 1557 879 ut
1576 860 1667 881 secum
1690 859 1833 888 pergeret,
1860 855 1922 890 quia

1139 893 1210 918 sicut
1225 898 1334 928 rogatus
1349 893 1438 923 fuerat
1454 904 1529 928 eum.
1554 898 1581 925 in
1605 901 1769 928 monasterio
1793 901 1821 928 S.
1846 901 1920 928 Pauli

1976 320 2087 349 corpore
2114 313 2231 347 linguam
2255 313 2325 340 fecit.
2348 313 2426 346 Quod
2443 313 2504 340 dum
2525 313 2627 340 eminus
2644 312 2753 342 Maiolus

1976 361 2088 394 aspexit,
2097 361 2159 394 quid
2173 362 2222 388 hoc
2230 365 2311 392 esset,
2323 360 2507 389 incunctanter
2515 360 2630 395 agnovit,
2639 368 2751 396 moxque

1974 406 2056 432 misso
2083 405 2195 440 remigio
2222 405 2360 433 transferri
2385 407 2417 433 ad
2442 413 2471 433 se
2496 406 2654 433 monachum
2678 405 2750 434 fecit.

1975 452 2058 484 Quem
2072 456 2168 485 praesto
2180 452 2221 478 vir
2239 451 2285 479 Dei
2300 451 2333 478 ad
2352 451 2416 485 quid
2432 452 2558 484 venisset,
2578 451 2687 486 inquirit
2703 458 2711 479 :
2725 455 2751 479 at

1974 498 2018 525 ille
2041 497 2119 525 simul
2136 503 2163 525 et
2186 497 2218 524 de
2241 498 2385 532 praeteritis
2410 497 2515 525 veniam
2537 497 2704 533 deprecatur,
2725 502 2752 525 et

1974 544 2145 578 impleturum
2161 551 2190 571 se
2203 546 2236 570 de
2255 544 2362 571 caeteris
2375 543 2505 578 quidquid
2521 543 2678 578 iniungeret,
2696 542 2753 578 pol—

1973 589 2079 616 licetur.
2102 588 2178 616 Tunc
2193 588 2237 616 ille
2252 598 2259 615 :
2276 588 2333 621 Vis.
2349 589 2445 624 inquit,
2462 589 2566 622 absque
2577 588 2657 615 dubio
2666 587 2750 623 peni-

1973 632 2102 661 tentiam?
2113 632 2171 665 Quo
2181 632 2360 667 respondente
2377 641 2383 658 :
2400 631 2479 664 Volo;
2494 632 2617 667 protinus
2626 631 2729 659 addidit
2741 639 2748 658 :

1973 676 2040 704 lluic
2055 677 2135 712 igitur
2147 676 2266 704 osculum
2277 676 2375 712 praebe.
2388 675 2455 703 Nam
2469 683 2532 704 casu
2543 676 2674 703 tuberante
2683 675 2751 703 cutis

1973 723 2028 750 illic
2041 722 2162 757 leprosus
2177 722 2292 749 astabat.
2306 721 2352 749 llle
2365 721 2507 750 confestim
2520 721 2546 748 in
2561 721 2618 755 ejus
2630 720 2749 748 osculum

1972 767 2036 799 ruit,
2051 774 2166 801 moxque
2181 766 2254 801 lepra
2277 766 2397 794 mandati
2415 765 2537 801 corporis
2557 772 2668 801 prorsus
2686 772 2750 792 evao

1973 813 2041 840 nuit.
2057 813 2103 840 Sic
2117 817 2210 839 sancta
2225 812 2378 840 obedientia
2391 811 2508 839 fructum
2523 817 2578 839 sua
2592 810 2750 838 humilitatis

1973 856 2085 889 i'uvenit,
2107 857 2168 884 dum
2184 864 2238 885 non
2256 856 2335 884 modo
2349 856 2455 884 veniant
2474 863 2504 884 se
2516 854 2674 890 corrigendo
2686 862 2751 890 pro-

1973 903 2083 934 meruit,
2096 902 2142 930 sed
2155 906 2181 928 et
2194 903 2299 937 signum
2311 902 2420 937 insuper
2427 906 2480 929 tam
2491 900 2637 936 perspicua
2647 900 2752 928 virtutis

1138 937 1255 982 μτίοτεω
1269 941 1433 969 εοηειὶιιιεῐθ
1455 943 1636 978 decrevisset,
1650 945 1694 973 ille
1709 946 1835 974 nonnulla
1850 947 1918 974 dilli-
1934 950 1957 980 3
1970 949 2095 976 ostendit.
2110 948 2143 976 Et
2151 948 2193 975 cui
2205 947 2329 982 superbia
2343 954 2411 982 pene
2425 947 2511 982 potuit
2524 946 2698 981 apostaticam
2710 946 2751 972 in-

1137 981 1245 1009 cultatis
1259 983 1396 1012 obstacula
1412 986 1558 1015 reluctatus
1572 990 1705 1024 opposuit,
1722 995 1749 1018 et
1764 991 1843 1018 modo
1857 992 1918 1024 hoc,

1137 1025 1217 1070 modo
1233 1025 1309 1058 illud,
1335 1029 1441 1057 tandem
1459 1031 1610 1061 obstinatus
1623 1034 1733 1061 obedire
1747 1036 1919 1070 contempsit.

1137 1069 1249 1097 Maiolus
1269 1077 1357 1100 autem
1380 1074 1588 1105 inobedientiam
1617 1078 1708 1106 lratris
1735 1069 1921 1114 aequanimiter

1139 1116 1212 1149 tulit,
1230 1127 1316 1154 eoque
1330 1121 1423 1148 relicto
1437 1121 1534 1150 itinere
1545 1143 1553 1155 ,
1576 1130 1630 1158 quo
1653 1124 1829 1157 decreverat,
1847 1133 1922 1153 com-

1138 1165 1246 1191 nieavit.
1270 1164 1389 1200 Cumque
1416 1166 1500 1195 frater
1525 1168 1551 1195 in
1577 1171 1742 1196 monasterio
1764 1178 1811 1204 per
1830 1171 1921 1199 inube-

1139 1209 1267 1237 dientiam
1282 1212 1470 1245 remansisset,
1486 1217 1515 1240 et
1528 1214 1624 1248 reliqui
1638 1215 1737 1242 fratres
1752 1216 1778 1242 in
1792 1224 1853 1243 eum
1876 1225 1921 1245 ve-

1136 1253 1275 1284 hementer
1287 1256 1459 1291 inveherent,
1475 1266 1506 1286 ac
1519 1264 1572 1286 tam
1586 1260 1728 1288 obstinatae
1743 1262 1848 1288 duritia:
1860 1269 1921 1296 per—

1135 1299 1268 1326 vicaciam
1287 1301 1450 1329 unanimiter
1468 1303 1655 1337 increparent,
1686 1306 1792 1332 tandem
1818 1306 1845 1332 in
1872 1313 1919 1333 cor

1134 1351 1273 1377 reversus,
1293 1347 1424 1375 adversus
1447 1348 1583 1383 propriam
1601 1349 1768 1378 voluntatem
1796 1350 1823 1377 in
1842 1358 1918 1378 arma

1134 1391 1320 1426 congreditur,
1335 1392 1460 1422 salutaris
1470 1394 1630 1424 obedientia:
1642 1395 1702 1423 telis
1717 1397 1878 1430 accingitur,
1893 1401 1920 1424 et

1136 1441 1198 1461 mox
1214 1443 1336 1470 supernae
1355 1437 1448 1471 gratia:
1465 1437 1571 1466 fervore
1589 1447 1747 1472 succensus,
1775 1440 1847 1467 beati
1869 1442 1918 1469 viri

1134 1480 1248 1519 vestigia
1258 1482 1403 1517 perniciter
1414 1484 1568 1511 comitatur.
1585 1484 1638 1512 Sed
1653 1486 1716 1513 dum
1734 1485 1779 1513 ille
1793 1488 1918 1515 nesciens

1134 1524 1222 1565 empto
1234 1531 1330 1558 itinere
1341 1532 1474 1567 graditur:
1488 1533 1532 1561 hic
1543 1541 1606 1561 vero
1615 1538 1675 1568 post
1685 1541 1746 1564 eum
1760 1534 1918 1562 festinanter

1133 1573 1284 1609 accelerat,
1300 1582 1327 1607 et
1341 1578 1437 1605 anxius
1459 1586 1491 1606 ac
1505 1578 1661 1613 repentinus
1676 1579 1794 1606 anhelat.
1812 1579 1873 1607 Mox.
1883 1580 1917 1607 ad

1971 993 2042 1021 ferre
2059 993 2218 1028 perniciem,
2238 992 2377 1021 humilitas
2394 992 2469 1020 dedit
2487 991 2660 1028 apostolicam
2677 990 2752 1019 exhi-

1971 1040 2036 1067 bere
2052 1039 2190 1066 virtutem.

2007 1085 2089 1121 535
2112 1085 2175 1112 Haec
2198 1084 2300 1116 omnia,
2325 1084 2485 1112 venerabilis
2501 1083 2589 1117 Pater,
2617 1091 2669 1111 non
2694 1083 2752 1110 sine

1971 1139 2069 1167 magno
2092 1132 2189 1159 timore
2211 1130 2404 1164 describimus,
2423 1136 2457 1158 ne
2470 1130 2513 1157 vel
2530 1138 2578 1165 per
2591 1128 2751 1157 oblivionem

1971 1178 2118 1211 propriam,
2134 1176 2175 1203 vel
2191 1183 2240 1211 per
2256 1175 2344 1203 inﬁda:
2365 1175 2504 1203 relationis
2524 1174 2663 1202 audaciam
2677 1181 2691 1200 a
2707 1181 2752 1201 ve-

1971 1223 2060 1249 ritatis
2079 1222 2148 1249 linea
2167 1220 2364 1256 quantumlibet
2378 1221 2554 1249 declinemus.
2570 1219 2750 1253 Quamobrem

1970 1268 2028 1294 haec
2045 1275 2094 1294 nos
2109 1275 2161 1294 non
2177 1271 2334 1294 constanter
2356 1266 2518 1298 astruimus;
2542 1264 2589 1292 sed
2602 1263 2664 1299 quia
2678 1263 2751 1291 velut

1969 1312 2019 1339 sub
2032 1313 2083 1342 hoc
2096 1312 2235 1340 relationis
2248 1311 2342 1341 ordine
2356 1311 2390 1339 ad
2402 1315 2522 1340 nostram
2536 1308 2636 1338 fuerint
2648 1309 2750 1345 perlata

1969 1358 2103 1390 notitiam,
2119 1358 2272 1392 opinamur.

2005 1402 2105 1430 Verum
2119 1402 2242 1438 quisquis
2267 1402 2447 1430 obedientiam
2471 1401 2606 1437 pmdicnt,
2625 1400 2662 1429 illi
2674 1408 2749 1428 sum-

1970 1456 2079 1483 mopere
2097 1448 2244 1476 cavendum
2259 1451 2310 1481 est,
2327 1451 2359 1475 ut’
2372 1455 2433 1475 eum
2455 1451 2515 1475 nota
2535 1445 2644 1474 rebellis
2658 1445 2751 1473 inobo-

1969 1496 2077 1522 dientia:
2092 1502 2145 1521 non
2161 1495 2261 1521 inurat.
2276 1493 2343 1522 Nam
2358 1493 2403 1521 ubi
2419 1493 2503 1521 distat
2513 1492 2593 1528 586
2604 1499 2670 1526 opus
2682 1490 2751 1518 a-la-

1968 1539 2029 1571 biis,
2046 1538 2163 1566 fedatur
2176 1546 2274 1566 nomen
2289 1538 2416 1566 auctoris.
2431 1537 2562 1572 Quoniam
2576 1536 2621 1571 qui
2635 1535 2748 1570 idipsum

1968 1585 2039 1619 quod
2054 1592 2101 1612 ore
2114 1584 2206 1612 statuit
2220 1583 2299 1611 factis
2310 1587 2455 1619 oppugnat,
2469 1582 2554 1618 legem
2565 1580 2657 1616 procul
2669 1580 2749 1608 dubio

1132 1621 1275 1669 quemdam
1288 1622 1397 1650 tluvium
1412 1624 1534 1658 pervenit
1547 1643 1556 1656 ,
1579 1624 1655 1669 cujus
1676 1624 1718 1651 vir
1733 1620 1840 1669 pomini
1861 1624 1917 1659 iam
1931 1623 1953 1654 C
1968 1630 2085 1657 destruit
2103 1637 2185 1665 quam
2209 1629 2370 1669 promulgat.
2389 1629 2558 1664 Quapropter
2579 1628 2665 1663 ipsum
2686 1626 2750 1655 obo-

1133 1665 1201 1692 vada
1216 1667 1369 1699 transierat,
1384 1671 1410 1695 et
1422 1675 1502 1702 super
1515 1668 1602 1702 ripam
1616 1667 1704 1695 adhuc
1716 1667 1829 1695 alteram
1852 1675 1917 1695 con-

1132 1711 1255 1738 sistebat.

1167 1758 1234 1791 Cum
1247 1759 1337 1794 itaque
1349 1760 1497 1788 monachus
1510 1760 1537 1787 in
1551 1760 1669 1788 citeriori
1683 1767 1712 1788 se
1724 1759 1843 1788 ﬂuminis
1854 1768 1915 1788 crc-

1130 1804 1222 1841 pidine
1240 1805 1343 1843 figeret,
1364 1805 1491 1840 quoniam
1508 1806 1620 1834 absente
1642 1806 1749 1841 navigio
1769 1807 1914 1835 transitum

1130 1858 1185 1877 non
1197 1850 1318 1882 haberet,
1333 1850 1425 1878 videns
1438 1851 1532 1885 procul
1546 1854 1636 1879 astare
1654 1852 1825 1886 magistrum,
1843 1852 1916 1887 quod

1132 1894 1218 1922 soluat
1233 1895 1330 1929 potuit,
1345 1899 1443 1930 praesto
1455 1903 1585 1923 corruens
1599 1896 1625 1923 in
1641 1900 1784 1924 terram‘se
1807 1896 1915 1924 humili-

1130 1936 1175 1967 ter
1187 1940 1299 1972 stravit;
1314 1943 1343 1967 et
1362 1940 1426 1975 quia
1439 1939 1546 1968 veniam
1559 1940 1715 1975 deprecans,
1735 1948 1784 1976 per
1797 1940 1853 1968 oris
1870 1948 1915 1968 or-

1969 1676 2076 1703 dientiaa
2088 1677 2218 1711 deprecor
2230 1681 2257 1703 et
2271 1675 2429 1703 humilitatis
2442 1679 2576 1703 auctorem
2585 1694 2592 1706 ,
2607 1672 2676 1701 utin
2686 1679 2749 1708 pro-

1968 1722 2041 1750 ximo
2054 1714 2206 1758 dignetur'a
2220 1729 2263 1749 me
2275 1722 2354 1757 hujus
2370 1721 2487 1749 infamiae
2500 1720 2596 1756 probra
2612 1718 2748 1755 repellere,

1967 1775 2064 1803 meque
2076 1768 2215 1803 permittat
2229 1768 2301 1796 hunc
2315 1768 2458 1803 Prophetas
2478 1765 2640 1794 versiculum
2657 1765 2684 1792 in
2696 1764 2748 1793 Ca-

1969 1814 2085 1842 sinensis
2106 1814 2223 1842 cmnobii
2247 1813 2351 1842 foribus
2374 1808 2748 1846 decantareuI‘ropterboc

1968 1860 2037 1889 sciet
2063 1860 2176 1895 populus
2202 1852 2283 1887 meus
2296 1867 2395 1887 nomen
2410 1866 2498 1898 meum
2520 1858 2547 1885 in
2561 1857 2604 1885 die
2618 1857 2673 1889 illa,
2685 1855 2748 1892 quia

1967 1913 2017 1942 ego
2031 1904 2088 1940 ipse
2101 1905 2146 1945 qui
2160 1904 2291 1939 loquebar
2304 1912 2368 1932 ecce
2381 1906 2475 1932 adsum
2492 1901 2558 1937 (Ira.
2574 1909 2620 1936 ut,
2634 1899 2672 1937 6).
2691 1908 2702 1928 ι

2135 1950 2177 1979 Sit
2191 1958 2283 1978 nomen
2295 1950 2399 1978 Domini
2411 1949 2578 1977 benedictum.

1133 2039 2744 2058 —.———.—_————————————

1172 2114 1350 2152 58””
1377 2124 1809 2197 ,OPUSCULUM
1853 2090 2296 2183 T‘RICESIMUM
2341 2121 2701 2193 QUARTUM.

1134 2233 1184 2264 DE
1201 2234 1334 2266 VARIIS
1364 2234 1630 2266 MIRACULOSIS
1655 2233 2001 2281 NARRATlONlBUS,
2027 2233 2180 2265 ADDITA
2211 2233 2334 2264 Sl’dILi
2365 2230 2655 2264 DISPUTATIONE
2690 2229 2744 2261 DE

1531 2286 1667 2318 VARUS
1693 2286 2025 2318 APPAMTIONIBUS
2042 2285 2094 2317 ET
2115 2285 2343 2317 MIRACULIS.

1837 2370 1958 2378 -_.

1129 2419 1326 2456 Ascenssrnu.
1337 2433 1373 2439 —
1385 2417 1440 2446 Hoc
1459 2418 1721 2456 opusculumrtntum
1739 2420 1868 2454 exemplis
1885 2421 2049 2448 admirandis
2071 2421 2197 2449 refertum
2212 2426 2269 2452 est,
2291 2428 2351 2456 qua:
2368 2427 2421 2448 nno
2436 2420 2543 2448 nomine
2552 2418 2684 2456 miracula
2697 2426 2744 2453 ap-

1166 2454 1305 2491 pelluntur,
1318 2462 1378 2488 quae
1393 2453 1517 2489 magnam
1529 2454 1583 2482 vim
1598 2455 1632 2482 ad
1648 2453 1852 2483 inﬂammandos
1870 2456 1974 2483 animus
1988 2457 2020 2483 ad
2036 2457 2177 2490 virtutem,
2195 2465 2210 2484 a
2226 2453 2354 2491 \itiisqne
2367 2455 2540 2484 deterrendos
2552 2454 2668 2488 habere,
2684 2462 2744 2482 cer-

1165 2488 1269 2516 tissime
1286 2493 1399 2516 constat.

1164 2546 1269 2573 Domno
1287 2545 1431 2573 Dsstnnmo
1455 2545 1612 2581 archangelo
1636 2548 1850 2580 monachorum,
1877 2555 1908 2575 ac
1923 2549 1947 2579 D
1960 2543 2037 2576 sic'in
2055 2549 2144 2576 cordis
2158 2548 2295 2575 obtutibus
2315 2548 2387 2575 velut
2408 2546 2739 2582 corporaliterinteteres-

1128 2591 1346 2619 cmtcrissanctis
1356 2590 1495 2623 fratribus,
1507 2590 1614 2619 Pet-nus
1627 2597 1751 2627 peccator
1764 2593 1913 2621 monachus

1127 2636 1293 2665 deVotissimi
1307 2636 1450 2663 famulatus
1463 2636 1630 2670 obsequium.

1164 2682 1231 2709 Cum
1247 2682 1274 2708 in
1288 2689 1346 2710 meo
1360 2686 1467 2717 pectore
1480 2686 1533 2709 tua:
1550 2682 1688 2711 charitntis
1701 2684 1781 2711 ardor
1795 2684 1910 2712 inextin-

1128 2726 1265 2764 guibillter
1288 2727 1400 2759 ferveat,
1414 2735 1510 2763 meque
1525 2728 1595 2755 circa
1610 2729 1647 2755 tui
1662 2728 1818 2758 memoriam
1835 2735 1910 2765 tepe-

1128 2778 1203 2800 scere
1219 2779 1270 2798 non
1292 2772 1437 2807 permittat,
1453 2773 1518 2800 mihi
1539 2781 1627 2808 nuper
1650 2774 1749 2808 aliquid
1766 2776 1791 2802 in
1808 2775 1910 2803 memo-

1128 2809 1195 2843 riam
1208 2817 1291 2848 ~:cnit,
1306 2817 1377 2851 quod
1392 2825 1433 2844 me
1447 2817 1581 2845 mittendae
1598 2819 1644 2845 tibi
1664 2819 1806 2854 legationi-3
1820 2821 1911 2847 admo-

1127 2862 1195 2889 nuit.
1210 2861 1276 2889 Nam
1290 2863 1352 2890 dum
1374 2863 1400 2890 in
1416 2864 1453 2890 tui
1468 2865 1691 2899 contemplatione
1710 2866 1818 2893 sedulus
1832 2866 1908 2893 habi-

1129 2910 1225 2945 tarem,
1239 2912 1266 2938 et
1288 2908 1409 2945 angelico
1431 2908 1562 2946 fratrum,
1578 2915 1725 2948 sanctoque
1753 2909 1908 2946 conventui,

1964 2601 2028 2625 sem.
2052 2595 2121 2621 inter
2140 2595 2191 2621 alia
2213 2594 2295 2621 multa
2319 2599 2429 2628 repente
2453 2598 2558 2620 tuarum
2584 2593 2740 2620 recordatus

1963 2648 2020 2667 sum
2036 2640 2197 2673 litterarum,
2212 2647 2279 2675 quas
2295 2644 2322 2666 tu
2340 2639 2448 2674 quidem
2467 2639 2518 2666 sub
2534 2638 2741 2673 interrogatione

1963 2686 2073 2717 misisti;
2102 2686 2148 2713 sed
2170 2686 2212 2713 his
2233 2692 2282 2719 ego
2296 2683 2416 2720 synodali
2433 2684 2592 2719 praepeditus
2615 2682 2741 2710 instantia

1962 2730 2048 2757 adhuc
2062 2738 2113 2756 non
2127 2730 2261 2764 respondi.
2282 2729 2314 2756 Et
2328 2729 2384 2756 h:ec
2396 2730 2422 2756 in
2437 2728 2498 2761 illis,
2509 2728 2532 2756 si
2547 2727 2679 2755 reminisci
2695 2735 2740 2754 Va-

1963 2775 2014 2807 leo,
2025 2776 2230 2802 continebantur
2245 2775 2363 2809 cpistolis
2378 2777 2384 2801 Ξ
2399 2774 2460 2809 quia
2480 2773 2600 2807 zelotypa
2617 2771 2738 2807 quietiam

1962 2819 2057 2846 mulier
2077 2820 2177 2847 habens
2196 2821 2280 2847 Virum
2291 2827 2324 2847 ex
2336 2819 2459 2846 adulterii
2472 2812 2564 2846 fraude
2577 2822 2738 2852 suspectum,

1961 2865 2075 2899 qualiter
2085 2874 2146 2893 curn
2164 2867 2214 2893 sibi
2233 2866 2367 2893 vindicare
2381 2869 2471 2900 posset
2481 2864 2590 2900 proprio
2602 2868 2661 2891 toro
2673 2869 2737 2890 con-

1959 2912 2074 2945 tentum,
2094 2919 2109 2939 a
2120 2912 2208 2939 vicina
2224 2911 2303 2945 petiit
2327 2910 2438 2940 muliere
2456 2909 2607 2938 consilium.
2620 2907 2684 2942 Qnre
2696 2907 2737 2935 ni-
