5664 6630
704 386 805 443 575

1442 378 1687 438 OPUSC.
1729 377 1967 436 XXXIV.
2002 408 2075 423 —-
2110 378 2203 437 DE
2240 376 2474 435 VARIIS
2525 374 2861 435 MIRACUL.
2892 373 3219 434 INARRAT.

3861 356 3975 427 Βία

704 501 899 555 mirum
925 509 1203 567 perversa,
1234 501 1290 549 et
1314 492 1596 549 ultricibus
1622 494 1853 547 ﬂammis
1873 493 2150 549 evidenter
2189 492 2285 547 ob-
2310 498 2361 558 Α
2388 501 2444 547 et
2470 492 2674 563 piceos,
2706 491 3137 561 sulphureosque
3164 488 3367 544 fetores
3394 499 3503 542 non
3542 484 3661 542 sine
3687 484 3815 541 tetri
3840 483 3977 540 fumi

705 590 883 654 noxia,
909 589 1013 644 hoc
1037 602 1154 642 eam
1187 586 1529 655 sacrilegium
1556 596 1821 641 venenata
1850 583 2289 655 serpentis‘anti-t

707 686 1036 754 quisuadela
1059 684 1379 755 perdocuit,
1418 693 1475 738 ut
1513 698 1710 753 corpus
1751 682 2089 737 Dominicum
2131 680 2285 751 quasi

705 778 1167 833 communicatum
1210 778 1530 847 perciperet,
1574 776 1717 845 quod
1762 784 1919 830 caute
1964 788 2282 838 reservans,

708 866 821 920 viro
853 881 952 921 suo
980 867 1322 937 postmodum
1353 880 1458 920 non
1494 866 1611 920 sine
1654 863 1972 932 quibusdam
2004 861 2285 917 maleﬁciis

703 960 1030 1030 propinaret.
1077 960 1230 1027 Quod
1276 958 1526 1014 videlicet
1563 972 1593 1010 a
1631 955 1911 1011 sacerdote
1940 965 2283 1025 perceptum,

704 1059 758 1105 et
788 1065 958 1119 usque
1002 1050 1133 1104 dum
1173 1050 1388 1104 occasio
1438 1045 1765 1117 praeberetur
1795 1044 2010 1114 palliolo
2042 1056 2287 1098 reserva-

704 1146 834 1205 tum,
858 1154 966 1195 non
994 1140 1115 1195 sine
1139 1154 1331 1211 magno
1359 1139 1506 1193 dedit
1533 1146 1753 1208 stupore
1783 1135 2122 1191 miraculum.
2161 1134 2288 1190 Haec

703 1233 844 1288 enim
878 1232 1147 1302 particula
1177 1232 1442 1288 Dominici
1477 1229 1725 1300 corporis
1756 1229 1973 1283 inventa
2010 1235 2093 1281 est
2116 1240 2288 1295 usque

704 1324 766 1378 ad
791 1324 1146 1379 medietatem
1196 1324 1249 1383 in
1300 1338 1521 1379 carnem
1573 1338 1693 1378 esse
1751 1321 2288 1385 conversam,altera

702 1428 830 1469 vero
858 1413 1125 1474 medietas
1155 1414 1309 1483 panis
1339 1412 1573 1483 speciem
1604 1427 1711 1467 non
1745 1411 1992 1466 mutavit.
2024 1409 2211 1479 Itaque
2243 1407 2288 1463 si

702 1503 805 1561 rite
834 1505 1182 1569 reminiscor,
1215 1505 1317 1560 hoc
1354 1504 1703 1575 proposuisti,
1749 1503 1943 1559 deinde
1989 1500 2119 1573 quid
2166 1516 2291 1571 por-

704 1598 1002 1663 tenderent,
1029 1597 1323 1667 inquisisti.
1348 1597 1523 1668 Super
1544 1612 1649 1667 qua
1678 1598 1997 1666 quaestione,
2028 1596 2155 1664 quia
2181 1609 2291 1649 non

706 1700 922 1742 necesse
940 1695 1027 1740 est
1058 1687 1262 1741 diutius
1306 1687 1607 1753 immorari,
1635 1686 1785 1747 brevi
1810 1684 2128 1755 compendio
2160 1682 2291 1753 quid

706 1776 833 1832 mihi
857 1763 1109 1833 videatur
1137 1778 1441 1848 expediam.
1467 1776 1601 1831 Nam
1631 1777 1839 1832 ideirco
1868 1777 2012 1831 Deus
2044 1775 2290 1843 omnipo-

2387 586 2755 641 voluminibus
2781 582 3151 639 exhalantem.
3191 579 3350 636 Circa
3379 594 3542 650 quem
3588 578 3763 633 lacum
3802 586 3977 632 teter-

2388 682 2510 736 rimi
2542 680 2760 750 quidam
2788 678 2936 733 velut
2956 677 3262 748 Ethiopes,
3298 675 3471 746 nigris
3510 672 3767 729 similiter
3794 671 3974 742 equis,

2388 776 2482 828 sed
2510 772 2744 828 excelsis
2777 771 2949 825 instar
2980 770 3235 834 turrium,
3264 766 3592 823 insidebant.
3616 765 3765 819 Intus
3788 772 3973 819 autem

2388 862 2805 919 innumerabilia
2826 862 3124 919 crudelium
3149 856 3415 915 turturum
3446 864 3723 920 monstra;
3754 854 3979 909 damna-

2388 964 2566 1011 torum
2604 971 2737 1011 vero
2780 956 3100 1009 videbantur
3136 952 3444 1017 horribilia,
3482 966 3547 1006 ac
3590 948 3807 1003 diversa
3850 960 3978 1015 sup-

2386 1050 2568 1122 plicia.
2615 1051 2761 1106 Inter
2789 1063 2926 1119 quos
2966 1048 3146 1103 subito
3192 1034 3447 1115 contigit,
3492 1047 3555 1095 ut
3582 1040 3748 1095 etiam
3780 1036 3979 1093 Arual-

2389 1142 2514 1195 dum
2560 1141 2769 1196 videret
2794 1140 3128 1209 episcopum,
3162 1152 3330 1208 quem
3362 1132 3617 1190 videlicet
3654 1131 3707 1186 in
3738 1129 3843 1185 illis
3870 1144 3981 1198 prae

2388 1233 2669 1289 nimietate
2706 1232 2902 1289 caloris
2945 1231 3349 1287 exundantibus
3396 1226 3556 1297 aquis
3600 1222 3982 1280 eervieetenus

2390 1324 2731 1388 immersum,
2754 1320 3026 1377 terribiles
3055 1321 3162 1376 duo
3192 1319 3483 1389 Ethiopes
3512 1314 3976 1385 constringebant,

2390 1428 2619 1483 quorum
2676 1411 2813 1467 alter
2856 1412 3189 1487 sartaginem
3245 1408 3503 1472 ferream,
3559 1404 3699 1460 alter
3754 1401 3981 1459 calicem

2391 1519 2615 1559 aureum
2646 1504 2701 1558 in
2728 1503 2981 1559 manibus
3018 1503 3220 1558 habere
3243 1500 3553 1564 videbatur;
3587 1496 3683 1551 sed
3720 1496 3824 1550 iste
3852 1507 3979 1548 cum

2392 1595 2670 1664 sartagine
2711 1593 2935 1648 calicem
2980 1591 3229 1661 replebat
3258 1604 3422 1659 aqua,
3457 1596 3514 1643 et
3550 1585 3641 1641 ille
3679 1583 3840 1639 labiis
3868 1581 3985 1650 epi-

2393 1686 2544 1755 scopi
2573 1684 2824 1755 protinus
2853 1684 3104 1738 cumdem
3140 1682 3364 1737 calicem
3393 1677 3723 1750 apponebat,
3748 1685 3983 1741 eumque

2392 1775 2638 1830 funditus
2672 1774 2893 1829 ebibere
2918 1771 3299 1843 compellebat.
3345 1768 3437 1825 Sic
3472 1769 3657 1838 itaque
3700 1777 3980 1836 nunquam

705 1875 824 1922 tens
846 1877 1257 1927 sacrosanctum
1282 1868 1411 1923 illud
1433 1868 1748 1939 mysterium
1774 1868 1826 1922 in
1848 1868 2029 1922 carnis
2053 1865 2288 1936 speciem
2316 1863 2365 1924 B
2392 1866 2702 1932 cessabant,
2730 1875 2786 1922 et
2814 1864 2906 1920 ille
2930 1864 3183 1936 poculum
3212 1862 3371 1919 labiis
3394 1861 3601 1917 hiantis
3631 1860 3977 1928 immergere,

702 1955 878 2019 vertit,
912 1966 973 2009 ut
1000 1956 1286 2026 perﬁdiam
1310 1958 1551 2027 reproba:
1584 1956 1827 2012 mulieris
1854 1965 2127 2026 argueret,
2157 1955 2285 2010 dum

702 2042 967 2100 visibilem
1011 2045 1278 2101 Dominici
1327 2048 1573 2115 corporis
1607 2046 1921 2102 ostenderet
1951 2046 2240 2100 veritatem
2270 2058 2287 2097 :

703 2143 968 2202 quatenus
1016 2151 1140 2205 qua:
1189 2151 1383 2206 purum
1446 2151 1661 2208 panem,
1719 2147 1781 2190 ut
1821 2136 2125 2201 videbatur,
2164 2142 2292 2190 ante

704 2226 976 2293 credebat,
1020 2242 1167 2283 verae
1195 2228 1375 2283 carnis
1406 2230 1639 2299 speciem
1668 2230 1933 2291 cerneret,
1978 2229 2165 2297 sicque
2201 2241 2291 2284 sa-

705 2318 956 2387 crilegam
994 2321 1163 2389 empti
1212 2321 1435 2376 sceleris
1480 2321 1765 2377 audaciam
1795 2335 1893 2375 suo
1925 2322 2039 2391 ipsa
2080 2316 2289 2389 judicio

708 2412 1113 2468 condemnaret.
1150 2412 1302 2478 Quod
1340 2423 1519 2470 autem
1576 2414 1841 2469 medietas
1883 2413 1963 2468 sic
2002 2414 2287 2479 remansit,

706 2501 771 2556 ad
793 2502 1148 2558 evidentioris
1166 2503 1353 2574 judicii
1382 2504 1749 2559 testimonium
1802 2502 2038 2572 proﬁcit,
2062 2511 2121 2557 ut
2160 2503 2289 2557 dum

705 2587 762 2644 in
784 2605 887 2645 una
915 2593 1215 2661 eademque
1252 2593 1558 2648 substantia
1587 2594 1715 2647 hinc
1743 2593 1920 2662 panis,
1941 2593 2088 2648 illinc
2109 2595 2291 2650 carnis

703 2678 890 2736 adesse
917 2682 1235 2738 consideras
1261 2684 1521 2752 speciem,
1575 2683 1631 2738 in
1680 2692 1913 2752 utroque
1944 2698 2085 2738 verae
2108 2683 2289 2738 carnis

702 2772 920 2843 verique
947 2774 1109 2845 panis
1138 2773 1513 2831 indifferenter
1540 2774 1812 2845 intelligas
1834 2774 2141 2839 veritatem,
2162 2775 2291 2844 quia

702 2868 757 2919 et
797 2864 913 2935 ipse
953 2872 1044 2920 est
1084 2866 1259 2933 panis-
1284 2866 1375 2933 qui
1412 2866 1475 2919 de
1516 2865 1643 2918 coelo
1674 2865 1938 2918 descendit
1968 2864 2152 2935 (Joan.
2184 2864 2287 2934 vr),

616 2980 643 2983 τ
704 2959 758 3007 et
781 2952 894 3023 ipsa
918 2952 1274 3009 nihilominus
1291 2967 1420 3009 caro
1446 2968 1568 3024 quae
1596 2953 1664 3009 de
1692 2953 1974 3024 virginalis
2008 2952 2149 3008 uteri
2174 2968 2289 3007 ma-

704 3040 834 3097 teria
856 3040 1075 3110 prodiit.

768 3130 904 3186 Nam
945 3142 1004 3186 et
1053 3140 1234 3186 vester
1292 3131 1383 3186 ille
1427 3130 1695 3186 ﬁnitimus
1741 3132 1843 3201 piae
1891 3131 2286 3189 recordationis

2392 1966 2448 2012 ct
2491 1959 2595 2016 iste
2624 1964 2847 2011 coactus
2890 1954 3267 2009 indesinenter
3312 1949 3557 2005 haurire.
3610 1946 3749 2014 Quid
3800 1943 3985 1999 multis

2393 2048 2685 2105 immoror?
2725 2046 2880 2103 Hanc
2902 2046 3170 2102 visionem
3200 2042 3411 2099 audivit
3441 2040 3732 2112 episcopus
3767 2043 3829 2091 ut
3864 2048 3983 2091 mo-

2392 2144 2632 2201 nasterio
2662 2142 2915 2197 restituat
2945 2140 3194 2202 calicem,
3218 2138 3286 2192 ab
3317 2136 3511 2191 amicis
3536 2132 3761 2189 omnino
3789 2142 3985 2200 sugge-

2392 2238 2550 2292 ritur.
2582 2235 2679 2290 llle
2706 2234 2807 2289 sub
2834 2232 3086 2288 fortassis
3112 2230 3368 2300 ambiguo
3402 2226 3632 2283 reddere
3670 2222 3981 2293 pollicetur.

2394 2320 2501 2382 Sed
2530 2327 2657 2380 dum
2682 2340 2774 2381 res
2795 2324 2851 2380 in
2877 2321 3228 2379 crastinando
3254 2318 3522 2383 differtur,
3548 2317 3656 2370 imo
3680 2314 3806 2370 dum
3836 2312 3987 2367 circa

2392 2418 2627 2473 salutem
2667 2431 2821 2471 suam
2868 2415 2959 2470 ille
2989 2429 3099 2469 non
3129 2411 3340 2482 vigilat,
3374 2408 3616 2465 cmlestis
3656 2419 3822 2476 super
3859 2416 3986 2458 eum

2393 2509 2664 2564 sententia
2697 2522 2808 2563 non
2848 2506 3129 2561 dormitat.
3171 2502 3309 2557 Nam
3349 2508 3404 2556 et
3439 2499 3504 2554 B.
3551 2498 3750 2553 Petrus
3778 2493 3845 2550 de
3874 2492 3984 2559 his,

2392 2616 2514 2670 qua:
2542 2599 2686 2654 fictis
2713 2598 2893 2653 verbis
2917 2599 2970 2651 ln
2993 2595 3225 2651 avaritia
3249 2591 3619 2663 negotiantur,
3646 2588 3722 2641 ait
3750 2604 3764 2640 :
3799 2605 3817 2637 ι
3849 2584 3983 2651 Qui-

2391 2690 2492 2746 bus
2515 2688 2779 2757 judicium
2818 2688 2932 2755 jam
2970 2686 3100 2742 olim
3135 2700 3244 2739 non
3279 2689 3479 2745 cessat,
3523 2675 3756 2749 perditio
3784 2686 3975 2729 eorum

2392 2796 2499 2836 non
2521 2780 2782 2835 dormitat
2805 2777 2855 2849 (ι
2880 2776 3027 2831 Petr.
3050 2775 3135 2847 ιι).
3168 2794 3188 2828 ι
3216 2773 3459 2843 Quadam
3482 2771 3667 2839 itaque
3687 2767 3795 2832 die,
3822 2763 3984 2820 tertia

2392 2874 2791 2944 propinquante
2805 2870 2920 2940 jam
2940 2870 3096 2936 hora,
3120 2868 3176 2922 ln
3206 2863 3436 2931 castelli,
3461 2862 3555 2917 ubi
3577 2869 3713 2923 erat,
3742 2855 3981 2929 crepidio

2391 2950 2539 3034 nem,
2578 2963 2767 3019 sellam
2792 2960 3055 3033 praecepit
3090 2950 3299 3023 afférri,
3328 2963 3388 3010 ut
3434 2950 3709 3025 surgentis
3737 2948 3977 3005 calorem

2390 3052 2522 3109 solis
2566 3036 2871 3123 exciperet,
2902 3064 2967 3105 ac
2998 3047 3283 3103 matutinis
3318 3043 3537 3116 frigoris
3565 3040 3823 3110 reliquias
3854 3053 3982 3109 pro-

2390 3146 2655 3216 pulsaret.
2704 3144 2951 3213 Cumque
3001 3139 3264 3198 residenti
3314 3134 3601 3193 domestici
3650 3134 3754 3197 sui,
3813 3131 3981 3197 servi,

704 3220 1113 3291 Amalphitanus
1152 3223 1473 3292 episcopus,
1503 3238 1697 3279 nomen
1757 3225 1961 3289 nescio,
2011 3224 2289 3296 Stephano
2314 3236 2361 3302 (ζ
2393 3245 2555 3305 atque
2578 3232 2999 3290 contubernales
3027 3230 3383 3295 assisterent;
3418 3236 3473 3281 et
3504 3224 3601 3279 ille
3623 3235 3868 3287 securus,
3902 3220 3986 3275 hi-

705 3310 943 3368 Romano
962 3306 1239 3379 Pontiﬁei,
1261 3328 1347 3369 me
1370 3319 1656 3384 praesente,
1683 3316 1784 3371 sub
1805 3315 2160 3387 jurejurando
2189 3333 2291 3373 sa:-

706 3419 769 3475 pe
797 3414 1026 3461 testatus
1046 3408 1276 3476 estquia
1300 3421 1422 3461 cum
1447 3406 1738 3477 aliquando
1788 3408 1855 3460 ad
1896 3394 2155 3463 mensam
2184 3406 2289 3461 Do-

706 3496 831 3551 mini
858 3497 1266 3554 sacriﬁcaturus
1288 3498 1592 3563 accederet,
1622 3498 1717 3553 sed
1746 3512 1907 3567 super
1947 3504 2289 3551 sacramento

706 3584 963 3649 Dominici
992 3596 1242 3669 corporis
1280 3592 1589 3659 incredulus
1617 3593 1911 3655 haesitaret,
1940 3591 1994 3645 in
2024 3592 2136 3661 ipsa
2159 3605 2289 3645 con-

706 3677 963 3738 fractione
986 3681 1243 3739 salutaris
1264 3682 1476 3750 hostiae,
1510 3682 1674 3737 rubra
1712 3696 1935 3753 prorsus
1958 3696 2022 3737 ac
2049 3679 2287 3749 perfecta

707 3785 829 3828 caro
857 3774 1000 3829 inter
1026 3774 1147 3844 ejus
1178 3789 1375 3829 manus
1402 3773 1676 3845 apparuit,
1702 3774 1778 3828 ita
1806 3781 1868 3827 ut
1895 3774 2060 3827 etiam
2088 3772 2287 3841 digitos

706 3862 842 3921 illius
870 3874 1206 3933 cruentaret,
1229 3868 1415 3936 sicque
1439 3865 1709 3921 sacerdoti
1727 3879 1942 3920 omnem
1973 3863 2285 3933 scrupulum

706 3949 992 4010 dubietatis
1018 3955 1281 4011 auferret.
1318 3954 1420 4012 Ubi
1443 3954 1738 4009 notandum
1762 3968 1925 4023 quam
1956 3953 2028 4008 sit
2051 3954 2288 4009 immane

705 4046 995 4115 periculum
1022 4046 1257 4118 indignis
1284 4048 1535 4103 manibus
1575 4055 1871 4103 attrectare
1905 4054 2014 4102 tam
2049 4045 2287 4101 terribile

706 4148 1125 4194 sacramentum.
1157 4138 1265 4194 Sed
1290 4141 1421 4210 quid
1445 4139 1514 4196 de
1539 4139 1896 4195 sacramentis
1924 4140 2055 4211 ipsis
2075 4139 2286 4208 eloqui-

707 4238 841 4289 mur,
869 4242 997 4283 eum
1034 4228 1202 4282 etiam
1230 4243 1395 4299 super
1437 4244 1531 4285 eos
1554 4229 1864 4300 aliquando,
1888 4229 1979 4300 qui
2009 4244 2074 4284 ex
2097 4245 2285 4284 eorum

707 4317 845 4373 vasis
894 4317 1215 4387 offendunt,
1276 4319 1545 4377 terribiles
1589 4321 1707 4377 ﬁeri
1759 4321 2055 4377 sententias
2096 4322 2282 4377 videa-

708 4406 860 4464 mus?

1213 4498 1446 4557 CAPUT
1476 4497 1766 4555 PRIMUM.

2390 3326 2522 3381 laris
2566 3339 2629 3380 ac
2666 3323 2959 3393 iucundus,
2989 3322 3169 3378 faceta
3200 3336 3325 3377 cum
3352 3320 3457 3386 eis,
3486 3328 3545 3373 et
3572 3317 3780 3371 urbana
3811 3312 3999 3369 verba

2389 3417 2676 3481 misceret;
2717 3415 2899 3470 subito
2930 3413 3248 3485 repentinus
3278 3410 3431 3467 dolor
3462 3410 3515 3464 in
3557 3407 3675 3477 ejus
3714 3407 3977 3462 verticem

2391 3512 2649 3576 tanquam
2698 3505 2908 3574 gladius
2960 3504 3147 3570 irruit;
3199 3514 3437 3568 eumque
3490 3498 3726 3563 morior,
3773 3497 3981 3563 morior

2389 3601 2696 3657 exclamare
2721 3598 2915 3668 coegit.
2959 3595 3089 3653 Mox
3119 3594 3489 3670 bajulantibus
3517 3590 3846 3645 necessariis
3885 3589 3981 3644 de-

2388 3690 2563 3746 fertur
2587 3688 2653 3744 ad
2680 3687 2933 3744 lectulum
2959 3705 2973 3741 :
2998 3686 3319 3757 mysterium
3350 3690 3711 3739 sacrosancta:
3728 3694 3976 3735 commuo

2389 3782 2567 3838 nionis
2590 3780 2801 3851 accepit
2820 3794 2886 3835 ac
2905 3778 3157 3849 spiritum
3181 3776 3428 3847 protinus
3452 3768 3978 3833 exhalavit.Timeat

2388 3873 2786 3946 crgo.quisauis
2808 3872 2899 3928 vel
2919 3869 3279 3927 ecclesiastici
3310 3866 3555 3939 mysterii
3579 3863 3833 3919 utensilia
3860 3863 3976 3918 dis-

2390 3968 2596 4033 trahit,
2644 3966 2733 4022 vel
2781 3964 3049 4021 tremendi
3094 3960 3464 4017 anathematis
3507 3956 3745 4028 elogium
3791 3956 3977 4026 parvi-

2386 4058 2576 4129 pendit
2593 4073 2703 4132 ;.ne
2724 4058 2850 4113 dum
2879 4054 3036 4127 quasi
3063 4068 3290 4111 securus
3312 4051 3575 4115 ambulat,
3602 4049 3824 4104 latentis
3844 4063 3972 4104 eum

2381 4150 2570 4222 judicii
2598 4149 2823 4221 laqueus
2844 4145 3295 4219 comprehendat.
3322 4144 3434 4200 Heu
3452 4140 3779 4199 miserabilis
3798 4139 3979 4209 valde,

2386 4252 2442 4299 et
2486 4240 2673 4296 infelix
2704 4242 2942 4297 humana
2968 4238 3238 4296 conditio!
3272 4236 3434 4294 Certe
3466 4234 3729 4307 praefatus
3767 4233 3981 4304 episco-

2386 4349 2489 4405 pus
2513 4333 2642 4393 licet
2667 4333 2721 4387 in
2752 4333 2857 4388 hoc
2894 4331 2995 4388 sibi
3036 4328 3381 4402 negligentiae
3418 4334 3605 4397 torpor
3642 4324 3975 4395 obrepserit,

2388 4423 2522 4478 alias
2550 4432 2730 4478 tamen
2759 4430 2951 4481 acutus
2989 4429 3128 4486 erat,
3160 4420 3481 4492 ingeniosus
3504 4426 3560 4474 et
3588 4424 3803 4481 cautus,
3860 4425 3979 4471 tan-

2341 4577 2346 4581 _
2392 4518 2564 4583 nerine
2592 4513 2876 4577 facundiae,
2912 4519 2970 4566 ut
2997 4511 3124 4566 dum
3150 4508 3559 4579 expeditissime
3586 4507 3643 4561 in
3671 4505 3856 4561 verbis
3882 4504 3979 4561 de-

708 4608 953 4686 Terribile
1017 4613 1314 4686 exemplum
1359 4615 1585 4670 Arualdi
1623 4617 1849 4686 episcOpi
1894 4616 2099 4686 Aretini
2151 4616 2280 4670 cali-
2314 4606 2365 4666 D
2390 4611 2657 4669 curreret,
2691 4602 3047 4658 circumcisus
3082 4600 3243 4655 labiis
3279 4598 3387 4655 dici
3432 4612 3538 4653 non
3571 4596 3849 4652 immerito
3885 4610 3980 4666 po-

772 4699 878 4755 cem
904 4683 1235 4740 Dominicum
1262 4684 1565 4755 alienantis,
1610 4683 1661 4742 et
1701 4687 1768 4741 ab
1797 4683 2040 4741 Ecclesia
2074 4688 2283 4743 subtra-

770 4753 956 4810 hentis.

770 4864 1064 4922 Arualdum
1136 4877 1285 4925 certe
1353 4868 1593 4925 Aretinm
1648 4869 1795 4926 sedis
1854 4870 2161 4941 episcopum
2223 4878 2282 4925 tu

706 4970 913 5027 quoque
982 4959 1322 5014 familiariter
1375 4961 1659 5032 agnovisti.
1698 4947 1775 5017 De
1815 4960 1925 5016 hoc
1963 4962 2094 5016 mihi
2144 4960 2285 5017 Mar-

708 5048 844 5104 tinus
894 5052 1143 5117 eremita,
1178 5066 1385 5123 magnae
1428 5051 1637 5109 scilicet
1676 5053 1947 5123 opinionis
1986 5055 2068 5107 vir
2094 5069 2159 5109 ac
2186 5069 2279 5109 ce-

706 5133 863 5194 lebris
890 5138 1051 5197 famas
1084 5143 1331 5198 narravit
1378 5142 1559 5214 589.
1611 5143 1749 5211 Quia
1794 5159 1861 5199 ex
1894 5145 2142 5215 quodam
2197 5145 2281 5201 sui

702 5225 834 5294 juris
888 5234 1219 5289 monasterio
1267 5233 1492 5291 calicem
1520 5250 1744 5291 aureum
1774 5236 2015 5303 abstulit,
2068 5246 2124 5292 et
2165 5238 2285 5311 qui-_

708 5318 925 5376 busdam
970 5325 1380 5382 imminentibus
1432 5327 1759 5384 necessariis
1802 5328 2062 5383 alienavit
2121 5345 2135 5382 :
2193 5328 2281 5383 cui

707 5411 956 5469 nimirum
998 5416 1151 5471 ealici
1199 5417 1393 5473 nobilis
1423 5433 1488 5474 ac
1511 5420 1703 5475 devota
1751 5420 1969 5485 mulier,
2011 5435 2131 5490 qum
2157 5436 2282 5475 cum

707 5506 905 5561 sanctis
958 5508 1264 5577 obtulerat,
1322 5514 1685 5569 anathematis
1764 5514 2018 5579 titulum,
2083 5529 2163 5569 ne
2214 5514 2281 5569 ab

710 5592 882 5663 aliquo
929 5599 1250 5667 tolleretur,
1296 5606 1517 5672 provide
1576 5603 1704 5660 fecit
1761 5606 2009 5675 insculpi.
2070 5605 2283 5661 interea

710 5688 919 5744 cuidam
971 5691 1128 5747 fratri
1185 5709 1381 5765 sopore
1442 5698 1743 5767 depresso,
1808 5701 1992 5755 videre
2056 5700 2283 5769 contigit

709 5779 991 5848 quemdam
1041 5783 1221 5843 laeum
1264 5786 1415 5843 nimii
1467 5787 1666 5847 caloris
1713 5790 1909 5847 ardore
1950 5789 2277 5865 ferventem,

2388 4695 2601 4751 tuisset.
2654 4692 2762 4747 Sed
2812 4708 2936 4747 cum
2989 4690 3283 4762 Apostolus
3330 4688 3478 4765 dicat
3532 4706 3546 4743 :
3604 4705 3624 4739 ι
3680 4686 3978 4743 Prudentia

2388 4786 2570 4841 carnis
2615 4800 2764 4839 mors
2800 4793 2935 4849 est;
2990 4782 3281 4853 prudentia
3328 4780 3559 4851 spiritus
3606 4780 3717 4833 vita
3766 4787 3822 4832 et
3871 4792 3979 4847 pax

2386 4877 2561 4947 (Rom.
2602 4875 2723 4947 vin)
2778 4890 2792 4930 :
2842 4894 2863 4927 ›
2914 4872 3044 4945 quid
3095 4872 3338 4943 prodest,
3372 4872 3429 4927 si
3468 4870 3745 4941 quispiam
3792 4868 3979 4926 saeculi

2383 4970 2543 5040 hujus
2578 4968 2866 5039 prudentia
2902 4967 3125 5032 calleat,
3173 4966 3221 5022 si
3273 4964 3478 5041 ingenii
3513 4964 3723 5019 vivacis
3763 4963 3968 5019 obtuti-

2384 5059 2486 5113 bus
2515 5058 2697 5114 abdita
2725 5058 3172 5128 comprehendat,
3195 5058 3242 5113 si
3264 5064 3485 5112 versuta
3512 5055 3832 5122 calliditate,
3856 5063 3977 5111 tan-

2387 5166 2553 5220 quam
2586 5148 2833 5217 Proteus,
2864 5150 2922 5205 in
2948 5150 3101 5205 varia
3128 5164 3191 5207 se
3236 5148 3536 5206 formarum
3562 5158 3809 5206 monstra
3838 5164 3973 5206 con-

2384 5251 2583 5298 vertat.

2920 5333 3083 5406 590
3106 5332 3338 5391 canor
3373 5333 3439 5391 ιι.

2531 5424 2691 5479 Aliud
2726 5423 2955 5481 terribile
2984 5426 3276 5496 exemplum
3310 5425 3531 5481 Tedaldi
3572 5427 3828 5497 episcopi.

2454 5514 2665 5570 lntcrea
2710 5517 2811 5571 sub
2856 5517 3015 5588 hujus
3060 5517 3352 5572 occasione
3394 5519 3685 5588 sermonis,
3736 5517 3866 5572 illud
3912 5518 3971 5575 in

2384 5608 2705 5663 memoriam
2729 5610 2888 5675 redit,
2916 5611 3060 5680 quod
3082 5610 3211 5665 olim
3236 5610 3494 5666 Tetaldus
3524 5620 3810 5681 episcopus
3834 5625 3971 5681 prae-

2383 5702 2640 5756 decessor
2674 5703 2849 5768 istius,
2885 5704 2937 5757 in
2982 5703 3281 5760 festivitate
3307 5705 3453 5760 beati
3479 5704 3675 5760 Donati
3703 5705 3972 5759 constitu-

2386 5800 2471 5851 tus
2502 5792 2559 5850 in
2608 5791 3130 5866 pulpitorsermoni,
3177 5810 3287 5869 quo
3331 5795 3782 5867 concionabatur,
3824 5794 3971 5864 adje-
