5664 6514
17 6371 467 6512 ⁵.

2310 403 2412 461 ’(75

2767 412 2824 464 S.
2867 412 3070 467 PETRI
3096 414 3374 471 DAMIANI
3400 417 3548 473 OPP.
3590 420 3821 476 TOMUS
3865 420 4000 480 SEU
4037 423 4213 481 PARS
4249 427 4332 481 lll.
4371 460 4437 468 —
4477 430 4834 489 OPUSCULA
4876 435 5099 494 VARIA.

5424 443 5518 500 578

2303 520 2394 572 cit.
2423 517 2480 572 In
2509 517 2915 587 Longobardite,
2952 525 3146 594 inquit,
3188 527 3382 583 finibus
3422 533 3561 584 unde
3603 534 3864 600 originem
3894 540 3945 597 Α
3974 536 4281 606 nullumque
4317 557 4435 594 cum
4474 558 4536 596 eo
4567 555 4818 614 tanquam
4857 564 5216 620 energumeno
5245 553 5518 624 dignantur

2302 609 2456 673 duco,
2508 611 2592 662 vir
2648 622 2766 665 erat
2813 617 3113 685 versipellis
3165 620 3384 687 ingenii,
3437 635 3489 674 et
3537 624 3866 680 acutissima:

2301 699 2630 764 subtilitatis,
2664 703 2853 772 duplex
2888 710 3087 775 animo,
3121 726 3368 766 sermone
3392 714 3615 782 lepidus,
3649 718 3870 771 concin-

2299 791 2493 844 nandis
2536 791 2971 866 fabricandisque
3002 808 3321 857 commentis
3359 807 3596 870 edoctus,
3635 810 3684 862 in
3716 826 3867 880 repe-

2298 879 2500 935 riendis
2539 899 2600 937 ac
2650 887 2921 942 variandis
2957 893 3198 946 consiliis
3236 897 3584 950 vehementer
3631 909 3861 957 astutus.

2298 965 2578 1038 Nunquam
2619 973 2861 1043 erigebat
2907 978 3128 1034 brachia
3178 991 3363 1035 contra
3411 994 3729 1056 torrentem,
3761 979 3861 1047 sed

2298 1076 2360 1115 ex
2418 1080 2741 1136 quocunque
2793 1070 2958 1125 latere
3009 1075 3257 1128 mundani
3310 1079 3539 1135 turbinis
3570 1098 3692 1138 eum
3729 1103 3860 1140 aura

2295 1155 2577 1222 proﬂaret;
2607 1159 2695 1214 ille
2717 1164 2968 1229 protinus
2995 1178 3174 1234 aptum
3203 1169 3534 1237 calliditatis,
3560 1185 3722 1244 atque
3753 1194 3865 1234 ver-

2295 1246 2450 1300 sutia:
2485 1247 2703 1316 pallium
2742 1255 3064 1320 opponebat.
3107 1258 3320 1314 Accidit
3367 1274 3568 1328 autem,
3621 1277 3682 1321 ut
3725 1270 3864 1325 hunc

2295 1347 2416 1406 post
2442 1338 2643 1392 obitum
2669 1341 2882 1408 quidam
2913 1343 3082 1399 frater
3107 1358 3368 1403 nocturna
3403 1354 3612 1410 visione
3642 1361 3857 1427 conspi—

2294 1434 2461 1478 ceret.
2489 1425 2660 1480 Larus
2688 1439 2804 1482 erat
2834 1431 3048 1499 igneus;
3091 1438 3183 1506 qui
3223 1438 3596 1497 ﬂammivomis
3639 1462 3862 1515 vapora-

2295 1511 2382 1564 bat
2412 1511 2691 1578 incendiis,
2716 1525 2767 1570 et
2799 1523 3191 1590 crepitantibus
3223 1528 3421 1594 ignium
3451 1532 3622 1598 globis
3648 1539 3863 1592 terribi-

2291 1599 2395 1652 lem
2436 1605 2783 1660 cernentibus
2825 1609 3117 1666 incutiebat
3148 1616 3455 1683 horrorem;
3494 1640 3653 1689 quem
3691 1627 3859 1682 lacum

2293 1695 2516 1750 trabalis
2553 1700 2893 1758 enormitatis
2937 1707 3252 1764 videbantur
3291 1715 3538 1769 obsidere
3577 1720 3860 1787 dracones,

2293 1784 2550 1853 variaque
2578 1792 2907 1858 serpentium
2936 1809 3154 1863 genera,
3196 1801 3321 1856 hinc
3367 1805 3487 1859 inde
3535 1825 3629 1876 per
3667 1812 3863 1866 circui-

3972 628 4170 681 habere
4206 635 4554 687 consortium.
4602 636 4768 693 Porro
4798 656 4919 694 cum
4962 642 5111 697 dives
5137 645 5224 709 sit,
5255 655 5307 700 et
5335 649 5519 702 exube-

3978 732 4103 769 rans
4141 719 4331 774 domns
4388 726 4527 791 ejus,
4565 725 4728 780 ﬂuunt
4767 746 5014 798 pannosae
5048 744 5100 788 et
5144 735 5301 790 illata:
5332 749 5518 806 vestes,

3969 809 4152 861 horret
4178 811 4378 865 inculta
4412 818 4676 880 ctesaries,
4715 829 4875 889 caput
4908 823 5022 892 ejus
5050 825 5285 879 diuturni
5318 827 5521 883 sudoris

3969 898 4099 952 fetet
4126 901 4340 968 injuria,
4373 920 4566 974 corpus
4600 916 4767 962 totum
4804 926 4900 979 per
4929 913 5135 982 longam
5164 916 5342 970 sordet
5372 917 5518 971 incu-

3969 989 4124 1041 riam.
4176 989 4272 1045 Hic
4312 992 4487 1060 plane,
4531 1010 4650 1048 cum
4693 1013 4774 1051 me
4814 1001 5002 1055 adesse
5031 1014 5396 1071 cognosceret,
5438 1019 5519 1061 me

3968 1083 4211 1136 concitus
4240 1085 4394 1144 adiit,
4433 1086 4571 1138 mala
4609 1102 4729 1156 qua;
4774 1091 5077 1158 patiebatur
5101 1093 5364 1163 exposuit,
5392 1108 5519 1162 qne-

3967 1172 4131 1223 relam
4158 1173 4220 1227 de
4247 1174 4360 1227 suis
4393 1174 4574 1229 sobrio
4609 1192 4856 1234 sermone
4896 1180 5139 1250 digessit,
5167 1192 5218 1237 et
5245 1184 5519 1252 (quantum

3965 1274 4030 1312 ex
4061 1270 4243 1316 tenore
4276 1266 4561 1318 verborum
4605 1266 4721 1334 ejus
4748 1269 5000 1339 colligere
5030 1272 5197 1340 potui)
5245 1272 5519 1327 rationabi-

3965 1347 4088 1402 liter
4116 1352 4451 1406 declamavit.
4493 1355 4676 1423 Itaque
4719 1359 4948 1412 conveni
4988 1360 5178 1424 lilium,
5217 1362 5519 1431 episcopum

3965 1455 4178 1508 quoque
4224 1457 4286 1496 ac
4328 1445 4391 1495 de
4432 1445 4650 1499 civitate
4683 1449 5128 1518 quamplurimas,
5166 1462 5219 1506 et
5261 1453 5522 1509 subtiliter

3964 1532 4239 1600 inquisivi,
4292 1537 4433 1604 quod
4491 1539 4874 1604 inordinatum,
4923 1541 5048 1611 quid
5095 1542 5338 1607 delirum,
5394 1543 5520 1612 quid

3966 1622 4204 1691 ineptum
4234 1625 4285 1677 in
4330 1626 4419 1678 illo
4454 1631 4848 1696 conspicerent,
4884 1645 4982 1700 pro
5011 1645 5116 1700 quo
5143 1631 5215 1685 illi
5247 1633 5518 1686 vesaniam

3966 1711 4312 1778 imputarent.
4339 1717 4381 1765 Α
4410 1716 4602 1781 quibus
4635 1720 4817 1787 utique
4839 1719 4971 1773 nihil
4994 1719 5155 1785 aliud,
5187 1730 5240 1775 et
5261 1735 5326 1775 ne
5352 1738 5518 1777 unum

3966 1801 4178 1867 quidem
4208 1802 4337 1854 certi
4373 1803 4510 1872 signi
4543 1806 4766 1859 verbum
4798 1806 5074 1862 addiscere
5100 1809 5264 1876 potui,
5292 1809 5392 1861 nisi
5420 1810 5521 1864 hoc

2293 1882 2406 1926 tum
2435 1877 2674 1943 spatiari.
2707 1880 2798 1933 Vir
2828 1892 3004 1938 autem
3039 1887 3124 1942 ille
3152 1906 3313 1959 quem
3355 1893 3588 1950 diximus
3608 1940 3621 1960 ,
3658 1901 3706 1957 in
3748 1904 3858 1969 ipsa
3888 1903 3935 1962 B
3966 1903 4192 1957 ῑθιιῑυη),
4219 1895 4345 1962 (ιυίει
4371 1898 4530 1949 deme

3286 1908 3313 1944 n
3355 1893 3588 1950 diximus
3608 1940 3621 1960 ,
3658 1901 3706 1957 in
3748 1904 3858 1969 ipsa
3888 1903 3935 1962 Β
3966 1903 4192 1957 tantum,
4219 1895 4345 1962 quia
4371 1898 4592 1950 demens
4623 1908 4703 1950 est
4731 1916 4742 1949 :
4783 1899 4923 1966 quod
4951 1915 5137 1953 omnes
5165 1914 5258 1954 ore
5290 1914 5523 1954 consono

2291 1960 2626 2020 flammarum
2657 1970 2997 2030 stridentium
3045 1983 3301 2050 voragine
3334 2000 3653 2051 coarclatus,
3689 2002 3857 2048 tenta-

2291 2053 2383 2106 hat
2414 2057 2628 2123 quidem
2676 2059 2930 2133 eﬂ‘ugere,
2968 2071 3062 2124 sed
3100 2073 3438 2131 obstantibus
3471 2083 3672 2146 hostiis,
3708 2087 3854 2140 dole-

3958 1983 4288 2036 nnanimiter
4323 1983 4637 2038 aﬂ'erebant.
4667 1986 4907 2056 Cumque
4941 2002 5040 2058 ego
5071 1988 5303 2043 dicerem
5330 2002 5346 2041 :
5371 1989 5514 2054 Quo-

3960 2073 4120 2124 modo
4160 2072 4213 2125 id
4245 2073 4417 2135 scitis,
4447 2075 4709 2141 quibusve
4741 2075 4950 2130 indiciis
4978 2091 5098 2130 eum
5133 2076 5360 2131 insanire
5387 2092 5520 2134 con-

2292 2143 2385 2198 bat
2431 2149 2632 2202 aditum
2665 2167 2770 2206 non
2805 2167 3012 2224 patere.
3063 2161 3215 2218 Modo
3243 2169 3448 2223 εςειίορι
3477 2187 3541 2225 εχ
3579 2143 3677 2228 ,ηιξ
3705 2189 3858 2245 pune
3953 2159 4166 2228 jicitis?
4229 2159 4372 2214 Nihil
4433 2161 4578 2214 aliud
4636 2162 5004 2226 invenientes,
5068 2165 5292 2234 idipsum
5351 2165 5527 2221 denuo

2293 2233 2472 2302 fugam
2528 2240 2781 2307 parabat;
2833 2248 2926 2300 sed
2981 2265 3105 2304 ecce
3150 2269 3369 2324 serpens
3413 2262 3601 2316 obvius
3649 2268 3855 2322 aderat.

2292 2324 2396 2380 Per
2444 2328 2603 2383 aliam
2648 2343 2853 2401 partem
2902 2353 3186 2410 erumpere
3239 2351 3536 2416 satagebat,
3592 2355 3684 2408 sed
3730 2373 3861 2414 ecce

2293 2431 2484 2474 rursus
2509 2420 2609 2474 alia
2641 2423 2812 2480 bestia
2844 2429 2966 2486 laxo
2989 2443 3205 2504 gutture
3231 2441 3469 2496 stridens
3502 2445 3607 2498 iter
3631 2449 3865 2505 occluse-

2294 2514 2398 2559 rat.
2443 2505 2535 2562 llle
2563 2525 2749 2567 rursus
2778 2525 2832 2568 et
2862 2518 2963 2572 alia
2993 2523 3059 2576 ad
3090 2525 3423 2584 evadendum
3449 2531 3564 2587 loca
3599 2539 3863 2605 tentabat,

2294 2595 2387 2650 sed
2438 2599 2837 2670 insurgentibus
2881 2609 3090 2677 bestiis,
3137 2620 3356 2674 omnino
3403 2635 3629 2679 meatus-
3659 2631 3859 2700 aufugii

2291 2701 2397 2739 non
2433 2690 2668 2756 patebat.
2705 2692 2874 2750 Porro
2903 2711 3082 2755 autem
3112 2719 3232 2758 cum
3264 2709 3470 2765 Veritas
3496 2715 3672 2769 dicat:
3707 2738 3724 2768 ι
3763 2690 3862 2774 Εἶπ-

2288 2775 2412 2830 dem
2450 2793 2701 2836 mensura
2749 2801 2852 2855 qua
2880 2792 3050 2846 mensi
3100 2793 3310 2852 fueritis
3368 2806 3680 2860 remetietur
3713 2810 3864 2866 vobis

2290 2865 2505 2936 (Matth.
2540 2885 2649 2935 vn;
2679 2872 2849 2962 Marc.
2872 2879 2992 2953 xv);
3041 2900 3060 2933 ι
3097 2884 3199 2938 hoc
3235 2887 3309 2941 illi
3343 2889 3490 2958 justo
3523 2894 3616 2948 Dei
3659 2897 3864 2962 judicio

2291 2957 2654 3027 contingebat.
2713 2961 2867 3020 Sicut
2911 2969 3052 3023 enim
3106 2972 3193 3026 ille
3240 2957 3605 3043 percarnalis
3653 2957 3863 3043 astutiae

2292 3044 2604 3112 vanitatem,
2645 3064 2709 3104 ex
2756 3053 3083 3120 quibuslibet
3126 3060 3283 3127 hujus
3329 3068 3506 3120 smctili
3551 3088 3604 3121 se
3638 3085 3859 3128 noverat

2291 3130 2500 3202 laqueis
2542 3141 2836 3208 expedire;
2879 3145 2949 3199 ita
2996 3154 3332 3216 postmodum
3378 3172 3532 3212 versa
3565 3161 3681 3215 vice
3714 3166 3858 3221 nullo

3963 2251 4332 2318 replicabam:
4368 2251 4600 2305 Demens
4635 2262 4738 2306 est.
4788 2251 4937 2318 Quod
4976 2253 5106 2306 mihi
5148 2254 5355 2308 videtur
5394 2269 5526 2325 pro-

3964 2341 4185 2394 fundum
4235 2350 4396 2410 atque
4449 2342 4763 2400 admirabile
4825 2344 4914 2397 Dei
4970 2344 5352 2414 omnipotentis
5402 2358 5524 2399 esse

3957 2431 4241 2498 judicium,
4265 2441 4322 2485 ut
4344 2434 4433 2501 qui
4465 2434 4716 2501 prudens,
4740 2444 4794 2486 ct
4818 2434 4992 2489 sciens
5020 2442 5207 2505 sponte
5229 2434 5525 2504 desipu'tsse

3967 2523 4326 2591 cognoscitur,
4356 2524 4590 2591 prudens
4616 2533 4670 2577 et
4699 2525 4873 2578 sciens
4904 2526 5151 2593 opinione
5174 2525 5405 2580 vesania:
5427 2541 5519 2596 pu-

3967 2613 4143 2664 niatur
4170 2631 4180 2663 :
4215 2622 4266 2665 et
4294 2615 4382 2680 qui
4411 2623 4599 2681 sponte
4625 2612 4798 2668 factus
4818 2624 4899 2668 est
4926 2615 5180 2679 furiosus,
5212 2616 5433 2670 demens
5455 2617 5521 2671 ab

3964 2707 4108 2757 omni
4142 2706 4334 2774 populo
4358 2706 4629 2774 judicetur
4655 2707 4870 2762 invitus.
4901 2708 5089 2763 Merito
5115 2717 5300 2764 contra
5335 2721 5522 2763 votum

3966 2795 4304 2858 adjudicatur
4344 2795 4586 2858 insaniae,
4620 2798 4710 2864 qui
4739 2796 5014 2852 voluntate
5046 2798 5258 2868 propria
5292 2808 5520 2852 conatus

3966 2897 4048 2939 est
4075 2888 4329 2940 insanire.
4361 2887 4644 2940 Enimvero
4666 2889 4709 2941 si
4731 2889 5232 2954 veraciterfureret,
5258 2903 5320 2942 eo
5341 2889 5520 2942 minus

3966 2979 4130 3031 miser
4157 2989 4318 3041 esset,
4351 2994 4455 3046 quo
4490 2979 4777 3048 despectus
4814 2980 4895 3034 sui
4938 2979 5100 3043 mala,
5140 2996 5258 3050 qua:
5296 2983 5519 3050 patitur,

3965 3069 4255 3136 ignoraret.
4286 3071 4397 3122 Non
4423 3079 4504 3122 est
4525 3071 4701 3139 itaque
4723 3071 4859 3125 sicut
4881 3079 5123 3126 mortuus
5141 3071 5320 3126 saeculi
5349 3072 5520 3142 (Psal.

3961 3162 4150 3230 ortu),
4183 3162 4271 3230 qui
4308 3180 4406 3215 non
4441 3163 4630 3227 sentit;
4658 3164 4749 3216 sed
4772 3165 4910 3218 sicut
4938 3176 5178 3219 mortuus
5205 3165 5518 3230 estinferni,

2290 3221 2504 3278 valebat
2550 3227 2763 3297 ingenio
2803 3235 3143 3304 supplicium,
3186 3256 3292 3310 quo
3337 3250 3495 3299 cruci.
3549 3260 3697 3316 stur,
3737 3271 3863 3310 eva.
3889 3247 3934 3310 C
3967 3252 4053 3318 qui
4079 3252 4276 3318 jugizer
4312 3253 4557 3312 moritur,
4596 3262 4651 3306 et
4699 3261 4926 3307 mortem
4964 3254 5136 3323 ipsam
5180 3254 5379 3308 sentire
5415 3270 5520 3309 non

2292 3311 2436 3367 dere.
2471 3313 2572 3380 Qui
2602 3319 2856 3376 nimirum
2889 3325 2934 3378 si
2975 3330 3332 3398 prudentiam,
3374 3353 3478 3404 qua
3516 3343 3767 3409 callebat,
3807 3350 3860 3402 in

2293 3402 2488 3460 divinis
2519 3411 2812 3470 studuisset
2839 3431 3099 3476 exercere
3128 3428 3417 3491 mandatis,
3452 3447 3553 3486 non
3584 3449 3858 3495 cremare-

2295 3506 2380 3551 tur
2411 3500 2549 3553 inter
2571 3504 2754 3561 rabida
2779 3524 2874 3564 ora
2902 3519 3251 3587 serpentium,
3285 3524 3378 3579 sed
3407 3529 3660 3591 gauderet
3684 3535 3861 3600 potius

2293 3587 2433 3642 inter
2458 3593 2669 3660 agmina
2699 3596 3000 3657 beatorum.

2910 3716 3136 3774 CAPUT
3163 3724 3248 3779 lli.

2293 3793 2453 3850 Aliud
2483 3797 2770 3870 exemplum
2797 3805 3073 3887 cujusdam
3114 3831 3216 3870 non
3247 3818 3421 3873 dantis
3456 3824 3703 3880 honorem
3743 3830 3859 3887 loco

2829 3885 2837 3892 ’
2991 3894 3140 3935 εαοηο

2370 3955 2543 4011 Unum
2570 3959 2728 4028 plane
2747 3967 2970 4036 contigit
2985 3970 3036 4023 in
3053 3976 3250 4032 nostris
3273 3981 3516 4047 partibus
3540 3987 3606 4040 de
3626 4001 3855 4058 quodam

2295 4046 2585 4103 carnaliter
2626 4054 2889 4121 sapiente,
2925 4064 3067 4128 quod
3106 4046 3323 4137 dignum
3368 4088 3472 4128 non
3524 4087 3607 4133 est
3643 4046 3860 4140 silentio

2292 4141 2588 4208 praeterire.
2641 4145 2900 4204 Fanensis
2950 4155 3167 4222 quidam
3226 4163 3515 4228 primarius
3577 4172 3857 4241 civitatis,

2297 4229 2448 4300 ﬁngo
2480 4233 2716 4300 nomine,
2756 4237 2872 4307 ipsa
2925 4253 3101 4306 nocte,
3147 4262 3264 4316 quae
3291 4265 3508 4322 peracta
3540 4258 3858 4332 Parasceve,

2295 4328 2704 4378 sacrosanctum
2741 4325 3036 4387 Sabbatum
3070 4336 3359 4397 Dominicae
3396 4349 3680 4415 sepultura:
3722 4325 3860 4423 pne;

2295 4413 2458 4478 cedit,
2485 4429 2604 4468 cum
2637 4418 2804 4472 armis
2838 4428 2891 4474 et
2921 4428 3145 4482 armatis
3172 4430 3443 4501 ingressus
3468 4441 3772 4509 ecclesiam,
3804 4447 3858 4501 in

2292 4518 2394 4575 qua
2428 4507 2622 4562 divinis
2655 4510 2950 4568 vacabatur
2995 4516 3200 4584 olliciis,
3237 4539 3488 4592 perosum
3521 4531 3622 4586 sibi
3654 4535 3859 4592 violen-

3965 3343 4177 3394 dcsiuiz.
4216 3343 4373 3394 Salvo
4404 3359 4594 3412 nempe
4624 3342 4713 3396 illo
4750 3344 4974 3398 terribili
5009 3345 5061 3398 in
5093 3345 5272 3400 mundi
5304 3346 5409 3402 line
5430 3346 5521 3416 ju-

3964 3435 4120 3495 dicio,
4154 3449 4294 3487 nunc
4327 3435 4489 3486 etiam
4517 3435 4854 3503 omnipotens
4887 3435 5026 3489 Deus
5068 3451 5173 3490 non
5210 3437 5364 3490 modo
5397 3451 5520 3492 cru-

3963 3526 4101 3579 delia
4131 3526 4382 3594 qnzelibet
4411 3525 4576 3589 facta,
4611 3527 4705 3578 sed
4740 3534 4792 3580 et
4819 3526 5070 3596 superba,
5096 3526 5208 3580 sive
5235 3526 5520 3597 sacrilega,

3959 3626 4114 3684 prout
4141 3617 4358 3685 dignum
4387 3625 4489 3678 est,
4513 3615 4792 3670 ulciscitur
4818 3617 4999 3671 verba.
5028 3615 5326 3670 Vindicavit
5352 3617 5521 3688 siqui-

3963 3709 4100 3769 dem,
4128 3707 4267 3775 quod
4298 3707 4609 3760 Batthassar
4639 3722 4791 3762 sacra
4814 3722 4942 3762 vasa
4965 3708 5284 3763 temulentus
5306 3709 5521 3782 indigne

3962 3797 4214 3849 tractavit
4243 3795 4399 3865 (Dan.
4427 3796 4516 3866 v);
4551 3811 4650 3851 nec
4674 3797 4880 3853 dimisit
4903 3798 5153 3863 inultum,
5176 3799 5317 3868 quod
5342 3798 5517 3856 Nabuo

3961 3885 4297 3939 chodonosor
4345 3894 4663 3954 arroganter
4717 3885 4857 3940 elata
4903 3887 5068 3942 verba
5125 3887 5457 3958 deprompsit
5501 3907 5516 3944 :

3966 3992 3984 4024 ι
4024 3971 4232 4038 Nonne,
4263 3975 4455 4045 inquit,
4487 3976 4600 4028 hzec
4628 3984 4712 4030 est
4735 3974 4969 4048 Babylon
4994 3992 5204 4048 magna,
5233 3994 5392 4049 quam
5418 3996 5519 4052 ego

3960 4066 4221 4120 aedificavi
4270 4067 4323 4120 in
4369 4067 4584 4122 domum
4630 4069 4800 4139 regni,
4847 4071 4901 4124 in
4947 4071 5138 4126 robore
5184 4071 5519 4130 fortitudinls

3962 4172 4124 4221 meae,
4160 4166 4214 4211 et
4243 4158 4294 4210 in
4325 4158 4491 4226 gloria
4521 4159 4732 4214 decoris
4759 4160 4898 4214 mei?
4925 4180 4944 4213 ι
4979 4161 5139 4231 (Dan.
5171 4163 5268 4233 tv.)
5295 4163 5362 4217 Et
5389 4179 5519 4220 ecce

3961 4249 4097 4302 sicut
4124 4249 4382 4318 propheta
4423 4258 4671 4316 testatur,
4709 4265 4830 4304 cum
4873 4251 5047 4308 adhuc
5075 4266 5251 4309 sermo
5289 4266 5436 4311 esset
5467 4258 5518 4310 in

3961 4352 4055 4392 ore
4083 4340 4248 4410 regis,
4276 4354 4381 4394 vox
4420 4340 4486 4393 de
4516 4339 4654 4394 caelo
4684 4341 4825 4394 ruit:
4865 4359 4884 4391 ‹
4929 4342 5047 4398 Tibi
5081 4343 5293 4410 dicitur,
5333 4343 5516 4400 Nabu-

3959 4430 4298 4485 chodonosor
4350 4445 4444 4485 rex
4465 4471 4480 4496 ,
4532 4446 4752 4503 regnum
4787 4434 4980 4488 transit
5008 4448 5038 4488 a
5066 4443 5137 4500 te,
5164 4444 5217 4488 et
5247 4433 5314 4488 ab
5344 4435 5518 4490 homi-

3961 4522 4118 4577 nibus
4168 4530 4219 4575 te
4270 4521 4506 4592 ejicient,
4561 4531 4632 4590 et,
4659 4539 4782 4578 cum
4828 4525 5034 4590 bestiis,
5058 4533 5218 4594 atque
5242 4524 5369 4580 feris
5411 4527 5517 4582 erit

2293 4605 2376 4652 ter
2403 4599 2674 4655 hominem
2706 4604 2869 4672 cepit,
2907 4621 2972 4662 ac
3000 4610 3224 4668 vinculis
3249 4617 3542 4676 crudeliter
3586 4629 3861 4697 mancipa-
3887 4612 3936 4671 υ
3964 4614 4222 4669 ιιδδίιθιίο
4250 4623 4338 4668 Wa
4382 4613 4524 4684 (Ῐθίά

3283 4617 3542 4676 rndeliter
3586 4629 3861 4697 mancipa-
3887 4612 3936 4671 D
3964 4614 4222 4669 habitatio
4250 4623 4338 4668 tua
4382 4613 4592 4684 (Ibid.).
4628 4635 4647 4667 ι
4685 4615 4902 4672 Punivit
4956 4626 5215 4686 praeterea
5258 4615 5515 4673 Dominus

2292 4686 2387 4739 vit.
2423 4685 2590 4754 Quem
2626 4690 2753 4759 quia
2781 4708 2915 4748 nova
2960 4704 3318 4772 praesumpsit,
3352 4723 3491 4763 novo
3520 4710 3660 4768 Deus
3692 4719 3859 4772 omni-

2290 4785 2483 4846 potens
2529 4779 2793 4848 supplicio
2843 4785 3236 4846 condemnavit.
3293 4793 3426 4850 Nam
3471 4815 3595 4854 cum
3642 4819 3856 4862 sensum

2290 4869 2509 4935 mentis,
2538 4870 2592 4925 in
2623 4883 2884 4942 quantum
2917 4879 3049 4933 mihi
3080 4881 3312 4950 videtur,
3347 4887 3613 4960 integrum
3657 4905 3856 4964 teneat,

2294 4971 2481 5014 omnes
2513 4974 2635 5016 eum
2665 4971 2919 5034 tanquam
2968 4983 3248 5039 vesanum,
3295 4978 3652 5048 exinanitum,
3697 4995 3859 5056 atque

2295 5045 2601 5102 dementem
2615 5064 2935 5121 conspunnt,
2951 5056 3227 5127 abjiciunt,
3252 5071 3303 5118 et
3325 5045 3672 5136 exprobrant.
3697 5045 3852 5147 591

2296 5136 2531 5194 llalitum
2575 5142 2774 5214 quippe
2813 5146 2952 5215 ejus,
2981 5149 3132 5218 juxta
3170 5159 3443 5224 querelam
3483 5161 3548 5216 Β.
3585 5136 3863 5223 Job'uxm'

2293 5231 2549 5286 exhorret
2571 5232 2692 5302 (Job
2733 5234 2870 5304 nx),
2897 5251 3125 5309 eumque
3145 5245 3289 5301 velut
3312 5253 3652 5320 arreptitium
3681 5273 3851 5314 nurus

2294 5320 2555 5388 explodit,
2605 5322 2670 5377 ad
2716 5339 2990 5390 mensam,
3041 5331 3156 5387 sive
3197 5335 3519 5408 colloquium
3567 5342 3707 5399 filius
3751 5362 3856 5402 non

2297 5411 2552 5475 admittit,
2576 5422 2824 5470 avertunt
2844 5418 3032 5475 oculos
3054 5419 3261 5491 famuli,
3287 5428 3643 5500 dedignantur
3670 5438 3856 5504 amici,

2296 5500 2543 5566 clientes,
2568 5501 2788 5569 milites,
2818 5506 3004 5565 aﬂines
3027 5520 3188 5583 atque
3214 5518 3495 5588 propinqui
3527 5540 3540 5576 :
3571 5500 3858 5597 episcopus

2294 5592 2457 5645 etiam
2500 5593 2756 5660 civitatis,
2785 5605 2858 5662 et,
2893 5609 2950 5653 ut
2985 5608 3362 5674 compendiose
3399 5592 3859 5688 cunctaicomple-

2298 5689 2434 5745 ctar,
2465 5686 2639 5739 omnis
2665 5686 2844 5744 clerus
2878 5699 2931 5745 et
2969 5697 3324 5768 populusjam
3360 5701 3474 5759 fere
3501 5721 3595 5774 per
3622 5686 3859 5766 duoden-

2299 5771 2443 5828 nium
2471 5775 2803 5835 arbitrantur
2830 5795 2949 5838 eum
2980 5792 3171 5848 mentis
3194 5794 3446 5867 impotem
3479 5808 3532 5854 et
3571 5815 3854 5873 vesanum,

3961 4704 4278 4759 Sedechiam
4318 4720 4499 4776 regem
4526 4704 4680 4772 Juda,
4711 4707 4801 4775 qui
4828 4721 4924 4777 per
4947 4706 5206 4777 reprobos
5235 4715 5382 4760 actus
5418 4707 5513 4761 Dei

3961 4795 4272 4850 mandatum
4318 4796 4639 4866 contempsit
4686 4795 4772 4867 (II
4815 4795 4946 4851 Par.
4983 4796 5187 4870 xxx").
5231 4796 5382 4853 Ultus
5431 4806 5513 4852 est

3961 4887 4121 4940 etiam
4159 4888 4423 4942 Ananiam
4453 4889 4788 4957 prophetam,
4835 4903 4940 4943 non
4972 4888 5096 4958 quia
5125 4887 5328 4942 malum
5359 4886 5506 4953 fecit,

3961 4978 4052 5032 sed
4079 4979 4200 5046 quia
4225 4979 4563 5032 mendacium
4589 4977 4830 5048 protulit.
4861 4978 4958 5040 Cui
4986 4979 5245 5034 Jeremias
5271 4994 5286 5032 :
5324 4998 5343 5030 ι
5372 4978 5504 5043 Non,

3965 5067 4154 5137 inquit,
4186 5069 4334 5123 misit
4365 5077 4416 5122 te
4441 5069 4718 5133 Dominus,
4747 5077 4803 5124 et
4831 5078 4885 5124 tu
4912 5069 5180 5125 conlidere
5212 5067 5385 5125 fecisti
5411 5085 5506 5139 po-

3963 5161 4143 5229 pulum
4173 5161 4332 5216 istum
4363 5162 4414 5215 in
4450 5161 4751 5228 mendacio,
4781 5162 4979 5218 idcirco
5011 5164 5123 5218 haec
5165 5161 5294 5217 dicit
5327 5160 5503 5216 Domi-

3963 5267 4060 5308 nus
4091 5271 4104 5306 :
4151 5251 4288 5307 Ecce
4323 5255 4530 5308 mittam
4565 5264 4618 5310 te
4644 5270 4675 5308 a
4700 5253 4836 5310 facie
4866 5264 5020 5311 terra;
5045 5272 5058 5306 :
5088 5256 5190 5310 hoc
5225 5268 5365 5310 anno
5390 5266 5503 5308 mo-

3960 5345 4118 5401 rieris
4147 5343 4279 5414 (Jer.
4314 5344 4527 5417 xxvnt).
4564 5366 4582 5400 ι

4473 5434 4631 5506 593
4661 5434 4886 5492 CAPUT
4913 5435 5000 5490 tv.

4034 5527 4218 5582 Clerici
4245 5528 4516 5597 pugnacis,
4543 5527 4811 5582 insolentis
4845 5536 4892 5582 et
4922 5527 5203 5596 blasphemi
5232 5527 5412 5580 mdes.

4029 5618 4190 5674 Novis
4233 5618 4466 5691 [Nostris
4495 5616 4562 5691 [.]
4592 5634 4805 5689 quoque
4843 5618 5168 5689 temporibus
5195 5618 5403 5679 accidit,
5446 5621 5500 5666 ut

3960 5710 4014 5765 in
4043 5711 4360 5782 Burgundize
4393 5725 4557 5781 regno
4581 5711 4797 5782 quidam
4825 5710 5052 5765 clericus
5076 5717 5218 5763 esset
5245 5708 5499 5778 superbus

3960 5803 4120 5860 nimis
4146 5818 4209 5858 ac
4238 5803 4474 5859 tumidus
4503 5815 4518 5856 :
4552 5810 4606 5858 et
4646 5817 4751 5859 non
4777 5801 4934 5861 modo
4964 5801 5162 5859 carnali
5193 5801 5315 5859 vita:
5342 5811 5499 5856 secu-
