5664 6628
731 435 833 494 577

1497 425 1737 484 OPUSC.
1780 425 2020 482 XXXIV.
2058 455 2127 465 —
2169 424 2255 478 DE
2297 422 2529 480 VARUS
2571 421 2900 480 MIRACUL.
2947 422 3255 480 NARRAT.

3917 419 4027 479 578

733 539 925 595 lariter
953 540 1194 606 deditus,
1228 542 1320 594 sed
1344 547 1398 594 et
1431 547 1618 592 contra
1651 553 1806 590 suum
1839 536 2084 589 ordinem
2115 535 2329 587 terribi-
2360 544 2406 600 Α
2438 540 2574 590 facie
2608 538 2846 591 inimici?
2886 557 2900 587 ι
2932 537 3104 606 (Paul.
3161 536 3274 601 ιχ.)
3333 536 3470 592 Huic
3503 537 3650 591 enim
3699 534 4029 606 expositioni

733 631 859 685 liter
885 632 1201 686 bellicosus.
1245 633 1343 685 llic
1371 617 1555 700 itaque
1593 647 1715 685 cum
1746 629 2032 683 ecclesiam
2073 629 2131 680 11,
2182 627 2325 679 Slau-

729 726 844 780 ritii
881 727 1074 780 multis
1105 726 1362 796 inclytam
1393 726 1630 794 prrediis,
1679 725 1790 778 suis
1831 722 2127 776 ditiouibus
2168 737 2321 773 usur-

726 824 919 886 paret;
947 826 1146 888 potens
1172 825 1352 871 autem
1377 818 1595 885 quidam
1618 833 1648 871 e
1676 817 1889 868 diverso
1913 815 1992 867 sui
2019 814 2155 880 juris
2184 829 2324 879 esse,

726 922 834 961 non
865 907 986 962 sine
1015 923 1214 976 magna
1243 907 1428 960 livoris
1454 919 1616 976 atque
1640 905 1953 959 certaminis
1978 907 2325 972 animositate

727 995 1117 1062 contenderet,
1151 997 1370 1052 tandem
1413 997 1536 1051 belli
1583 998 1698 1051 dies
1743 1008 1971 1065 utroque
2013 997 2324 1066 paciscente

725 1088 1016 1153 statuitur,
1051 1101 1107 1143 et
1145 1105 1176 1156 _a
1219 1088 1402 1143 multis
1435 1089 1562 1142 hinc
1609 1090 1732 1142 inde
1768 1089 2114 1142 frementium
2147 1103 2318 1142 arma-

725 1187 910 1233 torum
967 1180 1280 1250 agminibus
1327 1182 1672 1234 convenitur.
1731 1181 1930 1233 Potens
1981 1187 2161 1233 autem
2215 1178 2327 1242 ille,

724 1287 891 1343 quem
927 1273 1190 1338 diximus,
1235 1274 1481 1328 nuntium
1511 1275 1575 1327 ad
1608 1273 1822 1328 hostilia
1868 1283 2046 1326 castra
2097 1273 2326 1338 direxit,

723 1364 816 1432 qui
853 1374 910 1417 et
940 1372 1269 1434 apparatum
1313 1363 1436 1418 belli
1478 1364 1663 1418 solerti
1698 1363 2068 1433 speculatione
2100 1378 2331 1431 perpen-

723 1453 901 1520 deret,
937 1470 1004 1509 ac
1035 1454 1145 1509 sibi
1186 1439 1439 1509 celeriter
1478 1456 1774 1508 nuntiaret.
1810 1454 1973 1509 Forte
2010 1463 2138 1508 tunc
2169 1454 2327 1506 cleri-

721 1561 820 1600 cus
874 1546 1112 1600 missam
1157 1560 1279 1600 cum
1333 1546 1440 1609 his,
1494 1547 1585 1615 qui
1638 1546 1947 1600 dimicaturi
1987 1554 2163 1608 erant,
2217 1545 2330 1598 suis

723 1633 1041 1690 fautoribus
1075 1633 1352 1688 audiebat.
1402 1634 1644 1704 Cumque
1689 1637 1756 1689 ad
1799 1635 2150 1703 Evangelium
2186 1635 2332 1687 veni-

723 1732 899 1789 retur,
934 1725 990 1778 in
1025 1723 1137 1776 fine
1177 1722 1374 1778 lectum
1405 1733 1487 1778 est
1527 1743 1538 1776 :
1587 1743 1602 1775 ι
1639 1723 1829 1778 Omnis
1859 1725 1948 1793 qui
1999 1739 2057 1777 se
2102 1724 2328 1788 exaltat,

725 1815 1149 1880 humiliabitur;
1177 1824 1232 1867 et
1252 1815 1343 1884 qui
1369 1830 1427 1870 se
1451 1815 1720 1879 humiliat,
1749 1815 2078 1870 exaltabitur
2101 1815 2320 1881 (Manli.

722 1921 898 1972 mn;
931 1904 1073 1960 Luc.
1114 1917 1227 1971 xtv,
1266 1907 1444 1976 xvm).
1491 1926 1507 1956 ι
1543 1905 1692 1961 Illico
1714 1907 1948 1961 clericus
1983 1908 2037 1960 in
2074 1907 2214 1959 hanc
2239 1922 2323 1959 sa-
2353 1903 2403 1962 Β

724 1994 988 2066 crilegam
1029 2010 1226 2050 vocem
1260 2004 1546 2063 protervus
1580 1998 1760 2065 erupit
1806 2015 1817 2048 :
1854 1995 1999 2060 "me,
2046 1996 2316 2066 inquiens,

727 2086 1006 2140 sententia
1036 2100 1164 2138 vera
1198 2101 1305 2138 non
1333 2095 1442 2150 est;
1477 2102 1602 2138 nam
1632 2087 1674 2139 si
1711 2102 1808 2155 ego
1841 2103 1924 2140 me
1951 2089 2092 2140 meis
2121 2089 2323 2140 adver-

725 2175 888 2231 sariis
938 2174 1230 2229 humiliter
1273 2175 1640 2240 inclinassem,
1692 2176 1852 2230 hodie
1903 2186 1978 2230 tot
2025 2178 2327 2247 possessio-

726 2281 854 2320 num
879 2276 1050 2337 atque
1075 2266 1352 2321 clientium
1405 2268 1590 2336 copias
1615 2283 1719 2320 non
1747 2267 2024 2321 haberem.
2052 2269 2326 2322 Reversus

727 2367 910 2412 autem
940 2359 1406 2413 nuntiusdomino
1433 2375 1529 2413 suo
1552 2358 1784 2412 fideliter
1808 2360 2016 2422 retulit,
2037 2375 2141 2413 non
2166 2360 2326 2414 modo

730 2451 871 2518 quod
921 2451 976 2504 in
1017 2450 1199 2506 bellici
1231 2451 1546 2520 procinctus
1586 2462 1846 2522 apparatu
1883 2453 2188 2522 conspexit,
2234 2454 2327 2506 sed

728 2542 830 2599 hoc
861 2545 1032 2598 etiam
1061 2545 1206 2614 quod
1234 2545 1288 2598 in
1315 2560 1408 2599 ore
1438 2545 1623 2600 clerici
1662 2546 1866 2599 tumide
1924 2545 2194 2613 loquentis
2232 2562 2327 2598 au-

730 2637 881 2694 divit.
915 2639 1072 2694 Tune
1103 2638 1191 2694 ille
1219 2639 1480 2710 plaudens
1509 2639 1564 2692 in
1610 2638 1838 2693 Domino
1880 2637 2032 2691 laetus
2071 2636 2324 2701 efficitur,

731 2739 895 2801 atque
926 2733 995 2788 ad
1027 2748 1178 2802 spem
1208 2732 1396 2802 procul
1422 2732 1586 2786 dubio
1609 2732 1916 2785 obtinenda:
1950 2730 2192 2784 victoria:
2226 2730 2324 2781 mi-

733 2821 856 2879 lites
912 2824 1262 2879 cohortatur.
1321 2823 1674 2894 Couglobatis
1731 2823 1915 2890 itaque
1986 2821 2328 2875 diversorum

734 2915 916 2969 cuneis
945 2922 1309 2978 armatorum,
1345 2929 1410 2966 ex
1439 2921 1668 2981 utraque
1698 2921 1851 2982 parte
1875 2927 2051 2980 pugna
2080 2909 2331 2964 commit-

735 3002 890 3069 titur,
924 3005 1074 3060 vires
1108 3005 1317 3058 viribus
1365 3013 1730 3073 opponuntur,
1782 3004 2063 3077 depressa.
2099 3002 2327 3055 telorum

736 3093 867 3148 silva
897 3095 1212 3164 deponitur,
1245 3105 1299 3148 et
1326 3094 1578 3148 humanis
1601 3091 1801 3146 inﬂicta
1828 3093 2148 3160 corporibus
2171 3107 2321 3144 arma

741 3196 1074 3257 grassantur.
1116 3184 1363 3240 Habebat
1407 3193 1585 3239 autem
1629 3182 1859 3238 clericus
1899 3198 2115 3252 equam,
2167 3199 2328 3252 quant

2433 632 2605 700 ipsum
2656 648 2870 700 quoque
2922 632 3066 685 Siloe
3116 648 3308 685 nomen
3354 631 3641 700 adgaudet.
3676 629 3822 683 Siloe
3857 627 4032 699 siqui-

2433 723 2552 776 dem
2603 723 3012 792 interpretatur,
3060 724 3270 777 missus.
3315 721 3469 777 Haud
3514 721 3734 776 dubium
3783 722 3911 789 quin
3959 719 4033 776 sit

2433 817 2540 880 ille,
2576 818 2664 886 qui
2697 818 2870 870 dicit:
2922 837 2937 865 τ
2982 817 3082 882 Qui
3128 831 3215 869 me
3246 815 3416 880 misit,
3464 828 3678 868 mecum
3709 820 3791 866 est
3837 811 4025 882 (Joan.

2432 911 2575 977 vtu).
2614 929 2629 958 ›
2666 909 2731 962 Et
2764 908 2835 961 ibi
2861 924 3038 960 CLL’CUS
3067 924 3093 960 a
3125 906 3409 960 nativitate
3437 907 3618 960 lumen
3649 903 3847 973 accipit
3869 904 3937 958 ab
3959 917 4027 959 eo

2431 1001 2521 1069 qui
2553 1001 2627 1053 ait
2671 1017 2682 1050 :
2731 1017 2749 1049 ‹
2794 1000 2907 1070 Ego
2939 1015 3058 1054 sum
3097 998 3186 1053 lux
3226 998 3413 1052 mundi
3449 997 3667 1066 (Matth.
3713 998 3849 1063 xxi).
3895 1014 3912 1045 ι
3947 994 4028 1050 De

2431 1106 2559 1146 casu
2613 1092 2768 1146 istius
2800 1091 2966 1144 turris
3009 1090 3135 1143 alibi
3172 1091 3271 1143 sub
3312 1090 3480 1158 figura
3520 1088 3722 1141 dicitur
3762 1081 3960 1155 lapidis
4008 1103 4023 1140 :

2439 1201 2458 1234 ι
2519 1183 2708 1236 Omnis
2758 1184 2848 1251 qui
2903 1181 3160 1235 ceciderit
3217 1195 3383 1250 super
3420 1178 3568 1232 illum
3621 1176 4027 1247 confringetur,

2433 1290 2592 1343 supra
2627 1289 2789 1343 quem
2830 1288 2958 1327 vero
2987 1271 3268 1334 ceciderit,
3303 1278 3550 1325 conteret
3580 1284 3727 1322 elllll.
3782 1287 3799 1320 ι
3850 1261 4032 1337 Super

2434 1367 2574 1420 hanc
2602 1365 2820 1434 turrim,
2854 1364 2965 1417 sive
3003 1363 3259 1426 lapidem,
3297 1359 3442 1414 cadit
3478 1362 3661 1422 homo,
3697 1368 3858 1428 atque
3898 1374 4028 1413 con-

2433 1457 2710 1526 fringitur,
2747 1473 2868 1511 cum
2901 1471 2998 1526 per
3040 1454 3393 1524 tragilitatem
3423 1452 3662 1522 aliquam
3693 1461 3906 1520 peccat,
3932 1449 4032 1506 sed

2433 1548 2548 1615 ejus
2584 1564 2746 1617 super
2787 1564 2844 1602 se
2890 1547 3041 1601 rttiua
3083 1545 3404 1607 conteritur,
3455 1559 3577 1598 cum
3635 1542 3869 1612 superbe
3917 1541 4034 1596 bla-

2434 1641 2702 1708 sphemat.
2751 1640 2942 1693 'l‘urris
2987 1654 3117 1708 ergo
3166 1637 3314 1692 Siloe
3367 1651 3529 1706 super
3580 1637 3726 1690 hunc
3767 1633 4029 1689 clericum

2437 1729 2660 1791 cecidit,
2707 1739 2759 1782 et
2805 1730 2947 1784 sicut
2993 1726 3422 1797 blasphemando
3473 1735 3772 1790 meruerat,
3805 1723 4030 1779 omnino

2439 1822 2713 1875 contrivit.

3064 1909 3291 1965 CAPUT
3319 1908 3382 1962 ν.

2433 2001 2584 2069 Quod
2635 2002 2778 2055 Deus
2831 2001 3033 2054 nullum
3084 2011 3356 2071 peccatum
3397 1999 3711 2068 impunitum
3761 1999 4036 2069 relinquit.

2503 2094 2718 2162 litquid
2759 2093 2978 2154 mirum,
3010 2092 3052 2144 si
3093 2091 3283 2160 gravia
3310 2107 3408 2144 nos
3460 2099 3683 2160 peccata
3743 2087 4038 2146 tormentis

2431 2185 2706 2248 addicaut,
2733 2200 2857 2238 cum
2897 2184 3094 2236 subtile
3125 2182 3215 2236 Dei
3247 2182 3514 2251 judicium
3559 2183 3825 2251 impunita
3868 2182 4039 2237 etiam

2432 2279 2652 2331 minima
2683 2294 2786 2330 non
2822 2277 3130 2345 relinquat?
3165 2277 3277 2330 lmo
3309 2275 3441 2345 quid
3475 2290 3698 2341 novum,
3722 2276 3766 2330 si
3793 2275 4038 2344 reprobat

2431 2366 2722 2421 locutionis
2771 2367 3118 2435 sacrilegium
3177 2367 3424 2430 damnat,
3482 2381 3603 2420 cum
3661 2367 3775 2436 ipsa
3823 2381 4040 2437 quoque

2431 2458 2609 2511 laudis
2650 2475 2760 2511 sua:
2816 2459 3107 2527 pra-conia,
3170 2458 3273 2512 nisi
3323 2456 3483 2528 digne
3533 2458 3644 2511 sint
3697 2458 4038 2528 deprompta,

2432 2550 2789 2602 contemnat?
2845 2550 3069 2603 Adraldi
3113 2563 3306 2619 nempe
3367 2549 3650 2618 [.u'udentis
3700 2560 3754 2604 et
3799 2549 4040 2620 religiosi

2430 2637 2555 2697 viri.
2591 2640 2681 2706 qui
2721 2639 3058 2692 Bremetensi
3091 2641 3378 2708 prwminet
3427 2641 3762 2696 monasterio
3795 2682 3808 2706 ,
3875 2641 4039 2696 didici

2433 2728 2699 2782 relatione
2728 2730 2872 2796 quod
2904 2730 3107 2794 scribo,
3159 2731 3302 2798 quod
3347 2731 3513 2784 etiam
3561 2732 3788 2785 inditum
3838 2731 4043 2789 litteris

2432 2834 2554 2874 esse
2575 2821 2810 2874 dicebat.
2857 2820 3122 2884 Clericus,
3175 2823 3372 2892 inquit,
3410 2822 3752 2877 Coloniensis
3787 2822 4045 2878 Ecclesia)

2431 2910 2627 2963 vadum
2661 2911 2901 2965 fluminis
2926 2912 3216 2977 transibat,
3244 2922 3298 2966 et
3321 2928 3448 2966 ecce
3492 2913 3685 2967 bcatus
3735 2912 4039 2970 Severinus

2433 3001 2670 3068 ejusdem
2701 3002 2956 3056 Ecclesia:
2987 3019 3160 3072 nuper
3187 3004 3496 3073 episcopus,
3526 3005 3652 3073 equi
3696 3003 3813 3073 ejus
3865 3005 4036 3060 hahe-

2433 3108 2530 3146 nas
2565 3094 2948 3162 apprehendit,
2979 3110 3211 3163 eumque
3252 3097 3515 3159 retinens,
3572 3097 3738 3150 sistit.
3795 3097 4041 3166 Cumque

2435 3185 2524 3240 ille
2563 3188 2614 3240 in
2645 3197 2921 3256 stuporem
2950 3204 3161 3253 versus,
3190 3198 3244 3243 et
3292 3189 3535 3258 graviter
3567 3189 3890 3254 admiratus,
3941 3205 4041 3245 cur

738 3277 985 3332 videlicet
1033 3276 1376 3346 praeliaturus
1419 3277 1758 3339 ascenderat,
1814 3283 1975 3327 tanta:
2023 3271 2328 3329 velocitﬁts
2359 3245 2403 3309 Ο
2437 3275 2545 3330 il'ic
2577 3287 2684 3330 tam
2711 3278 2888 3332 clarus
2915 3287 2968 3331 et
2999 3287 3105 3331 tam
3146 3277 3378 3332 celebris
3421 3275 3579 3330 fama:
3616 3278 3702 3332 vir
3732 3287 4040 3334 moraretur

741 3388 802 3428 ac
827 3372 1060 3438 roboris,
1087 3379 1148 3425 ut
1176 3369 1354 3424 nullus
1378 3369 1479 3424 sibi
1503 3369 1780 3423 videretur
1805 3384 1998 3436 equus,
2028 3377 2121 3420 aut
2147 3368 2325 3429 mulus

741 3465 808 3519 ad
835 3462 1204 3520 dimicandum
1236 3477 1396 3531 posse
1437 3459 1706 3530 praeferri.
1757 3458 1921 3524 Casu,
1960 3458 2070 3513 imo
2098 3459 2210 3513 Deo
2250 3459 2329 3516 di-

742 3570 1019 3629 sponente,
1052 3558 1376 3630 contigerat,
1408 3557 1550 3627 quod
1581 3557 1905 3626 praecedenti
1937 3556 2329 3624 noctejumeu-

743 3661 852 3707 tum
880 3653 1010 3707 illud
1044 3650 1260 3707 stabulo
1300 3649 1533 3704 solutum
1565 3647 1908 3711 abscederet,
1956 3662 2324 3715 acervumque

742 3743 866 3799 salis
894 3743 1200 3808 inveniens,
1221 3757 1290 3796 ex
1312 3755 1376 3794 eo
1402 3739 1693 3810 plurimum
1722 3738 2054 3792 comederet.
2086 3737 2329 3792 Clericus

744 3833 920 3904 itaque
949 3837 1079 3890 dum
1111 3835 1164 3887 in
1195 3833 1311 3887 acie
1340 3831 1668 3885 constitutus
1705 3845 1868 3896 super
1899 3844 2054 3897 aquae
2093 3828 2327 3882 rivulum

745 3924 1042 3988 deveniret,
1071 3923 1255 3992 ibique
1281 3920 1530 3976 cominus
1551 3919 1953 3973 adversantium
1980 3919 2147 3972 armis
2172 3933 2327 3970 arma

745 4013 1036 4078 conferret,
1060 4011 1386 4081 jutnentum,
1426 4018 1486 4064 ut
1535 4018 1654 4062 erat
1694 4007 1956 4077 assumpti
1999 4008 2130 4060 salis
2174 4009 2328 4075 copia

746 4103 1098 4167 sitibundum,
1126 4100 1338 4155 frenum
1369 4101 1433 4154 de
1477 4114 1640 4152 manu
1673 4097 1904 4152 rectoris
1931 4096 2194 4150 violenter
2230 4113 2326 4150 ex-

745 4197 918 4264 torsit,
957 4197 1178 4266 suisque
1223 4194 1632 4248 toturmviribus
1671 4191 1986 4257 vindicavit,
2030 4207 2095 4246 ac
2130 4201 2328 4260 priesto

745 4296 902 4354 caput
944 4287 1002 4340 in
1045 4299 1244 4355 aquam
1285 4285 1352 4337 ad
1391 4284 1684 4338 bibendum
1731 4282 2003 4336 inliianter
2036 4282 2323 4335 immersit.

744 4372 835 4430 Ille
863 4391 1016 4440 vero,
1049 4375 1175 4430 dum
1206 4390 1268 4430 ea
1305 4389 1490 4438 manu,
1538 4388 1645 4442 qua
1685 4380 1898 4425 scutum
1936 4370 2176 4435 tenebat,
2205 4385 2330 4424 cum

741 4460 985 4530 iumento
1016 4463 1274 4536 conﬂigit,
1312 4463 1600 4518 hostilibus
1629 4460 1827 4529 jaculis
1863 4460 2057 4514 faciem
2107 4473 2331 4515 coactus

747 4557 965 4623 exponit
1006 4572 1019 4608 :
1066 4562 1123 4609 et
1149 4569 1277 4610 ecce
1314 4563 1533 4622 repente
1571 4552 1782 4622 gladius
1822 4566 1884 4605 os
1920 4549 2038 4617 ejus
2086 4547 2329 4605 fulminis

750 4659 891 4701 more
939 4644 1235 4710 transﬁxit,
1278 4643 1483 4713 talique
1525 4641 1609 4697 vir
1656 4642 1920 4712 reprobus
1962 4641 2126 4693 vitam
2173 4656 2326 4694 suam

749 4736 849 4792 fine
878 4737 1165 4794 conclusit.
1207 4736 1252 4792 Ο
1279 4752 1442 4805 quam
1477 4751 1715 4807 congrue
1755 4736 1808 4789 in
1841 4734 1929 4788 illa
1960 4733 2182 4804 pertulit
2210 4749 2330 4788 cor-

748 4829 890 4896 poris
921 4839 1078 4900 parte
1113 4829 1429 4892 vindictam,
1470 4843 1576 4897 qua
1605 4826 1743 4897 nigri
1772 4825 1914 4879 fellis
1943 4825 2000 4878 in
2038 4825 2330 4878 Dominum

750 4931 1026 4976 vomuerat
1045 4921 1464 4990 blasphemiam!
1493 4919 1562 4973 Et
1590 4934 1712 4974 cum
1734 4917 2014 4988 Propheta
2029 4917 2096 4972 de
2129 4915 2330 4970 talibus

752 5009 890 5067 dicat
920 5030 936 5068 :
977 5032 994 5066 ι
1030 5012 1148 5068 Filii
1182 5011 1462 5068 hominum
1493 5010 1684 5066 dentes
1717 5023 1905 5064 eorum
1933 5023 2106 5072 arma,
2146 5019 2200 5061 et
2243 5023 2330 5062 sa-

755 5102 914 5172 gittae,
942 5113 998 5160 et
1031 5104 1212 5176 lingua
1239 5118 1426 5158 eorum
1459 5101 1670 5172 gladius
1702 5108 1895 5156 acutus
1927 5099 2099 5171 (Psaf.
2132 5100 2272 5169 LVI);
2306 5117 2324 5149 ι

754 5194 842 5262 qui
874 5195 1108 5267 linguam
1136 5210 1289 5249 suam
1320 5203 1374 5249 et
1415 5194 1606 5248 dentes
1651 5193 1913 5248 adversus
1955 5192 2124 5246 Deum
2169 5191 2332 5261 gladii

757 5299 899 5342 more
921 5287 1176 5351 vibravit,
1213 5287 1373 5357 digne
1408 5299 1504 5355 per
1536 5284 1726 5338 eadem
1760 5283 2003 5338 membra
2035 5282 2333 5337 matcrialis

759 5375 908 5445 gladii
937 5393 1126 5449 prenas
1155 5377 1406 5433 exsolvit.
1444 5376 1605 5447 593
1628 5375 1718 5430 lsti
1751 5375 1913 5444 plane
1936 5376 2162 5445 contigit
2185 5374 2329 5444 quod

758 5466 1007 5527 Dominus
1031 5471 1082 5526 in
1109 5469 1404 5538 Evangelio
1431 5469 1565 5524 dicit
1594 5486 1607 5522 :
1645 5487 1663 5520 ι
1695 5468 1829 5536 Quia
1863 5483 2026 5537 super
2059 5469 2242 5522 decem
2276 5475 2332 5522 et

759 5571 873 5618 octo
918 5566 1165 5620 homines
1219 5563 1384 5618 turris
1433 5561 1579 5617 Siloe
1629 5562 1846 5626 cecidit,
1893 5569 1948 5616 et
1991 5561 2192 5616 occidit
2236 5575 2330 5617 eos

763 5650 901 5721 (Luc.
936 5659 1078 5724 xm).
1115 5675 1132 5708 ι
1181 5654 1350 5721 Quem
1384 5669 1515 5709 vero
1543 5655 1769 5725 mystice
1797 5653 1963 5708 turris
2006 5653 2095 5706 illa
2124 5653 2330 5724 signifi-

763 5752 860 5809 cat,
895 5747 994 5802 uisi
1025 5746 1172 5800 illum
1207 5745 1296 5800 cui
1325 5745 1611 5800 Psalmista
1643 5745 1896 5801 decantat
1938 5763 1949 5797 :
1990 5763 2008 5794 ι
2050 5743 2331 5798 Deduxisti

767 5848 862 5906 me,
905 5841 1030 5914 quia
1079 5839 1256 5896 factus
1291 5854 1350 5898 es
1378 5855 1505 5911 spes
1549 5856 1685 5910 mea,
1737 5839 1904 5897 turris
1934 5839 2268 5894 fortitudinis
2301 5855 2330 5896 a

2436 3368 2736 3438 inquireret
2767 3388 2777 3420 :
2810 3371 2883 3423 Da
2915 3371 3069 3433 mihi,
3095 3371 3192 3435 ait,
3218 3385 3435 3422 manum
3465 3378 3634 3433 tuam,
3666 3379 3722 3423 et
3745 3386 3866 3438 qua:
3883 3371 4032 3424 circa

2435 3472 2520 3511 me
2549 3466 2691 3521 sunt,
2736 3474 2842 3512 non
2868 3459 3057 3511 auditu
3091 3459 3262 3523 disce,
3295 3459 3389 3513 sed
3436 3468 3604 3512 tactu.
3649 3457 3896 3530 Cumque
3945 3459 4042 3516 da-

2434 3557 2546 3602 tam
2579 3563 2798 3602 manum
2827 3546 3080 3602 fluctibus
3102 3548 3394 3618 episcopus
3417 3548 3804 3616 impressisset,
3855 3555 4042 3606 tantus

2433 3653 2553 3691 eam
2582 3639 2745 3691 ardor
2774 3638 3080 3701 absorbuit,
3110 3647 3171 3692 ut
3203 3638 3441 3708 undique
3469 3653 3669 3694 carnes
3718 3638 3835 3706 ejus
3888 3653 4044 3697 reso-

2433 3730 2557 3785 lutzc
2587 3729 2913 3795 diffluerent,
2941 3741 2996 3785 et
3024 3747 3146 3786 ossa
3182 3733 3328 3786 nuda
3356 3735 3444 3786 vix
3467 3732 3800 3788 haerentibus
3827 3735 4035 3790 articu-

2432 3822 2501 3876 lis
2529 3829 2894 3876 remanerent.
2924 3823 3002 3876 Ad
3030 3838 3194 3891 quem
3220 3823 3474 3887 clericus,
3525 3823 3673 3894 [cum
3719 3823 3877 3897 adde]
3936 3840 4037 3881 no-

2433 3926 2578 3974 men,
2611 3911 2806 3979 inquit,
2836 3921 2985 3966 tuum
3027 3913 3079 3965 in
3133 3921 3282 3965 tanta
3346 3913 3726 3967 benedictione
3781 3915 3851 3968 sit
3898 3914 4039 3986 apud

2433 4017 2551 4062 nos,
2581 4011 2635 4055 et
2664 4001 2805 4054 fama
2837 4010 2924 4055 tua
2958 4001 3218 4056 consonis
3245 4001 3411 4057 totius
3436 4001 3694 4056 Ecelesuae
3746 4003 4041 4073 przeconiis

2433 4095 2759 4160 celebretur,
2792 4111 2889 4149 cur
2918 4105 2968 4149 te
3002 4095 3261 4164 pestilens
3293 4096 3408 4149 haec
3459 4110 3659 4165 vorago
3689 4096 4042 4169 constringit,

2434 4193 2710 4253 tantoque,
2735 4185 2871 4254 prob
2904 4185 3088 4240 dolOr!
3126 4184 3383 4240 incendio
3415 4185 3721 4240 cruciaris?
3760 4187 3850 4262 Ad
3874 4184 4036 4257 queui

2434 4287 2654 4332 sanctus
2693 4277 2980 4346 cpiscOpus
3015 4295 3026 4329 :
3060 4274 3222 4340 Nihil,
3251 4275 3351 4339 ait,
3377 4274 3523 4330 aliud
3568 4276 3620 4329 in
3653 4291 3740 4330 me
3775 4278 4041 4334 remansit

2433 4371 2639 4424 ultione
2671 4370 3036 4438 plectendum,
3068 4378 3268 4438 przctcr
3291 4371 3393 4423 hoc
3428 4378 3664 4432 tantum,
3722 4371 3846 4440 quia
3881 4372 4034 4440 dum,

2435 4461 2487 4515 in
2517 4462 2638 4517 aula
2669 4462 2819 4532 regia
2845 4462 3199 4525 constitutus,
3231 4461 3603 4530 imperialibus
3651 4476 3736 4515 me
3794 4464 4038 4521 consiliis

2434 4553 2788 4608 vehementer
2813 4552 3078 4622 implicui,
3129 4552 3409 4607 canonica:
3459 4552 3682 4622 synaxis
3730 4552 3902 4609 oflicia
3942 4570 4042 4625 per

2436 4646 2687 4701 distincta
2726 4647 2984 4699 horarum
3017 4645 3191 4713 spatia
3217 4661 3322 4699 non
3349 4647 3608 4714 persolvi.
3652 4647 3806 4700 Mane
3837 4649 4037 4718 quippe

2436 4740 2594 4795 simul
2621 4740 2802 4794 omnia
2836 4753 3186 4804 eoacervans,
3217 4747 3332 4792 tota
3361 4738 3448 4794 die
3478 4740 3707 4811 negotiis
3735 4740 4037 4810 ingruenti-

2437 4831 2542 4885 bus
2568 4845 2761 4884 secura
2793 4829 3049 4884 libertate
3073 4829 3358 4886 vacabam.
3407 4829 3489 4884 0b
3534 4829 3676 4886 hanc
3717 4831 3903 4902 itaque
3943 4847 4038 4888 ne-

2436 4921 2749 4992 gligentiam
2775 4920 3058 4983 horarum,
3091 4919 3303 4974 ardoris
3336 4918 3496 4987 hujus
3525 4919 3642 4974 fero
3685 4923 4034 4990 supplicium.

2435 5009 2516 5065 Tu
2554 5025 2683 5065 vero
2705 5009 3093 5079 omnipotentis
3113 5010 3206 5064 Dei
3232 5009 3577 5064 clementiam
3603 5011 3881 5065 humiliter
3934 5013 4040 5066 im-

2435 5103 2607 5173 plora,
2642 5112 2700 5157 ut
2723 5119 2944 5157 manum
2974 5112 3120 5156 tuam
3147 5103 3200 5156 in
3241 5102 3432 5157 salutis
3495 5103 3740 5174 pristinae
3787 5106 4041 5161 restituat

2437 5203 2656 5250 statum.
2693 5195 2846 5262 Quod
2869 5210 2992 5250 cum
3026 5194 3228 5248 factum
3256 5193 3485 5248 fuisset:
3524 5193 3688 5262 Vade,
3715 5196 3908 5266 inquit,
3939 5195 4038 5266 fili,

2435 5273 2660 5342 ofisccra
2693 5285 2892 5340 fratres
2938 5294 3156 5340 nostros
3185 5285 3446 5341 Ecclesiae
3500 5287 3756 5353 clericos,
3797 5297 3852 5342 et
3902 5286 4041 5344 alios

2437 5377 2746 5447 spirituales
2786 5375 2951 5449 594
2987 5377 3156 5439 viros,
3185 5385 3365 5445 utpro
3407 5393 3493 5432 me
3540 5392 3734 5447 preces
3786 5377 4038 5445 fundant,

2438 5467 2806 5538 indigentibus
2834 5466 3075 5522 subsidia
3112 5464 3415 5530 conferant,
3470 5468 3867 5523 sacrificiorum
3896 5469 4041 5525 votis

2436 5558 2711 5614 insistant.
2746 5556 2842 5611 His
2889 5557 3034 5612 enim
3067 5556 3326 5627 peractis,
3374 5571 3475 5628 ego
3527 5573 3648 5612 mox
3704 5557 3771 5612 de
3823 5559 4038 5615 vinculo

2436 5665 2612 5722 poenae
2631 5649 2792 5720 hujus
2831 5647 3201 5702 indubitanter
3250 5647 3536 5716 expediar,
3581 5657 3637 5702 et
3677 5646 4042 5719 exspectanti-

2437 5743 2540 5796 bus
2568 5756 2654 5796 me
2696 5740 2984 5796 beatorum
3041 5738 3242 5792 civium
3298 5736 3483 5791 choris
3535 5736 3692 5792 laetus
3750 5735 4036 5808 adjungar.

2439 5835 2593 5904 Quod
2613 5843 2764 5892 certe
2787 5846 3035 5903 magnam
3059 5830 3216 5886 nobis
3248 5830 3407 5886 debet
3432 5828 3640 5886 inferre
3666 5830 4040 5898 formidinem,
