5664 6756
117 6372 1411 6662 μς-
1752 5942 3409 6457 AW?

2181 449 2285 505 579

2638 445 2695 501 S.
2733 440 2933 499 PETRI
2971 437 3253 496 DAMIANI
3290 435 3440 492 OPP.
3464 430 3697 490 TOMUS
3729 428 3858 486 SEU
3900 427 4078 484 PARS
4116 426 4205 483 Ill.
4240 455 4309 467 —
4344 424 4708 483 OPUSCULA
4746 421 4975 479 VARIA.

5328 419 5428 478 580

2182 561 2307 631 quia
2347 573 2467 615 cum
2495 565 2741 612 sanctum
2775 556 2974 617 virum,
3000 552 3091 606 uni
3142 552 3311 621 culpa:
3353 550 3620 603 duntaxat
3667 546 3765 601 ob-
3795 552 3839 609 Α
3868 547 4071 605 homo,
4130 540 4223 594 Dei
4276 541 4524 595 ducimus
4586 538 4993 608 relinquendum
5041 550 5160 593 esse
5210 535 5426 605 judicio.

2184 652 2423 713 noxium,
2461 659 2566 701 tam
2598 645 2947 699 intolerabilis
2970 643 3263 712 purgatorii
3293 655 3448 710 paena
3482 638 3757 693 constrin-

2185 741 2342 802 xerit,
2377 752 2474 801 vae,
2498 751 2600 800 γε,
2630 750 2751 805 qua:
2778 735 2930 795 mihi,
2957 732 3199 799 meisque
3226 730 3494 783 similibus
3540 735 3625 780 est
3682 726 3763 779 in-

2185 828 2403 885 ferenda
2422 827 2712 889 sententia,
2729 838 2863 893 quos
2884 832 2963 876 tot
2977 831 3223 876 reatuum
3241 818 3523 890 prolixius
3538 816 3764 887 gravat?

2773 932 2999 989 CAPUT
3040 932 3125 984 \‘l.

2187 1030 2339 1097 Quod
2367 1030 2466 1083 Dei
2486 1027 2667 1081 Iaudes
2690 1027 2840 1096 {mdis
2865 1022 3260 1145 cogitationibus
3291 1036 3396 1073 non
3430 1022 3532 1074 sint
3590 1018 3764 1089 inqui-

2876 1113 2978 1145 nan
3021 1110 3083 1145 ιΒ.

2876 1110 3083 1147 uanam.

2256 1186 2641 1256 Distinguenda
2670 1194 2794 1241 sunt
2838 1199 2937 1254 ego
2987 1198 3084 1251 per
3139 1189 3409 1237 momenta
3462 1191 3763 1250 temporum

2182 1279 2569 1335 ecclesiasticae
2590 1275 2944 1332 institutionis
2978 1274 3174 1339 cilicia,
3198 1284 3252 1328 et
3283 1275 3385 1328 sub
3429 1287 3622 1342 magna
3676 1271 3760 1323 di-

2185 1371 2297 1426 vini
2325 1370 2552 1433 timoris,
2593 1382 2655 1421 ac
2678 1368 2994 1421 reverentiae
3020 1367 3244 1420 dicenda
3293 1374 3420 1420 sunt
3462 1363 3759 1432 disciplina,

2185 1476 2257 1516 ne
2292 1461 2417 1514 dum
2439 1458 2737 1528 psallimus,
2761 1457 2997 1513 fructum
3024 1459 3245 1527 spiritus
3287 1473 3409 1511 eum
3450 1454 3626 1509 carnis
3673 1455 3763 1507 de-

2188 1552 2327 1608 sidia
2361 1550 2706 1606 misceamus.
2732 1548 2869 1616 Quid
2907 1550 3051 1603 enim
3100 1548 3339 1617 prodest,
3383 1545 3612 1599 hostiam
3654 1544 3764 1597 Deo

2187 1644 2362 1700 laudis
2387 1642 2600 1705 oﬂ'erre,
2646 1650 2703 1696 et
2746 1656 2844 1711 per
2888 1650 3157 1709 torporem
3214 1638 3553 1709 negligentiae
3607 1636 3763 1690 foedis

2354 1732 2773 1802 cogitationibus
2826 1731 3145 1799 inquinare?
3197 1730 3347 1782 Hanc
3400 1743 3564 1797 porro
3618 1727 3760 1792 boni,

2195 1820 2431 1889 malique
2460 1822 2737 1873 misturam
2765 1818 2912 1874 locus
2941 1818 3028 1871 ille
3083 1818 3351 1885 signiﬁcat
3399 1815 3759 1885 evangelicus,

3938 632 3993 686 ln
4022 633 4126 686 hac
4150 631 4314 684 etiam
4343 645 4527 684 eremo
4555 628 4717 683 fontis
4745 627 5008 693 Avellani,
5040 628 5130 682 ubi
5169 646 5311 684 nunc
5340 631 5430 683 ha-

3863 725 3974 778 bito
4001 764 4013 785 ,
4058 724 4208 792 prior
4241 722 4460 791 quidam
4517 721 4737 785 fuerat,
4780 722 4997 776 nomine
5046 720 5297 789 Joannes,
5346 725 5431 791 qui

3864 814 4019 868 lentis
4041 815 4362 881 quibusdam
4388 813 4791 867 inﬁrmitatibus
4818 813 5135 867 macilentus
5158 814 5432 867 videbatur

3862 918 4073 972 semper
4097 912 4154 956 et
4182 904 4419 974 gracilis.
4446 903 4553 956 Hac
4591 904 4772 970 itaque
4801 903 4881 957 sui
4913 903 5430 971 eorporisirnbecilla

3864 994 4123 1047 tenuitate
4145 992 4400 1059 conﬁsus,
4432 1007 4573 1061 saepe
4617 993 4807 1059 iacens
4864 994 4919 1046 in
4959 994 5099 1049 lecto
5145 994 5433 1062 completo-

3864 1088 4005 1139 rium
4060 1085 4398 1140 decurrebat.
4448 1083 4660 1138 Accidit
4712 1094 4889 1139 autem
4958 1092 5020 1139 ut
5077 1085 5433 1142 demuniacus

3863 1175 4077 1243 quidam
4100 1188 4206 1228 non
4232 1173 4418 1243 procul
4440 1174 4674 1237 abesset,
4698 1174 4788 1242 qui
4812 1174 4982 1228 multa
5022 1174 5299 1231 hominum
5347 1191 5433 1232 se-

3864 1278 4033 1331 creta,
4057 1279 4111 1323 et
4138 1270 4403 1324 obscenos
4431 1277 4583 1324 actus
4613 1270 4896 1337 impudens
4924 1270 5247 1340 propalaret.
5277 1268 5435 1325 (.um-

3862 1372 3967 1425 que
3993 1358 4250 1425 praefatus
4275 1358 4511 1414 Joannes
4556 1358 4852 1413 daemonem
4905 1361 5055 1415 exire
5106 1360 5433 1432 praeciperet,

3862 1456 3917 1501 et
3963 1449 4285 1515 quibusdam
4338 1448 4626 1503 exorcismi
4676 1450 5061 1517 quaestionibus
5105 1449 5433 1519 ﬂagellaret:

3866 1535 4035 1601 Tune,
4068 1538 4165 1603 ait,
4198 1538 4287 1591 ille
4317 1553 4392 1602 es,
4427 1540 4518 1608 qui
4551 1540 4652 1594 sub
4677 1548 4825 1594 cotto
4854 1540 5095 1609 quotidie
5149 1541 5439 1609 completo-

3866 1629 4004 1681 rium
4036 1629 4366 1694 insusurras,
4393 1637 4447 1684 et
4479 1631 4640 1686 modo
4661 1646 4745 1685 me
4769 1631 4927 1701 quasi
4956 1639 5173 1687 sanctus
5216 1632 5433 1699 ejicere,

3865 1728 3920 1773 et
3938 1720 4076 1789 juris
4104 1724 4207 1776 mei
4240 1723 4516 1777 vasculum
4542 1723 4609 1776 de
4637 1736 4757 1777 meo
4798 1723 4879 1776 vis
4906 1723 5147 1778 dominio
5171 1724 5438 1779 liberare?

3866 1810 3978 1866 lloc
3998 1812 4204 1877 audito,
4227 1812 4395 1867 frater
4416 1812 4651 1878 erubuit,
4674 1814 4805 1882 quia
4831 1814 4912 1867 rei
4946 1814 5223 1869 veritatem
5271 1815 5437 1869 etiam

2186 1913 2278 1968 ubi
2307 1912 2502 1966 dicitur
2526 1928 2539 1963 :
2564 1910 2699 1976 Quia
2729 1911 2956 1964 docente
2990 1908 3235 1971 Domino,
3274 1908 3503 1961 aderant
3539 1907 3753 1975 quidam
3784 1903 3830 1962 B
3859 1922 3955 1976 per
3986 1904 4249 1959 mendacii
4280 1905 4592 1974 recognovit
4619 1912 4918 1958 auctorem.

2188 2005 2307 2075 ipso
2336 2004 2389 2057 in
2424 2012 2667 2071 tempore
2716 2001 3026 2056 nuntiantes
3080 2000 3153 2054 illi
3206 2002 3271 2054 de
3324 1999 3559 2054 Galilaeis
3608 1997 3757 2068 (Luc.

2186 2093 2335 2163 xm),
2358 2106 2585 2162 quorum
2630 2091 2946 2161 sanguinem
2994 2089 3201 2143 Pilatus
3234 2091 3450 2144 miscuit
3500 2104 3621 2142 eum
3674 2101 3762 2141 sa-

2189 2184 2409 2239 criﬁciis
2438 2199 2644 2239 eorum.
2697 2183 2831 2237 Nam
2880 2184 3004 2253 quia
3052 2182 3277 2247 Pilatus,
3329 2198 3390 2239 os
3434 2181 3761 2236 malleatoris

2186 2274 2595 2345 interpretatur,
2619 2276 2745 2343 quid
2769 2290 2865 2345 per
2888 2277 3049 2339 hunc,
3076 2277 3178 2329 nisi
3207 2274 3478 2328 diabolum
3504 2276 3762 2328 debemus

2186 2368 2508 2438 intelligere,
2549 2368 2637 2437 qui
2666 2376 2887 2438 paratus
2916 2377 2998 2421 est
3042 2382 3254 2442 semper
3306 2368 3552 2421 homines
3594 2364 3764 2420 elicu-

2188 2459 2401 2518 sionum
2430 2459 2623 2513 ictibus
2670 2459 2960 2514 verberare
2986 2458 3197 2514 ?‘Unde
3244 2468 3299 2512 et
3342 2460 3550 2527 virgam
3602 2469 3765 2525 super

2188 2550 2445 2607 humeros
2482 2551 2760 2606 hominum
2797 2560 2983 2605 tenere
3014 2552 3215 2604 dicitur
3254 2566 3349 2617 per
3392 2550 3758 2618 PrOphetam:

2191 2658 2215 2694 ε
2247 2641 2490 2713 Yirgam,
2522 2642 2715 2710 inquit,
2744 2641 2955 2695 humeri
2979 2641 3095 2710 ejus
3122 2641 3414 2710 superasti,
3438 2641 3578 2694 sicut
3604 2640 3654 2691 in
3678 2638 3761 2692 die

2186 2728 2398 2784 Madian
2445 2729 2577 2799 (Isa.
2617 2731 2718 2799 ix).
2757 2750 2777 2782 ι
2803 2730 2941 2797 Quid
2962 2746 3092 2785 vero
3116 2732 3357 2800 sanguis,
3381 2731 3481 2784 nisi
3514 2727 3761 2799 peccata?

2183 2819 2324 2888 Quid
2360 2820 2647 2886 sacriﬁcia,
2672 2820 2778 2875 nisi
2802 2830 2997 2882 rectas,
3033 2829 3088 2875 et
3116 2820 3475 2890 aceeptabiles
3527 2820 3636 2875 Deo
3689 2818 3762 2873 si-

2185 2911 2441 2982 gniﬁcant
2467 2912 2744 2967 actiones?
2779 2911 2984 2966 Pilatus
3013 2927 3143 2982 ergo
3172 2911 3515 2967 Galilaorum
3546 2913 3765 2979 sangui-

2193 3015 2321 3055 nem
2348 3015 2472 3054 cum
2488 3000 2780 3055 sacriﬁciis
2806 3000 3043 3066 miscuit,
3078 3002 3204 3071 quia
3238 3000 3510 3072 malignus
3541 3001 3764 3070 spiritus

2186 3090 2274 3148 vel
2297 3093 2575 3148 orationes
2594 3100 2809 3147 nostras
2858 3092 3039 3162 pravis
3092 3092 3507 3163 cogitationibus
3551 3092 3760 3160 polluit,

2118 3188 2127 3201 '
2192 3180 2280 3237 vel
2309 3196 2474 3251 Opera
2504 3166 2872 3250 bonapeccati
2909 3177 3620 3248 cujuslibetattaiﬁinatione
3642 3194 3759 3233 cor-

3934 1997 4087 2050 Alter
4111 1997 4273 2049 etiam
4317 1995 4566 2059 eremita,
4618 1994 4710 2061 qui
4758 1994 5051 2048 vocabatur
5095 1992 5325 2049 Joannes
5373 1995 5443 2050 de

3862 2090 4027 2153 Anso,
4070 2105 4193 2144 cum
4223 2090 4295 2156 ei,
4316 2099 4375 2143 ut
4400 2087 4749 2157 egrederetur
4767 2088 5113 2144 vehementer
5140 2090 5437 2156 insisteret,

3864 2194 3929 2231 ac
3988 2178 4155 2231 divini
4205 2178 4441 2232 nominis
4500 2178 4767 2244 adjurium
4819 2178 5061 2232 crebrius
5108 2179 5437 2234 iutentaret:

3863 2269 4114 2337 Nunquid
4158 2268 4357 2324 oblitus
4381 2284 4462 2333 es,
4486 2269 4580 2332 ait,
4629 2270 4731 2323 bac
4765 2269 4859 2324 tibi
4912 2276 5069 2325 nocte
5120 2270 5246 2340 quid
5296 2269 5443 2327 fece-

3864 2362 4001 2415 rim?
4034 2360 4187 2425 Nam,
4217 2362 4261 2415 si
4289 2376 4393 2415 non
4424 2360 4646 2423 excidit,
4698 2368 4881 2415 certus
4913 2376 4974 2415 es
5008 2362 5132 2431 quia
5163 2364 5288 2417 dum
5341 2378 5443 2433 ego

3863 2468 3952 2506 mc
3985 2454 4037 2506 in
4066 2452 4178 2522 apri
4208 2452 4472 2507 silvestris
4519 2451 4748 2519 elligiem
4777 2454 4936 2515 verti,
4970 2461 5023 2506 tu
5054 2467 5139 2507 me
5165 2455 5314 2521 quasi
5350 2468 5444 2509 ve-

3863 2554 4020 2601 nator
4048 2543 4421 2598 insectabaris.
4453 2542 4559 2598 Sed
4588 2544 4681 2612 qui
4706 2542 4925 2597 videbar
4944 2542 5092 2613 aper,
5116 2544 5293 2600 subito
5313 2560 5440 2615 spe-

3864 2640 4001 2694 ciem
4030 2645 4269 2691 venustaa
4296 2635 4539 2690 mulieris
4564 2636 4858 2704 assumpsi,
4884 2645 5045 2703 atque
5085 2636 5139 2697 in
5195 2637 5443 2693 osculum

3864 2740 4011 2783 tuum
4044 2742 4225 2792 ruens,
4260 2738 4317 2781 ut
4337 2742 4520 2783 semen
4552 2725 4874 2796 effunderes,
4902 2742 5025 2783 cum
5053 2728 5220 2798 gloria
5250 2730 5446 2784 trium-

3861 2808 4041 2891 phavi.
4067 2820 4199 2874 Cum
4233 2821 4415 2889 itaque
4442 2818 4707 2888 reprobus
4732 2820 4953 2890 spiritus
4977 2822 5041 2875 de
5065 2820 5234 2875 fratre
5258 2822 5435 2876 delin-

3864 2920 4062 2979 quente
4090 2924 4187 2980 per
4215 2911 4429 2981 soporis
4456 2909 4734 2981 energiam
4781 2926 4842 2967 se
4892 2912 5151 2983 glorietur
5188 2915 5443 2971 habuisse

3870 3006 4237 3075 triumphum;
4272 3012 4477 3075 quanto
4514 3013 4765 3077 putamus
4782 3020 4905 3062 eum
4938 3006 5171 3078 gaudere
5210 3007 5443 3077 tripudio

3864 3113 4027 3166 super
4057 3098 4163 3163 his,
4196 3097 4285 3167 qui
4317 3096 4574 3151 labuntur
4597 3099 4651 3151 in
4684 3096 5029 3163 adulterium,
5051 3097 5131 3151 vel
5155 3098 5439 3153 incestum?

3878 3187 4030 3252 Unde
4056 3202 4196 3257 saepe
4222 3188 4361 3241 Deus
4390 3186 4731 3256 omnipotens
4762 3188 5001 3243 terribile
5029 3190 5241 3243 exhibet
5272 3191 5435 3244 etiam

2187 3273 2409 3343 rumpit,
2434 3281 2492 3326 ut
2536 3272 2755 3341 sanguis
2777 3270 3104 3326 sacriﬁcium
3133 3270 3364 3339 polluat;
3398 3272 3523 3324 dum
3579 3279 3762 3324 reatus
3788 3254 3833 3317 Ο
3866 3276 3918 3331 in
3948 3276 4048 3331 hac
4072 3254 4178 3329 vita
4195 3275 4482 3344 judicium,
4512 3254 4613 3332 nec
4646 3286 4822 3333 tamen
4864 3278 5046 3334 miseri
5070 3279 5313 3336 liuinines
5348 3281 5439 3338 de-

2184 3363 2411 3421 ol'fensio
2433 3362 2669 3417 oblatam
2695 3360 2806 3417 Deo
2848 3362 2981 3418 recti
3024 3363 3203 3431 operis
3251 3362 3524 3416 victimam
3573 3360 3758 3415 fuadat.

2186 3451 2345 3511 Unde
2394 3454 2652 3523 scriptum
2683 3462 2769 3508 est
2798 3471 2810 3506 :
2848 3472 2866 3506 ‹
2898 3452 3038 3519 Quia
3065 3468 3189 3507 cum
3217 3452 3493 3507 Abraham
3525 3451 3635 3505 Deo
3677 3466 3763 3505 sa-

2184 3542 2451 3601 criﬁcium
2481 3543 2879 3621 delecoribus,
2909 3558 2973 3599 ac
2995 3543 3306 3597 volucribus
3344 3544 3569 3598 devotus
3610 3540 3763 3597 offer-

2186 3644 2289 3701 ret,
2315 3637 2710 3692 deseenderunt
2744 3636 2993 3692 volucres
3023 3651 3185 3707 super
3231 3638 3514 3701 cadavera,
3556 3645 3611 3691 et
3648 3637 3759 3691 abi-

2186 3726 2349 3797 gebat
2376 3740 2469 3781 eas
2505 3725 2781 3780 Abraham
2835 3723 2984 3797 (Gen.
3030 3725 3145 3797 xv).
3179 3745 3197 3777 ι
3244 3726 3380 3793 Quid
3411 3727 3554 3780 enim
3587 3729 3763 3795 expri-

2190 3828 2341 3874 munt
2366 3819 2642 3885 volucres,
2670 3820 2785 3873 nisi
2800 3819 3059 3889 reprobos
3099 3820 3321 3889 spiritus
3344 3835 3440 3889 per
3468 3834 3593 3875 aera
3624 3819 3758 3874 voli-

2188 3904 2399 3965 ‘antes?
2420 3910 2665 3966 volucres
2686 3925 2814 3981 ergo
2830 3928 2867 3965 ea
2896 3911 3165 3991 sacrificio
3195 3923 3385 3966 nostro
3430 3911 3760 3981 repellimus,

2187 4014 2311 4057 cum
2327 4014 2549 4070 operum
2569 4010 2876 4055 nostrorum
2894 4001 3143 4056 victimas
3159 4016 3190 4055 a
3207 4001 3459 4071 malignis
3483 4002 3760 4072 spiritibus

2188 4108 2284 4148 eas
2311 4092 2515 4149 foedare
2546 4094 2899 4161 tentantibus,
2924 4095 3148 4164 provide
3172 4096 3527 4151 custodimus.

2256 4181 2397 4236 Idem
2423 4197 2573 4247 sane,
2606 4197 2763 4251 quem
2797 4185 3166 4253 praediximus,
3193 4186 3488 4252 Adraldus,
3547 4187 3674 4243 dum
3705 4189 3761 4243 in

2188 4271 2509 4341 Burgundiae
2530 4288 2696 4343 regno
2720 4274 2852 4328 mihi
2892 4275 3173 4330 conviator
3211 4277 3523 4332 incederet:
3555 4278 3612 4333 ln
3638 4280 3759 4346 hoc,

2189 4366 2385 4435 inquit,
2419 4366 2537 4421 loco
2561 4379 2655 4435 per
2682 4380 2839 4436 quem
2864 4384 3009 4423 nunc
3028 4369 3312 4423 transitum
3344 4372 3629 4435 habemus,
3658 4372 3760 4426 ali-

2188 4456 2590 4527 quidcontigit,
2618 4458 2760 4525 quod
2784 4457 2828 4513 si
2850 4456 3101 4524 dicimus,
3133 4474 3239 4513 non
3262 4460 3473 4516 videtur
3502 4463 3756 4518 otiosum.

2186 4546 2377 4601 Frater
2396 4547 2612 4615 quidam
2644 4547 2815 4601 nostri
2864 4548 3097 4602 coenobii
3142 4548 3308 4618 (haud
3356 4549 3574 4604 dubimn
3630 4554 3759 4620 quin

3866 3366 4051 3421 sinunt
4080 3367 4281 3421 iterare
4304 3366 4667 3435 plectendum.

3934 3455 4065 3509 Nam
4092 3455 4359 3511 Bobertus
4390 3456 4665 3512 Gallorum
4694 3470 4810 3522 rex,
4838 3470 4970 3511 avus
5002 3458 5161 3513 istius
5183 3459 5435 3530 Philippi,

3862 3549 3951 3617 qui
3982 3549 4033 3602 in
4062 3549 4272 3619 paterni
4325 3546 4465 3615 juris
4492 3557 4704 3618 sceptra
4741 3549 5020 3613 successit,
5087 3552 5438 3623 propinquam

3861 3638 3961 3692 sibi
3990 3637 4527 3708 eopulavituxorem,
4559 3651 4623 3691 ex
4658 3653 4763 3706 qua
4811 3638 5047 3708 suscepit
5097 3640 5286 3706 ﬁlium,
5340 3658 5435 3697 an-

3862 3729 4097 3783 serinum
4136 3740 4232 3797 per
4262 3728 4442 3783 omnia
4466 3726 4682 3793 collum,
4706 3737 4760 3784 et
4780 3739 4940 3798 caput
4963 3729 5267 3784 habentem.
5294 3730 5438 3799 Quos

3864 3820 4049 3883 etiam,
4082 3819 4255 3872 virum
4285 3818 4491 3873 scilicet
4513 3827 4567 3872 et
4587 3834 4834 3874 uxorem.
4865 3834 5054 3875 omnes
5094 3822 5203 3877 fere
5244 3822 5437 3878 Gallia-

3862 3924 3982 3963 rum
4031 3909 4307 3979 episcopi,
4368 3911 4637 3963 communi
4694 3907 4852 3964 simul
4906 3915 5437 3969 excommunicavere

3863 4000 4153 4054 sententia.
4178 3998 4342 4067 Cujus
4385 3999 4738 4054 sacerdotalis
4782 3999 4946 4055 edicti
4994 4010 5171 4057 tantus
5223 4019 5433 4060 omnem

3860 4091 4101 4159 undique
4132 4090 4389 4160 populum
4416 4098 4591 4145 terror
4612 4091 4825 4154 invasit,
4868 4102 4922 4145 ut
4950 4093 5017 4147 ab
5041 4094 5157 4163 ejus
5199 4096 5434 4150 universi

3862 4181 4121 4234 societate
4149 4180 4485 4243 recederent,
4520 4195 4617 4235 nec
4648 4190 4847 4256 praeter
4884 4181 5017 4237 duos
5039 4184 5139 4238 sibi
5192 4185 5435 4240 servulos

3864 4269 3929 4324 ad
3958 4269 4250 4323 necessarii
4278 4270 4454 4325 victus
4475 4270 4791 4339 obsequium
4829 4284 5167 4327 remanerent
5193 4292 5206 4329 :
5238 4277 5326 4346 qui
5359 4286 5437 4329 ta-

3861 4376 3984 4416 men
4016 4370 4072 4416 et
4101 4362 4201 4431 ipsi
4225 4364 4403 4416 omnia
4433 4378 4586 4427 vasa,
4634 4364 4687 4417 in
4716 4364 4911 4433 quibus
4960 4379 5052 4418 rex
5084 4366 5297 4431 edebat,
5351 4367 5436 4421 vel

3859 4452 4115 4516 bibebat,
4166 4464 4420 4523 percepto
4474 4452 4635 4521 cibo,
4683 4455 5067 4510 abominabilia
5108 4458 5432 4528 judicantes,

3864 4551 4118 4621 pabulum
4145 4550 4359 4618 ignibus
4384 4550 4729 4604 exhibebant.
4782 4550 4877 4604 His
4904 4552 5117 4606 tandem
5169 4567 5261 4607 rex
5307 4567 5438 4607 coa-

2191 4638 2578 4710 Cluniacensis)
2598 4640 2699 4709 pice
2752 4641 2970 4706 mentis,
3017 4650 3073 4694 et
3125 4650 3287 4697 rectae.
3333 4646 3761 4702 conversationis
3786 4610 3839 4670 D
3865 4654 3986 4698 ctus
4009 4643 4291 4713 angustiis,
4316 4643 4381 4696 ad
4415 4658 4601 4697 sanum
4629 4643 4915 4698 consilium
4942 4644 5175 4713 rediens,
5221 4645 5437 4700 divertit

2189 4732 2291 4796 vir,
2320 4730 2443 4784 hinc
2465 4730 2751 4798 aliquando
2778 4732 3074 4799 transibat;
3099 4743 3154 4788 et
3198 4748 3325 4789 ecce
3353 4737 3582 4792 crinitus
3629 4739 3763 4810 qui-

2189 4822 2333 4886 dam,
2367 4822 2517 4890 quasi
2547 4835 2615 4875 ex
2642 4820 3128 4894 Hierosolymitana
3174 4828 3613 4893 peregrinatione
3664 4831 3758 4886 de-

2186 4916 2429 4980 veniens,
2458 4915 2688 4984 palmam
2722 4912 2928 4968 ferebat
2955 4915 3007 4968 in
3032 4929 3215 4968 manu.
3243 4915 3484 4987 Cumque
3514 4919 3760 4988 peregri-

2195 5024 2319 5076 nus,
2351 5018 2409 5063 et
2449 5008 2740 5062 monachus
2794 5006 3025 5063 invicem
3080 5007 3226 5061 obvii
3281 5023 3399 5064 sese
3440 5010 3763 5065 altrinsecus

2191 5098 2634 5170 pertransiissent
2653 5098 2728 5151 ait
2754 5098 2843 5153 ille
2880 5116 2893 5151 :
2928 5097 3349 5169 Completorium
3376 5101 3430 5154 in
3461 5101 3619 5166 lecto,
3664 5117 3766 5156 nec

2193 5186 2340 5243 salus
2360 5195 2460 5251 est,
2493 5201 2592 5241 nec
2612 5185 2901 5257 profectus.
2934 5187 3086 5254 Quod
3113 5189 3285 5243 frater
3312 5190 3561 5254 audiens,
3592 5193 3763 5247 admi-

2194 5284 2345 5331 ratus
2398 5275 2652 5345 expavit,
2700 5291 2764 5331 ac
2815 5286 3033 5347 repente
3060 5287 3183 5349 post
3224 5289 3373 5351 terga
3426 5281 3764 5351 reSpiciens,

2195 5362 2317 5424 eum
2343 5368 2525 5423 videre
2550 5382 2655 5423 non
2683 5368 2881 5439 potuit.
2902 5367 3063 5440 595
3091 5369 3207 5425 Mox
3240 5372 3385 5427 enim
3432 5382 3493 5427 ut
3541 5373 3763 5428 verbum

2196 5459 2437 5531 protulit,
2470 5460 2687 5515 omnino
2708 5461 2988 5529 disparuit.
3021 5460 3112 5515 Ille
3140 5475 3264 5516 vero
3290 5462 3355 5516 ad
3376 5464 3766 5518 conscientiam

2198 5566 2323 5605 mox
2356 5540 2603 5605 reversus
2630 5552 2852 5615 invenit,
2882 5550 3010 5620 quia
3056 5551 3304 5621 pridiano
3330 5568 3553 5624 vespere
3591 5555 3768 5609 lassus

2200 5639 2379 5705 devia
2406 5639 2661 5706 redierat,
2713 5650 2769 5696 et
2800 5638 2941 5695 fessa
2986 5641 3039 5695 in
3071 5640 3325 5696 lectulum
3361 5645 3599 5700 membra
3645 5659 3771 5713 pro-

2201 5730 2431 5799 jiciens,
2494 5731 2724 5801 jacendo
2794 5732 3081 5787 canonicas
3148 5733 3310 5788 horas
3381 5736 3764 5806 compleverat.

2205 5822 2393 5881 Utrum
2414 5824 2503 5881 ille
2525 5825 2745 5897 angelus
2766 5823 2950 5893 fuerit,
2972 5841 3041 5882 an
3059 5841 3266 5893 revera,
3292 5827 3434 5884 sicut
3460 5828 3763 5896 videbatur,

3862 4736 4151 4801 incestum,
4180 4734 4407 4804 iniitque
4429 4734 4602 4804 legale
4624 4734 4977 4790 connubiumb

4460 4824 4686 4881 CAPUT
4722 4826 4832 4880 Vll.

4007 4916 4174 4982 Quod‘
4194 4932 4298 4971 non
4333 4927 4452 4971 sunt
4484 4925 4790 4971 communes
4818 4917 5069 4972 ducendis
5088 4934 5291 4972 uxores.

3938 5006 4042 5062 Sed
4076 5017 4132 5064 et
4152 5007 4279 5064 Otto
4328 5022 4421 5063 rex
4478 5005 4915 5075 Teutonicorum,
4964 5011 5052 5081 qui
5098 5012 5433 5081 postmodum

3870 5100 4163 5170 imperator
4188 5111 4407 5157 creatus
4432 5106 4518 5155 est
4544 5099 4928 5165 Romanorum,
4963 5100 5272 5159 Adalaidem
5320 5104 5423 5158 lta-

3868 5191 3952 5247 lia:
3974 5194 4241 5264 reginam,
4279 5207 4401 5261 qua:
4450 5191 4551 5247 sibi
4592 5201 4890 5247 commater
4929 5191 5091 5265 596
5130 5194 5427 5263 exstiterat,

3868 5284 4104 5351 suscepit
4124 5284 4178 5338 in
4207 5281 4509 5355 coniugem.
4550 5281 4720 5350 Quem
4772 5281 4916 5339 ﬁlius
4963 5284 5076 5353 ejus
5118 5284 5426 5351 Almiﬁcus,

3868 5374 3958 5442 qui
3983 5372 4303 5444 Maguntinze
4346 5373 4669 5444 praesidebat
4721 5382 4908 5445 pastor
4954 5374 5227 5441 Ecclesiae,
5269 5376 5430 5447 empit

3869 5474 4182 5520 constanter
4212 5477 4460 5536 arguere.
4491 5473 4550 5519 et
4568 5463 4851 5519 scelestum
4875 5465 5214 5536 luridumque
5241 5466 5426 5535 conju-

3865 5556 4007 5625 gium
4036 5540 4658 5626 publicecondemuare.
4690 5554 4852 5611 Pater
4886 5568 5063 5611 autem
5089 5559 5430 5613 vehementer

3865 5647 4057 5713 iratus,
4088 5664 4212 5703 eum
4238 5648 4619 5716 comprehendi
4644 5650 4921 5719 praecepit,
4950 5658 5006 5703 et
5034 5650 5285 5705 carcerali
5308 5664 5428 5724 mox

3868 5741 4122 5795 custodiae
4149 5740 4505 5808 mancipavit;
4542 5754 4702 5808 quem
4729 5756 4823 5812 per
4845 5741 5036 5797 annale
5062 5742 5277 5797 circiter
5314 5753 5430 5811 spa-

3870 5830 4002 5885 tium
4024 5843 4213 5887 career
4250 5826 4486 5898 inclusit,
4511 5828 4657 5887 sede
4681 5832 5021 5889 correctione
5048 5830 5284 5901 linguam
5329 5838 5432 5886 ter-
