5664 6648
740 463 839 522 58!

1471 458 1718 519 OPUSC.
1759 458 2006 520 XXXIV.
2045 490 2119 503 --
2157 448 2257 516 DE.
2284 454 2516 515 VARUS
2556 453 2890 515 MIRACUL.
2932 458 3243 519 NARRAT.

3928 471 4038 531 583

740 575 881 633 roris
921 574 1200 633 vinculum
1251 589 1361 631 non
1414 574 1622 646 ligavit.
1664 576 1801 631 Cum
1852 590 1985 631 vero
2018 570 2174 645 pater
2214 588 2339 629 eum
2366 576 2418 635 Α
2445 573 2641 642 prime,
2668 574 2919 639 domine,
2952 576 3241 634 manifeste
3277 577 3409 649 quid
3437 579 3540 637 hoc
3572 583 3661 648 sit,
3713 592 3783 647 ut
3821 588 4039 647 confes-

740 669 1191 740 quadragesimali
1215 669 1541 725 decurrente
1556 667 1786 739 jejunio,
1827 668 1895 725 de
1946 667 2194 723 custodia
2244 668 2337 724 de—

740 764 997 819 crevisset
1034 763 1288 827 educere,
1326 760 1633 831 antequam
1686 763 2003 833 psalterium
2050 763 2334 834 expleret,

739 855 878 926 quod
908 853 1090 909 aureis
1124 854 1388 909 exarabat
1418 852 1685 924 apicibus,
1727 855 2001 909 recusavit
2028 854 2198 909 exire.
2231 854 2337 909 Ve-

738 954 1043 999 rumtamen
1107 945 1235 998 dum
1283 942 1474 1009 exivit,
1529 942 1646 998 zelo
1667 942 2025 1000 sacerdotalis
2073 959 2337 1002 accensus

739 1033 1099 1099 auctoritatis,
1122 1048 1231 1087 non
1255 1033 1483 1103 quievit,
1513 1033 1608 1088 sed
1635 1048 1760 1089 mox
1780 1034 1835 1089 in
1860 1044 2073 1106 patrem
2091 1035 2337 1105 jaculum

736 1126 960 1195 publicae
989 1124 1577 1181 exeommuuicationis
1605 1124 1845 1181 intorsit.
1885 1126 1929 1182 0
1952 1141 2083 1182 vere
2112 1127 2333 1199 dignum

738 1218 883 1289 regio
910 1233 1113 1289 genere
1138 1218 1500 1282 sacerdotem,
1534 1216 1627 1286 qui
1657 1216 1713 1273 in
1736 1233 1901 1274 causa
1942 1217 2039 1274 Dei
2082 1234 2192 1275 non
2242 1221 2338 1274 im-

739 1309 939 1379 periale
964 1308 1272 1380 fastigium,
1328 1322 1437 1363 non
1485 1317 1772 1380 paternum
1833 1311 2155 1381 recognovit
2206 1310 2336 1367 atl‘e-

738 1398 1047 1467 ctum;sed
1086 1400 1217 1454 dum
1240 1408 1523 1470 paternam
1582 1414 1649 1455 ac
1696 1404 1902 1470 regiam
1951 1403 2335 1457 auctoritatem

738 1492 789 1547 in
825 1492 939 1547 solo
967 1491 1081 1545 Deo
1111 1490 1415 1557 constituit,
1447 1490 1591 1546 hunc
1639 1491 1912 1547 hominem
1973 1491 2089 1560 ejus
2129 1492 2337 1563 legibus

736 1584 1123 1648 resistentem,
1189 1595 1222 1636 a
1272 1594 1332 1637 se
1386 1595 1609 1653 prorsus
1654 1588 1975 1637 extraneum
2035 1583 2333 1652 deputavit.

739 1672 881 1726 Dixit
929 1680 1118 1727 autem
1173 1670 1359 1742 patri:
1396 1671 1476 1725 Tu
1523 1671 1811 1728 arbitraris
1850 1686 1935 1728 me
1955 1672 2243 1729 adversum
2287 1686 2337 1731 te

738 1762 1034 1820 insolenter
1066 1777 1252 1836 agere,
1300 1769 1353 1818 te
1406 1776 1538 1819 vero
1582 1764 1959 1834 prmjudicium
2014 1766 2335 1821 sustinere:

735 1855 840 1910 cito
866 1869 1195 1926 praenosces,
1224 1854 1351 1924 quia
1374 1853 1462 1909 die
1488 1863 1681 1911 sancto
1704 1854 2055 1912 Pentecostes
2104 1868 2337 1928 uterque

2443 678 2535 718 sus
2561 664 2831 735 corrigam
2855 669 2998 737 quod
3027 669 3227 724 erravi.
3260 670 3431 729 Porro
3456 689 3555 730 vox
3608 679 3797 734 eadem
3846 698 4041 753 pecca»

2443 762 2553 810 tum
2586 758 2855 826 quoddam
2880 758 3047 832 [sicut
3077 763 3380 837 quaerebat]
3415 766 3697 845 signanter
3746 776 4038 843 expressit.

2439 850 2583 920 quod
2608 849 2697 907 ille
2722 866 2754 907 a
2784 868 2844 909 se
2867 858 3220 913 commissum
3244 860 3390 915 illico
3422 864 3754 935 recognovit,
3781 878 3834 921 et
3853 870 4039 927 abbati

2439 938 2762 998 festinanter
2790 946 2985 1012 ascito,
3016 946 3161 1004 facta
3189 949 3554 1018 confessione,
3572 958 3851 1027 purgavit,
3904 976 4040 1032 pau-

2439 1032 2627 1105 cisque
2652 1046 2776 1105 post
2796 1037 2987 1095 diebus
3016 1040 3069 1095 in
3098 1052 3287 1097 sancta
3318 1059 3451 1115 pace
3473 1046 3761 1106 defunctus
3787 1059 3891 1106 est.

3030 1151 3260 1209 CAPUT
3309 1153 3441 1210 Vill.

2512 1235 2766 1295 Terribile
2792 1242 3088 1323 exemplum
3108 1246 3397 1323 cujusdam
3419 1249 3646 1323 (taurinis
3672 1250 3958 1323 desperati,

2848 1328 2911 1367 ac
2955 1315 3319 1384 interﬁcientis
3365 1320 3614 1388 seipsum.

2510 1398 2630 1455 Non
2658 1400 2820 1457 talem
2849 1403 3079 1459 sortitus
3108 1414 3192 1461 est
3234 1406 3399 1463 ﬁnem
3431 1408 3665 1467 clericus
3696 1412 3806 1483 ille,
3834 1417 3902 1471 de
3927 1432 4035 1489 quo

2439 1490 2572 1544 mihi
2628 1492 2774 1548 idem
2828 1492 2985 1565 Hugo
3047 1494 3421 1554 Cluniacensis
3483 1506 3799 1561 monasterii
3855 1519 4037 1565 rector

2414 1581 2546 1653 ﬁda
2580 1584 2844 1641 relatione
2875 1590 3162 1644 narravit:
3213 1590 3551 1665 Religiosus,
3588 1599 3785 1669 inquit,
3810 1598 4039 1673 quidam

2440 1673 2727 1743 episcopus
2759 1676 2811 1730 in
2840 1680 3185 1749 expeditione
3232 1684 3466 1753 positus,
3516 1702 3640 1742 cum
3675 1692 3915 1749 venisset
3964 1680 4038 1750 ad

2441 1764 2616 1833 ripam
2666 1768 2951 1835 cujusdam
3003 1769 3263 1838 fluminis,
3304 1776 3568 1843 substitit,
3625 1780 3811 1851 ibique
3858 1783 4036 1842 lassus

2446 1869 2697 1912 recreare
2750 1861 3004 1929 spiritum
3054 1864 3239 1933 coepit.
3279 1864 3524 1939 Cumque
3578 1872 3688 1928 illic
3745 1878 4035 1947 tranquille

735 1949 889 2005 simul
917 1950 1220 2007 astabimus
1256 1957 1381 2005 ante
1403 1948 1596 2015 Deum,
1652 1950 1832 2022 ibique
1861 1951 2212 2007 ventilabitur
2251 1954 2333 2006 in-
2364 1952 2413 2011 B
2442 1950 2786 2019 quiesceret,
2839 1954 3047 2009 audivit
3090 1971 3278 2013 vocem
3324 1960 3390 2015 de
3439 1960 3678 2021 ﬂuminis
3725 1968 3880 2025 alveo
3904 1987 4033 2042 pro-

737 2050 935 2105 ternos,
954 2041 1155 2098 librata
1175 2041 1401 2113 justitiae
1428 2041 1600 2105 lance,
1629 2041 1881 2113 litigium.
1931 2042 2008 2097 lbi
2058 2042 2177 2099 luce
2222 2043 2332 2099 cla-

736 2133 845 2187 rius
870 2130 1157 2204 apparebit
1179 2132 1303 2202 quis
1330 2142 1575 2187 nostrum
1602 2134 1877 2203 aequitatis
1900 2132 2099 2190 lineam
2129 2144 2333 2203 teneat,

735 2222 853 2293 quis
874 2223 969 2279 Dei
999 2222 1209 2294 legibus
1237 2222 1600 2279 contradicat.
1663 2222 2004 2296 Factumque
2046 2236 2153 2294 est,
2182 2229 2330 2297 ipso,

732 2317 821 2387 qui
843 2317 1018 2373 dictus
1049 2324 1152 2383 est,
1185 2325 1551 2373 sacrosanctae
1577 2316 1940 2373 solemnitatis
1963 2319 2070 2387 die,
2110 2329 2169 2374 ut
2198 2320 2326 2376 dum

734 2405 987 2476 praefatus
1040 2406 1321 2476 Augustus
1371 2406 1743 2478 imperialibus
1791 2408 1976 2464 infulis
2022 2411 2327 2478 redimitus,

733 2497 1139 2570 multorumque
1167 2498 1487 2570 pontiﬁcum
1514 2499 1720 2567 cbdris,
1743 2501 1862 2558 sive
1894 2517 2185 2573 procerum
2212 2506 2330 2560 val-

734 2586 875 2644 latus
922 2589 1261 2661 agminibus,
1315 2589 1606 2658 missarum
1664 2591 1943 2647 solemniis
1993 2594 2331 2663 interesset,

731 2684 1011 2755 repentino
1053 2697 1223 2755 super
1255 2697 1380 2739 eum
1402 2683 1660 2741 veniente
1699 2683 1930 2753 judicio,
1976 2696 2224 2757 repertus
2262 2689 2335 2745 sit

730 2782 993 2829 mortuus.
1032 2772 1333 2843 Episcopus
1360 2781 1544 2829 autem
1580 2772 1635 2828 in
1662 2774 1894 2829 Domino
1943 2775 2058 2846 jam
2107 2777 2333 2846 quieve-

728 2874 829 2919 rat.
861 2864 952 2920 Sic
974 2864 1059 2919 sic
1081 2864 1173 2934 qui
1204 2864 1272 2920 de
1299 2864 1507 2920 incesto
1529 2862 1780 2936 conjugio
1811 2868 2144 2937 contempsit
2190 2869 2332 2925 inter

732 2955 974 3012 homines
996 2955 1256 3027 iudicari,
1290 2956 1358 3011 ad
1385 2955 1620 3011 tribunal
1648 2956 1839 3013 aeterni
1862 2957 2068 3027 judicis
2108 2969 2333 3017 coactus

731 3058 811 3105 est
846 3049 1126 3119 pertrahi;
1161 3057 1217 3104 et
1263 3048 1355 3119 qui
1388 3049 1691 3119 subjectum
1722 3049 1824 3105 sibi
1881 3049 2203 3120 dedignatus
2248 3060 2333 3109 est

731 3140 914 3195 audire
947 3140 1290 3209 pontiﬁcem,
1349 3138 1646 3194 terribilem
1695 3154 1858 3210 super
1902 3155 1963 3195 se
2006 3156 2114 3196 non
2156 3144 2333 3211 potuit

730 3232 953 3288 evadere
975 3228 1345 3301 maiestatem.

794 3322 920 3379 Haec
945 3338 1072 3397 ego,
1103 3321 1432 3422 venerabilis
1456 3330 1634 3422 pater,
1666 3330 1723 3377 et
1752 3322 1857 3376 alia
1882 3323 2315 3422 quamplurima,
2355 3314 2400 3378 C
2432 3330 2509 3385 ait
2531 3348 2553 3389 ,ε
2584 3332 2879 3400 Quiescite,
2910 3314 3119 3406 quaeso,
3147 3314 3411 3397 dimittite
3447 3314 3561 3410 me,
3604 3314 4030 3422 recedite;vquia’

742 3427 829 3468 ton
856 3414 975 3469 sine
1013 3426 1223 3501 magnae
1272 3410 1583 3466 formidinis
1631 3426 1837 3483 angore
1880 3414 2208 3512 gonscribo;
2258 3431 2377 3501 ηθΧ
2427 3422 2601 3500 jgssio
2628 3426 2985 3512 regis_urget.
3017 3428 3136 3484 Non
3166 3439 3253 3485 est
3301 3446 3431 3501 res,
3478 3450 3599 3503 qua
3629 3437 3828 3494 deferri
3857 3410 4033 3512 possit

728 3502 997 3567 videlicet,
1032 3481 1123 3557 vel
1148 3495 1411 3557 r’elatores
1443 3501 1550 3557 mei
1584 3481 1750 3558 merae
1778 3481 2027 3559 veri'i‘atis
2070 3481 2379 3562 semitam:

728 3608 831 3650 non
868 3594 1169 3659 tenuerint,
1198 3592 1283 3648 vel
1313 3593 1428 3663 ipse
1474 3607 1693 3663 quoque
1744 3594 2068 3649 rclationum
2102 3596 2157 3652 in
2193 3612 2330 3668 quo-

730 3685 857 3742 libet
880 3688 1169 3742 immemor
1220 3684 1495 3741 oblivione
1541 3684 1891 3755 deliquerim.
1942 3686 2327 3745 Verumtamen

730 3786 864 3835 teste
883 3778 1241 3843 conscientia,
1264 3792 1371 3833 non
1410 3778 1526 3834 haec
1550 3779 1853 3834 mentiendi
1882 3789 2029 3845 voto,
2065 3783 2162 3836 sed
2192 3783 2327 3839 tedi-

729 3868 1241 3931 ﬁcationis'aﬂ'ectu,
1269 3879 1436 3940 prout
1457 3869 1650 3924 melius
1676 3884 1930 3945 possum,
1958 3880 2184 3928 narrata
2239 3887 2386 3935 ινδ-θη,

726 3962 925 4029 colere,
953 3971 1147 4034 satago
1177 3960 1451 4019 schedulis
1482 3961 1767 4017 adnotare.
1809 3961 1867 4018 Si
1896 3960 2029 4034 quid
2059 3965 2193 4020 mihi
2244 3973 2325 4021 ta.

728 4069 846 4113 men
875 4058 931 4113 in
958 4058 1048 4114 his
1062 4055 1351 4112 oblivionis
1364 4055 1627 4125 obrepsit,
1646 4056 1756 4111 imo
1774 4056 2043 4127 quidquid
2066 4058 2327 4115 humana:

726 4149 1051 4206 conditionis
1119 4146 1439 4203 inﬁrmitate
1500 4147 1701 4218 deliqui
1752 4158 2045 4220 antequam
2094 4152 2327 4210 nexibus

727 4242 883 4312 hujus
903 4240 1090 4299 carnis
1117 4239 1387 4315 absolvar,
1415 4239 1595 4296 divina
1627 4240 1758 4296 mihi
1782 4241 1958 4312 pietas
1987 4242 2095 4299 tuis
2116 4244 2327 4301 oratio-

724 4334 885 4391 nibus
911 4334 966 4389 in
996 4332 1318 4389 memoriam
1342 4341 1586 4397 revocet,
1621 4347 1685 4389 ac
1706 4334 1867 4405 digne
1893 4334 2081 4406 lugere
2100 4336 2327 4406 permit-

726 4435 832 4495 tat;
862 4442 934 4483 ne
953 4426 1161 4509 viventi
1181 4425 1316 4481 mihi
1342 4425 1715 4495 paenitendum
1743 4425 1875 4496 quid
1923 4441 2152 4484 manere
2200 4443 2325 4500 pos-

726 4516 795 4573 sit
814 4518 1111 4583 occultum,
1140 4517 1285 4587 quod
1316 4518 1605 4575 morientis
1632 4518 1703 4574 sit
1737 4518 1914 4575 oculis
1938 4520 2319 4592 ingerendum.

792 4610 979 4667 llorno
1014 4610 1182 4666 abbas
1203 4608 1597 4678 Cluniacensis,
1623 4626 1747 4667 cum
1775 4611 1843 4667 ad
1868 4628 2027 4668 suum
2077 4630 2165 4670 me
2205 4630 2322 4671 mo-

724 4703 1023 4758 nasterium
1053 4700 1420 4771 perduxisset,
1449 4700 1620 4757 frater
1645 4703 1866 4772 quidam
1889 4719 2057 4760 senex
2084 4705 2140 4761 in
2167 4706 2322 4763 inﬁr-

724 4806 932 4847 morum
964 4793 1145 4853 domo.
1179 4791 1589 4863 ingravescente
1624 4792 1787 4849 totius
1806 4797 2052 4866 corporis
2083 4804 2317 4865 tumore,

723 4878 1029 4954 languebat.
1048 4880 1149 4937 Hic
1163 4896 1347 4952 porro,
1375 4896 1499 4937 cum
1520 4882 1732 4939 abbatis
1751 4885 2319 4955 comperissetadesse

2438 2042 2736 2109 deuntem,
2800 2056 2852 2101 et
2917 2048 3033 2104 hac
3088 2050 3253 2106 verba
3330 2053 3533 2111 clarius
3591 2061 4033 2129 exprimentem:

2438 2134 2583 2190 liora
2623 2139 2806 2201 venit,
2852 2140 3015 2196 homo
3064 2157 3172 2201 non
3224 2146 3392 2201 venit.
3439 2146 3536 2204 His
3574 2151 3776 2209 auditis
3821 2156 4037 2225 episco—

2436 2245 2538 2298 pus
2604 2230 2871 2291 sollicitus
2930 2234 3179 2289 redditur
3230 2255 3241 2291 :
3294 2246 3350 2293 et
3403 2245 3715 2312 recogitans
3763 2248 3867 2303 hoc
3917 2252 4041 2309 sine

2436 2324 2699 2392 mysterio
2728 2339 2850 2379 esse
2883 2340 2987 2381 non
3016 2340 3199 2396 posse,
3242 2328 3537 2387 adventum
3580 2335 3657 2388 rei
3704 2336 3892 2394 solerti
3943 2359 4039 2398 cu-

2440 2414 2618 2469 stodia
2668 2417 3035 2486 praestolatur.
3094 2418 3201 2475 Sed
3257 2422 3383 2477 dum
3432 2434 3671 2484 attentus
3725 2432 4041 2501 explorator

2438 2515 2744 2577 exspectat,
2795 2509 3035 2584 dumque
3065 2509 3182 2566 haec
3211 2520 3267 2568 et
3302 2512 3393 2568 illa
3430 2519 3717 2589 recogitat,
3750 2536 3879 2579 ecce
3912 2529 4039 2595 qui—

2435 2595 2559 2651 dam
2614 2597 2849 2655 clericus
2893 2601 3134 2669 agillime
3171 2606 3526 2676 properabat,
3565 2624 3877 2686 equumque
3920 2616 4039 2673 cal-

2433 2691 2652 2748 caribns
2681 2701 2947 2760 atterens,
2977 2710 3194 2752 amnem
3238 2700 3474 2756 transire
3502 2708 3832 2773 quantocius
3880 2708 4037 2766 festi-

2434 2781 2617 2837 nabat.
2652 2782 2948 2842 Admonuit
2982 2793 3165 2841 autem
3216 2803 3344 2845 suos
3375 2792 3686 2864 episcopus,
3734 2807 3794 2852 ut
3843 2799 4036 2858 obvios

2435 2889 2497 2929 se
2533 2876 2778 2931 venienti
2830 2876 3155 2935 festinanter
3203 2881 3542 2953 objicerent,
3590 2903 3825 2961 eumque
3869 2907 3902 2948 a
3948 2895 4035 2951 sui

2436 2979 2633 3022 cursus
2672 2968 2878 3038 impetu
2924 2971 3249 3028 retinerent.
3300 2974 3546 3047 Cumque
3603 2980 3693 3036 ille
3740 2985 4038 3054 perniciter

2433 3073 2769 3131 properans,
2814 3061 3015 3121 flumen
3063 3068 3467 3153 aggrederetur:
3475 3074 3902 3153 praecipitanter
3952 3080 4036 3136 in-

2433 3151 2657 3217 vadere,
2702 3167 2767 3209 ac
2811 3154 2934 3210 sine
2960 3169 3114 3211 mora
3154 3151 3651 3233 transire;—illiqu‘e
3696 3175 3885 3221 contra
3919 3168 4037 3224 vio—‘

2434 3238 2615 3298 lenter
2643 3243 2998 3315 obsisterent,
3046 3256 3103 3304 et
3143 3250 3374 3319 gradum
3407 3251 3573 3324 ﬁgere
3618 3258 4009 3328 compulissent

4017 3302 4035 3328 9

2432 3516 2488 3572 in
2533 3500 2855 3588 posterun}
2884 3519 3206 3594 Mysterium
3252 3500 3650 3598 misine-ibt,
3685 3500 4031 3594 ‘iit‘evit'ahilis

2432 3602 2731 3668 necessitas
2757 3614 3010 3684 imperat.
3041 3615 3183 3683 Quid
3226 3617 3418 3688 plura?
3463 3620 3700 3681 Sanctus
3742 3628 4031 3703 episcopus

2430 3716 2555 3756 eum
2590 3702 2983 3759 violentissime
3033 3715 3349 3775 retentum,
3403 3716 3807 3781 supervenienti
3862 3702 4028 3781 nocte

2430 3805 2615 3848 secum
2650 3794 2854 3850 habere
2880 3797 3058 3867 coegit
3105 3799 3424 3869 hospitium.
3472 3803 3599 3871 Sed,
3629 3821 3663 3863 o
3688 3809 3889 3867 misera
3926 3814 4031 3871 ho-

2431 3882 2599 3938 minis
2629 3890 2693 3939 ac
2733 3884 2965 3967 lugenda
2996 3890 3271 3957 conditio,
3324 3906 3445 3961 qua:
3495 3893 3709 3954 facilius
3750 3901 3892 3957 valet
3922 3906 4026 3963 sibi

2430 3977 2774 4047 consciscere
2825 3980 2967 4035 mala
3012 3975 3135 4038 cum
3190 3974 3424 4053 desunt,
3475 4002 3639 4059 quam
3683 3994 3857 4050 vitare
3895 4014 4023 4056 cum

2431 4064 2749 4122 imminent!
2784 4068 3053 4142 Episcopo
3102 4073 3313 4131 scilicet
3342 4091 3464 4132 cum
3496 4079 3610 4136 suis
3632 4085 3784 4153 gravi
3825 4086 4023 4158 sopore

2429 4157 2707 4253 depresso,
2741 4157 2830 4217 ille
2855 4177 2951 4217 vas
2977 4178 3132 4236 aqua:
3164 4167 3217 4221 in
3250 4169 3487 4240 hOSpitio
3514 4176 3740 4243 reperit,
3789 4180 3843 4236 in
3875 4184 4022 4253 quod

2429 4258 2595 4318 caput
2623 4249 2975 4324 immergcns,
3004 4270 3134 4311 suus
3164 4257 3280 4328 ipse
3304 4268 3480 4317 tortor
3510 4262 3755 4330 eﬁ'ectus,
3785 4284 3846 4324 se
3872 4249 4021 4328 fera-

2428 4336 2555 4394 liter
2584 4343 2854 4397 caecavit.
2889 4343 2995 4400 Sed
3022 4346 3163 4403 sicut
3201 4348 3327 4417 iste,
3358 4351 3485 4409 licet
3511 4357 3746 4425 occulto,
3772 4361 4022 4422 districto

2426 4438 2612 4488 tamen
2636 4432 2735 4489 Dei
2758 4434 2986 4506 judicio,
3018 4440 3201 4496 carnis
3232 4441 3510 4501 interitum
3535 4450 3789 4519 pertulit;
3818 4453 3892 4509 ita
3924 4471 4022 4525 per

2428 4521 2547 4592 ejus
2574 4525 2718 4595 piam
2752 4526 3099 4586 clementiam
3132 4542 3369 4592 mortem
3399 4538 3595 4596 anima:
3633 4544 3795 4600 simul
3825 4554 3879 4603 et
3900 4521 4021 4605 cior-

2425 4617 2577 4688 poris
2602 4618 2748 4675 alter
2780 4623 2976 4680 evasit.

3032 4719 3261 4779 CAPUT
3307 4723 3399 4780 IX.

2521 4804 2832 4879 Votifragus
2859 4810 3170 4877 inﬁrmitate
3197 4817 3504 4887 corripitur,
3530 4829 3586 4874 ut
3619 4825 3911 4891 resipiscat.

2492 4896 2631 4953 Nam
2672 4902 2817 4971 quod
2872 4918 3015 4959 nunc
3063 4905 3310 4962 dicturus
3358 4924 3503 4976 sum,
3554 4922 3607 4968 et
3644 4928 3713 4970 ex
3753 4916 4018 4977 relatione

721 4975 1088 5076 praesentiam,
1114 4972 1539 5076 lituseﬁ‘ectus,
1566 4974 1808 5076 divinam
1839 4977 2317 5076 cmpitimplorare
2414 4989 2531 5063 jam
2585 4991 2717 5048 dicti
2769 4992 3145 5053 Cluniaeensis
3193 5000 3406 5057 abbatis
3432 5043 3445 5067 ,
3490 4972 3669 5076 7598
3710 5015 3766 5062 et
3810 4972 4018 5069 exdo—re

724 5062 1386 5130 clementiam:Domine,
1444 5065 1645 5135 inquit,
1700 5079 1865 5139 quem
1919 5069 2129 5125 nullum
2184 5070 2319 5130 latet

723 5158 1015 5225 occultum,
1048 5172 1252 5229 quaeso,
1282 5160 1327 5216 si
1347 5158 1475 5230 quid
1497 5168 1682 5217 reatus
1706 5160 1765 5217 in
1787 5150 1876 5219 me
1902 5170 2009 5229 est,
2036 5167 2183 5235 quod
2203 5181 2313 5224 non

724 5249 822 5306 sim
844 5252 1127 5322 hucusque
1172 5250 1478 5317 confessus,
1524 5260 1581 5308 tu
1628 5253 1763 5309 mihi
1795 5255 2223 5315 misericorditer
2255 5261 2311 5318 in

724 5350 981 5405 memoria
1018 5362 1236 5415 revoca,
1268 5357 1537 5419 quatenus
1564 5349 1747 5406 abbati
1777 5365 1901 5407 meo
1919 5352 2047 5407 dum
2072 5364 2311 5424 praesens

726 5436 880 5512 597
910 5448 1018 5508 est,
1042 5454 1177 5511 pure
1202 5439 1495 5506 conﬁtear;
1525 5449 1691 5511 atque
1726 5441 1796 5498 ab
1828 5456 1914 5510 eo,
1942 5442 2036 5515 qui
2076 5443 2168 5515 jus
2204 5446 2309 5502 hoc

727 5529 884 5587 inme
923 5546 1040 5603 prae
1068 5531 1281 5588 caeteris
1327 5530 1508 5598 habet,
1551 5529 1826 5601 judicatus
1878 5533 2144 5590 absolvat.
2195 5534 2311 5592 Hoc

726 5620 889 5689 dicto,
911 5622 1220 5693 huiusmodi
1256 5638 1359 5680 vox
1387 5623 1612 5680 auribus
1642 5624 1763 5697 ejus
1814 5626 2057 5681 insonuit
2093 5645 2105 5681 :
2152 5626 2314 5683 Certe

727 5724 824 5782 est.
849 5726 1002 5774 certe
1028 5727 1113 5775 est
1140 5718 1344 5790 aliquid
1368 5718 1423 5775 in
1472 5727 1547 5786 te,
1600 5720 1748 5790 quod
1795 5719 2079 5777 confessus
2134 5722 2314 5780 adhuc

725 5821 832 5867 non
857 5824 939 5868 es.
992 5810 1356 5883 Cumquejlle
1398 5826 1589 5869 vocem
1646 5813 1821 5871 solam
1868 5815 2102 5881 audiret,
2144 5816 2240 5873 sed
2278 5832 2310 5873 a

727 5915 829 5973 quo
844 5904 1187 5975 procederet,
1210 5920 1317 5963 non
1347 5906 1576 5975 videret,
1600 5908 1812 5965 orando
1853 5908 2135 5980 subiunxit
2161 5925 2177 5967 :
2204 5909 2312 5965 Ex-

2420 5083 2588 5151 illius,
2619 5084 2707 5140 cui
2755 5101 2843 5141 res
2884 5086 2999 5157 ipsa
3044 5091 3369 5162 contigerat,
3418 5092 3759 5165 frequentius
3811 5103 4012 5158 audivi.

2418 5173 2753 5232 Adolescens
2788 5177 3010 5247 quidam
3036 5189 3158 5235 erat
3194 5181 3246 5235 in
3299 5181 3499 5239 ﬁnibus
3546 5186 3874 5256 Aquitaniae,
3921 5192 4015 5262 qui

2420 5280 2545 5322 cum
2574 5268 2771 5323 coaevi?
2822 5268 2935 5323 suis
2973 5269 3279 5339 juveneulis
3329 5273 3397 5328 de
3436 5275 3741 5333 animarum
3790 5295 4013 5337 suarum

2420 5357 2584 5429 cmpit
2612 5358 2788 5415 salute
2816 5366 3074 5417 tractare.
3105 5361 3510 5439 Delibera'tione
3544 5369 3827 5438 praemissa
3846 5413 3861 5439 ,
3891 5380 4016 5428 tan-

2418 5448 2541 5505 dem
2569 5458 2838 5519 statuunt,
2883 5467 2949 5509 ac
2984 5454 3226 5510 unanimi
3274 5455 3503 5513 invicem
3554 5460 4015 5522 confoederatione

2416 5553 2747 5615 proponunt,
2794 5554 2849 5600 et
2892 5547 3149 5601 mundani
3197 5548 3375 5602 cultus
3408 5564 3632 5621 pompas
3669 5550 3920 5621 abjicere,
3957 5563 4013 5609 ct

2418 5635 2488 5690 ad
2518 5636 2834 5692 monasticae
2863 5639 3293 5694 conversationis
3340 5642 3587 5698 ordinem
3620 5646 4005 5718 commigrare.

2419 5728 2525 5785 Sed
2554 5731 2681 5785 dum
2712 5746 2800 5785 res
2831 5730 3010 5787 adhuc
3046 5747 3308 5803 suSpeusa
3338 5732 3609 5804 diﬁ'ertur,
3651 5738 3777 5793 dum
3822 5754 4006 5797 rerum

2413 5822 2550 5879 ordo
2588 5822 2873 5894 multiplici
2915 5825 3180 5880 varietate
3231 5830 3577 5895 concutitur;
3631 5829 3749 5899 ipse
3792 5846 4013 5904 quoquo

2416 5922 2572 5973 tener
2615 5913 2978 5973 adolescean
3013 5918 3229 5974 animus
3277 5918 3419 5977 ﬁxus
3468 5922 3526 5978 in
3576 5934 3675 5979 suo
3730 5923 4011 5996 proposito

4874 6224 5106 6408 ἀ
