5664 6766
109 6372 1385 6668 δ’

2264 393 2365 451 585

2682 390 2742 445 S.
2781 386 2982 443 PETRI
3022 380 3302 438 DAMIANI
3342 380 3493 437 OPP.
3541 374 3776 434 TOMUS
3815 372 3942 431 SEU
3982 374 4161 432 PARS
4200 374 4284 430 Ill.
4315 402 4383 415 -
4420 371 4785 430 OPUSCULA
4821 370 5046 426 VARIA.

5393 372 5497 430 58$

2264 524 2368 562 non
2414 512 2639 559 tenetur.
2691 500 2827 567 Quid
2873 496 3076 552 multa?
3123 494 3325 571 Mutata
3382 493 3597 563 penitus
3646 496 3826 544 mente
3854 488 4037 551 ASed
4091 491 4196 557 jam
4252 506 4308 545 se
4339 490 4637 557 reprimens
4684 488 4921 545 calamus
4969 486 5214 544 cohibeat
5263 488 5493 559 stylum,

2264 596 2607 667 desponsavit
2640 608 2881 646 uxorem.
2928 590 3168 657 Cumque
3207 602 3303 656 per
3352 598 3662 655 processum
3696 590 3827 634 tem-

2260 690 2407 758 poris
2440 701 2589 741 mens
2622 684 2738 772 eju.s
2766 692 2819 736 et
2844 680 3157 735 memoriam
3204 678 3373 733 sancti
3406 673 3661 745 propositi
3696 686 3824 740 pau-

2262 781 2409 835 latim
2439 779 2502 833 de
2524 794 2581 832 se
2604 770 2827 847 prorsus
2852 773 3121 837 eraderet,
3165 780 3219 825 et
3270 770 3367 824 sub
3411 774 3669 837 praetextu
3698 778 3828 817 con-

2256 870 2390 938 jugii
2434 870 2501 923 ad
2544 866 2859 936 explendam
2909 862 3146 917 carnalis
3192 860 3451 914 illeceb..e
3500 854 3829 923 voluptatem

2262 959 2627 1030 impatientius
2662 955 2935 1019 ebulliret,
2986 954 3168 1007 divina
3218 965 3376 1019 super
3419 963 3540 1002 eum
3572 946 3830 1013 vigilante

2264 1052 2564 1114 clementia,
2599 1048 2777 1103 subito
2820 1047 3077 1115 languore
3122 1056 3406 1114 percussus
3434 1050 3535 1103 cst,
3580 1055 3643 1093 ac
3670 1038 3829 1108 paulo

2260 1149 2381 1209 post
2429 1138 2494 1192 ad
2542 1146 2781 1192 extrema
2821 1135 3083 1204 pervenit.
3132 1130 3464 1186 Necessariis
3511 1129 3714 1198 igitur,
3767 1140 3827 1179 ac

2260 1226 2577 1298 propinquis
2629 1227 2695 1280 de
2752 1223 2862 1292 jam
2920 1222 3075 1291 quasi
3139 1220 3370 1275 defuncti
3434 1216 3829 1287 disputantibus

2262 1318 2558 1388 sepultura,
2605 1318 2729 1371 dum
2757 1317 2809 1369 in
2840 1314 3013 1367 medio
3056 1312 3263 1381 positus
3300 1310 3574 1363 videretur
3602 1308 3829 1362 cadaver

2262 1383 2538 1471 exanime,
2586 1410 2780 1474 vixque
2827 1404 3001 1459 tenuis
3047 1403 3264 1472 quidam
3314 1412 3488 1457 motus
3517 1403 3568 1455 in
3598 1400 3711 1468 ejus
3740 1413 3829 1467 pc«

2258 1509 2407 1555 ctore
2438 1497 2759 1567 palpitaret;
2810 1508 2936 1549 ecce
2972 1494 3078 1547 duo
3125 1493 3387 1547 teterrimi
3422 1507 3483 1544 ac
3516 1490 3679 1543 trucis
3712 1487 3828 1539 vul-

2259 1601 2347 1646 tus
2398 1588 2680 1657 Ethiopes
2739 1601 2862 1641 eum
2919 1585 3001 1653 (ut
3058 1585 3157 1638 sibi
3210 1581 3509 1650 videbatur)
3577 1590 3828 1649 tanquam

2260 1680 2445 1735 leones
2482 1680 2754 1747 rugientes
2804 1676 3099 1739 invadunt,
3155 1673 3335 1743 rapaci
3386 1671 3669 1725 ferocitate
3714 1685 3833 1723 cor-

2258 1773 2483 1842 ripiunt,
2514 1773 2581 1826 de
2606 1785 2829 1841 corpore
2876 1768 3134 1821 violenter
3182 1765 3447 1829 evellunt,
3499 1780 3621 1819 mox
3671 1764 3831 1835 pedes

2259 1864 2397 1932 ejus,
2431 1874 2485 1917 et
2532 1864 2750 1918 brachia
2784 1862 2935 1915 duris
2966 1859 3187 1929 alligant
3220 1860 3468 1921 nexibus,
3505 1860 3691 1929 sicque
3720 1858 3827 1911 vel-
3856 1838 3903 1898 Β

2257 1963 2316 2007 ut
2348 1954 2554 2007 haedum
2583 1954 2634 2005 in
2663 1951 2929 2021 phalanga
2978 1950 3265 2019 pendulum
3293 1948 3428 2003 alter
3455 1958 3574 2018 post
3602 1948 3825 2002 alterum

2258 2042 2495 2113 bajulare
2524 2051 2825 2111 cmperunt.
2852 2040 2997 2109 Quos
3020 2049 3198 2095 autem
3231 2041 3462 2105 dolores,
3490 2048 3541 2093 et
3568 2039 3828 2091 torsiones

2260 2133 2375 2207 ipse
2418 2132 2730 2206 pertulerit,
2788 2138 3085 2204 quantum,
3138 2142 3192 2185 et
3248 2130 3423 2199 qualia
3472 2127 3698 2189 viderit,
3745 2125 3827 2179 vel

2261 2229 2511 2293 audierit,
2562 2242 2657 2296 per
2700 2227 3094 2295 quamplurima
3141 2240 3260 2279 eum
3310 2224 3424 2277 loca
3473 2218 3826 2279 vectaverint,

2262 2317 2575 2387 perlongum
2602 2324 2684 2370 est
2712 2332 2814 2369 non
2847 2322 3051 2367 tantum
3104 2312 3240 2382 stylo
3273 2312 3526 2379 dirigere,
3562 2309 3653 2361 sed
3695 2307 3824 2360 sim-

2261 2409 2489 2475 plicibus
2515 2419 2728 2475 quoque
2758 2405 2937 2458 verbis
2973 2420 3035 2458 ex
3066 2418 3159 2457 ore
3186 2417 3281 2473 per
3306 2401 3552 2455 ordinem
3588 2397 3826 2452 referen-

2263 2499 2333 2552 tis
2369 2499 2572 2552 audire.
2626 2496 2739 2551 Hoc
2771 2505 2974 2549 tantum
3018 2495 3105 2549 hic
3158 2495 3355 2549 inferre
3405 2491 3656 2555 suﬁiciat,
3705 2492 3829 2559 quia

2264 2588 2388 2641 dum
2449 2601 2545 2655 per
2597 2586 2841 2640 obscurae
2890 2584 3136 2655 caliglnis
3177 2600 3298 2637 eum
3349 2583 3463 2635 loca
3512 2588 3829 2649 portarent;

2261 2692 2385 2731 cccc
2430 2676 2491 2728 Β.
2522 2676 2715 2730 Petrus
2763 2676 3032 2743 apostolus
3083 2674 3395 2743 splendidus
3432 2682 3485 2725 ct
3538 2684 3833 2725 coruscans

2260 2767 2518 2830 occurrit,
2560 2780 2789 2834 eumque
2840 2767 2904 2819 de
2953 2766 3279 2833 portantium
3328 2764 3567 2817 humeris
3594 2769 3829 2829 raptum,

2260 2857 2509 2920 nexibus,
2536 2856 2733 2925 quibus
2762 2855 3077 2925 angebatur,
3109 2853 3357 2907 absolvit.
3386 2852 3463 2906 llli
3492 2866 3617 2906 mox
3644 2850 3831 2903 relicta

2210 2982 2215 2987 -
2260 2946 2442 3016 praeda
2471 2946 2765 2999 stridentes
2794 2942 3064 3007 dentibus,
3108 2952 3162 2996 et
3204 2942 3468 3010 cjulantes
3514 2940 3827 3000 abscedunt,

2264 3033 2575 3101 factumque
2618 3032 2721 3087 sibi
2766 3031 3134 3101 praeiudicium
3172 3030 3377 3086 flebiles
3404 3038 3829 3099 conqueruntur.

2261 3126 2459 3180 Beatus
2503 3134 2682 3179 autem
2729 3124 3003 3193 apostolus
3052 3123 3446 3178 adolescentem
3493 3124 3557 3175 ad
3590 3120 3833 3175 Cluniaci

3930 594 3997 634 ne
4038 581 4273 649 regulam
4318 580 4601 635 brevitatis
4639 579 4863 634 excedat
4902 578 5187 647 cpistolare
5240 596 5495 649 compen-

3934 674 4098 729 dium.

4001 761 4257 826 Scribite,
4299 764 4341 817 si
4388 763 4561 831 placet
4606 761 4873 817 distichon
4913 760 5052 815 istud
5094 762 5145 815 in
5187 760 5490 826 refectorio,

3930 852 4027 910 sub
4047 855 4270 923 pedibus
4301 858 4689 925 apostolorum.

4083 946 4210 1009 lgnit
4231 950 4541 1007 apostolicum
4567 949 4840 1009 linguarum
4867 949 5055 998 ﬂamma
5080 954 5317 1005 senatum,

4084 1006 4333 1060 Germinat
4357 1019 4407 1061 et
4431 1013 4586 1061 varias
4607 1006 4743 1073 quasi
4775 1023 4867 1061 vox
4891 1010 5094 1061 fecunda
5119 1010 5352 1074 loquelas.

4465 1248 4966 1310 DlSPUTATlO.

3964 1367 4051 1420 DE
4082 1364 4306 1422 VARUS
4342 1368 4909 1425 APPARITIONIBUS
4946 1368 5033 1423 ET
5072 1366 5457 1424 MIRACULIS.

3929 1480 4323 1551 Aacunmrun.
4346 1510 4412 1551 -έ
4438 1481 4857 1550 Arcliiepiscopo
4877 1521 4891 1546 ,
4944 1487 5133 1551 utpote
5174 1480 5263 1549 qui
5301 1478 5497 1551 talibus

3998 1549 4161 1602 rebus
4181 1550 4467 1604 audiendis
4500 1549 4826 1619 magnopere
4871 1549 5256 1615 delectabatur,
5288 1550 5499 1603 nuntiat

3999 1621 4288 1673 canonicos
4320 1621 4636 1675 Velitrensis
4666 1621 4917 1680 Ecclesia:
4938 1660 4952 1685 ,
4979 1622 5063 1674 cui
5114 1621 5225 1689 ipse
5271 1626 5500 1688 prmerat

4000 1690 4284 1743 emersisse
4318 1692 4533 1744 tandem
4573 1692 4889 1758 aliquando,
4929 1698 4983 1743 et
5015 1706 5069 1743 se
5104 1690 5169 1744 ad
5199 1690 5412 1749 bonam.
5442 1697 5502 1742 ut

4002 1761 4239 1823 dicitur,
4292 1760 4498 1829 frugem
4561 1762 4866 1830 recepisse,
4910 1774 5107 1829 eosque
5161 1760 5308 1823 juxta
5360 1772 5501 1826 pra:-

4000 1831 4259 1898 scriptam
4290 1831 4389 1884 sibi
4425 1830 4783 1898 disciplinam,
4836 1846 4941 1884 non
4990 1839 5047 1882 ut
5093 1838 5214 1882 ante
5260 1839 5500 1898 coactos,

4002 1895 4339 1967 sed'sponte
4385 1910 4437 1952 et
4486 1895 4713 1955 libenter
4767 1902 4931 1953 vitam
4980 1900 5275 1953 instituere.
5332 1895 5503 1950 Aﬂ'ert

4001 1970 4193 2023 deinde
4225 1969 4477 2023 nonnulla
4528 1970 4771 2037 exempla
4803 2010 4817 2033 ,
4862 1978 4916 2021 et
4960 1970 5114 2030 mira,
5168 1982 5282 2036 quae
5316 1967 5500 2021 multis

4001 2040 4359 2107 contigerunt,
4409 2054 4475 2093 ex
4507 2041 4703 2110 quibus
4729 2054 4833 2093 non
4864 2053 5028 2109 parva
5070 2037 5271 2092 utilitas
5293 2037 5500 2107 percipi

4002 2119 4198 2178 potest.

4002 2214 4210 2271 Domno
4238 2217 4303 2271 Α.
4338 2216 4629 2272 venerabili
4679 2217 5112 2286 archiepiscopo,
5145 2216 5356 2270 Psrsus
5384 2231 5504 2286 pec-

3931 2319 4084 2363 cator
4114 2313 4411 2365 monachus
4442 2309 4768 2378 plenissima:
4796 2309 5095 2363 devotionis
5115 2306 5381 2362 aﬂ‘ectum.

4001 2404 4134 2470 Quia
4191 2405 4311 2457 novi
4363 2412 4606 2457 sanctam
4655 2412 4887 2455 mentem
4926 2412 5125 2465 tuam,
5182 2400 5505 2455 venerabilis

3930 2492 4111 2560 Pater,
4144 2494 4413 2565 prrecipue
4440 2493 4505 2546 de
4549 2494 4824 2547 hominum
4870 2490 5039 2545 salute
5085 2490 5340 2558 gaudere,
5371 2489 5505 2543 adeo

3932 2594 3993 2641 ut
4038 2602 4157 2639 cum
4202 2587 4503 2639 animarum
4554 2595 4605 2639 te
4649 2584 4874 2654 contigit
4926 2582 5112 2637 audire
5162 2580 5458 2651 profectum
5487 2619 5503 2647 ,

3934 2678 4072 2731 velut
4107 2679 4173 2730 ad
4206 2678 4440 2731 dulcium
4482 2677 4762 2747 epularum
4814 2676 5098 2747 aggliscas,
5128 2689 5192 2729 ac
5220 2672 5505 2729 delecteris

3933 2766 4189 2821 edulium.

4006 2855 4201 2909 Refero
4230 2856 4322 2910 tibi
4348 2857 4413 2910 de
4444 2856 4717 2910 canonicis
4745 2857 4977 2922 nostris,
5026 2865 5222 2911 sancta:
5257 2856 5508 2911 videlicet

3934 2944 4254 2999 Velitrensis
4283 2944 4555 3007 Ecclesiae,
4585 2942 4711 3013 quia
4742 2945 4832 3014 qui
4866 2946 4962 3000 sub
5006 2946 5187 2999 multis
5232 2945 5506 3000 laboribus

3936 3035 4133 3089 nostris
4176 3046 4335 3104 atque
4384 3035 4666 3090 sudoribus
4716 3035 5107 3105 incorrigibiles
5153 3036 5504 3100 videbantur,

3932 3123 4043 3192 jam
4075 3140 4171 3193 per
4202 3124 4433 3178 divinam
4480 3124 4709 3194 gratiam
4760 3124 5115 3193 resipiscunt,
5142 3134 5195 3180 et
5224 3139 5318 3195 per
5346 3140 5509 3180 cano-

2264 3218 2648 3272 monasterium
2681 3229 2864 3271 secum
2897 3216 3069 3280 dum,
3110 3216 3266 3284 eique
3299 3214 3598 3268 forinsecus
3635 3212 3831 3281 posito,
3860 3204 3907 3268 C
3938 3216 4073 3270 nica:
4108 3215 4304 3284 regulae
4334 3217 4602 3271 tramitem
4642 3232 4747 3271 non
4789 3215 4898 3285 jam
4928 3218 5119 3283 coacti,
5150 3218 5241 3291 sed
5273 3218 5509 3286 gauden-

2260 3323 2404 3373 sese,
2427 3309 2595 3363 donec
2623 3317 3004 3373 reverteretur,
3028 3317 3342 3377 exspectare
3374 3308 3647 3377 prmccpit.
3700 3306 3832 3374 Ego,

2260 3397 2459 3467 inquit,
2489 3412 2664 3452 meum
2694 3400 3079 3453 monasterium
3106 3395 3412 3468 ingrediens
3439 3399 3617 3462 visito,
3644 3412 3708 3451 ac
3743 3412 3837 3465 per

2266 3490 2551 3543 circuitum
2579 3499 2771 3544 cuncta
2798 3490 3152 3558 perlustrans,
3182 3491 3311 3558 quid
3342 3498 3547 3559 agatur,
3577 3488 3795 3542 attendo
3820 3505 3833 3540 :

2267 3580 2463 3635 deinde
2488 3580 2553 3634 ad
2592 3590 2661 3641 te,
2698 3580 3054 3635 consideratis
3080 3581 3346 3643 omnibus,
3376 3580 3557 3633 redeo.
3583 3578 3685 3632 Sed
3711 3594 3836 3633 mox

2265 3679 2322 3723 ut
2353 3670 2454 3722 iste
2492 3667 2706 3722 relictus
2733 3678 2813 3723 est
2840 3668 3005 3731 solus,
3054 3684 3181 3723 ecce
3208 3667 3539 3722 crudeliores
3570 3678 3625 3721 et
3655 3668 3835 3722 acrio-

2266 3772 2352 3812 res
2384 3752 2543 3811 iidem
2574 3764 2921 3812 revertuntur
2964 3756 3268 3827 Etliiopes,
3322 3766 3376 3811 et
3428 3772 3532 3809 non
3577 3757 3690 3826 jam
3739 3771 3836 3827 per

2268 3862 2460 3901 manus
2500 3856 2554 3901 et
2598 3846 2779 3917 pedes,
2808 3847 2901 3901 sed
2928 3861 3025 3915 per
3070 3846 3320 3916 genitalia
3361 3846 3473 3914 ipsa
3518 3845 3834 3912 corripiunt,

2270 3952 2501 4005 eumque
2531 3938 2608 3992 sic
2633 3953 2737 3992 non
2763 3938 2878 3991 sine
2901 3938 3217 4006 gravissimo
3238 3936 3380 3990 illius
3403 3936 3585 3990 dolore
3616 3949 3839 4003 suspen-

2271 4029 2423 4082 dunt.
2472 4028 2603 4082 Nam
2650 4029 2795 4082 velut
2845 4030 2891 4083 si
2945 4012 3355 4097 rostro‘passcr
3415 4028 3722 4097 accipitris,
3756 4024 3839 4081 vel

2275 4120 2525 4189 aquilinis
2560 4122 2826 4191 unguibus
2866 4120 3111 4175 columba
3142 4120 3716 4190 rapiaturimplumis;
3760 4120 3840 4173 sic

2271 4226 2301 4262 a
2359 4210 2602 4278 reprobis
2649 4208 2754 4264 illis
2796 4209 3073 4278 spiritibus
3135 4210 3301 4263 miser
3355 4209 3456 4263 iste
3508 4209 3838 4278 corripitur,

2276 4303 2512 4356 trahitur
2538 4302 2785 4368 libratus,
2828 4318 2925 4372 per
2953 4302 3181 4356 verenda
3214 4301 3577 4371 suspenditur,
3606 4311 3659 4355 et
3689 4300 3841 4370 quasi

2268 4404 2588 4465 recuperata
2638 4396 2855 4466 praeda,
2914 4410 3032 4463 qua:
3097 4394 3270 4448 fuerat
3326 4394 3570 4463 perdita,
3632 4394 3841 4464 longius

2266 4492 2613 4555 asportatur;
2644 4500 2766 4539 cum
2800 4498 2925 4539 ecce
2952 4482 3143 4539 beatus
3176 4484 3366 4538 Petrus
3396 4484 3626 4538 radianti
3659 4486 3838 4549 nimis,

2267 4554 2343 4631 ac,
2360 4575 2587 4631 terribili
2631 4575 2914 4645 splendore
2944 4576 3284 4645 conspicuus,
3336 4590 3394 4629 se
3438 4584 3691 4645 tanquam
3744 4554 3919 4629 ful-D

2268 4681 2392 4720 men
2454 4666 2670 4736 injecit,
2728 4667 2972 4737 rapinam
3023 4683 3173 4721 suam
3221 4666 3375 4735 quasi
3429 4682 3525 4736 per
3579 4667 3839 4736 impetum

2268 4755 2490 4809 violenti
2544 4757 2764 4825 spiritus
2813 4758 3201 4825 apprehendit,
3267 4767 3322 4812 et
3393 4758 3633 4813 clavibus
3705 4775 3841 4829 quas

2269 4861 2431 4899 manu
2464 4846 2732 4915 gestabat,
2774 4855 3020 4915 raptores
3048 4848 3407 4915 nequissimos
3436 4850 3699 4903 acerrime
3724 4865 3842 4904 ver-

2269 4934 2498 4989 beravit.
2551 4933 2671 4989 Mox
2730 4934 2877 4989 illum
2939 4936 3007 4990 ad
3073 4936 3289 4991 domum
3340 4939 3612 5007 propriam
3674 4954 3841 5008 usque

2271 5023 2540 5093 perduxit,
2582 5025 2914 5093 reddensquc
2965 5026 3211 5096 spiritum
3273 5029 3507 5096 corpori,
3558 5039 3840 5097 utramque

2276 5113 2439 5169 saluti
2489 5114 2840 5168 substantiam
2898 5117 3232 5173 reformavit.
3277 5118 3408 5173 Nam
3459 5120 3550 5174 ille
3596 5122 3841 5190 protinus

2274 5201 2702 5266 convalescens,
2752 5202 2913 5274 599
2940 5208 3119 5261 domui
3171 5223 3281 5262 sua:
3331 5208 3449 5263 sine
3500 5212 3842 5264 cunctatione

2275 5291 2557 5359 disposuit,
2607 5300 2769 5359 atque
2798 5294 2864 5347 ad
2908 5292 3257 5352 Cluniaeense
3300 5301 3684 5353 monasterium
3720 5316 3842 5369 pro-

2276 5396 2495 5452 perans,
2520 5395 2718 5438 sanctae
2742 5387 3171 5442 conversationis
3210 5389 3447 5444 habitum
3478 5389 3681 5444 fervida
3710 5392 3845 5446 satis

2280 5475 2561 5530 devotione
2589 5479 2840 5546 suscepit.
2874 5478 2965 5532 Sic
3002 5480 3180 5549 itaque
3207 5480 3396 5535 divinae
3425 5482 3632 5537 militia:
3670 5493 3844 5537 trans-

2277 5564 2443 5636 fuga,
2517 5567 2639 5621 dum
2712 5570 2919 5637 paterni
2987 5570 3229 5625 verberis
3292 5571 3572 5642 disciplina
3627 5575 3843 5629 coalitus

2280 5659 2544 5723 eruditur,
2600 5660 2664 5713 de
2712 5675 2869 5715 manu
2916 5664 3125 5717 cruenti
3181 5664 3449 5734 praedonis
3495 5666 3740 5736 eripitur,
3791 5675 3845 5720 et

2281 5750 2396 5804 ovis
2424 5750 2679 5808 oberrans
2706 5753 2771 5807 ad
2796 5753 2994 5825 proprii
3024 5755 3254 5825 pastoris
3281 5754 3513 5826 mapalia
3536 5765 3839 5813 revocatur.

3937 3313 4019 3359 tes
4046 3305 4320 3358 incedunt.
4359 3304 4754 3375 Unusquisque
4778 3315 5035 3375 praeterea
5066 3320 5249 3359 eorum
5279 3306 5509 3374 quadra-

3938 3396 4180 3465 gesimali
4216 3404 4453 3465 tempore
4480 3397 4719 3465 quotidie
4756 3396 5068 3466 psalterium
5112 3397 5379 3467 complet;
5412 3397 5508 3451 trio

3936 3486 4039 3541 bus
4061 3501 4158 3554 per
4179 3486 4571 3541 hebdomadam
4594 3487 4782 3541 diebus
4804 3502 4990 3542 omnes
5015 3488 5138 3541 vino
5159 3497 5212 3541 et
5236 3487 5508 3557 pulmento

3937 3578 4297 3632 communiter
4328 3577 4632 3642 abstinent;
4665 3585 4978 3646 tantumque
5004 3578 5258 3633 districta:
5282 3593 5508 3633 convcr-

3937 3667 4163 3721 sationis
4192 3665 4443 3721 videntur
4478 3668 4675 3723 habere
4730 3667 5035 3733 fervorem,
5092 3676 5151 3722 ut
5199 3683 5293 3738 per
5344 3678 5505 3722 totam

3938 3761 4447 3830 Quadragesimam,
4488 3776 4608 3828 qua:
4649 3770 4733 3815 est
4774 3771 4898 3815 ante
4948 3761 5189 3817 Pascha:
5243 3770 5298 3815 et
5340 3760 5501 3825 illam,

3940 3865 4059 3920 quae
4087 3849 4429 3905 Nativitatem
4460 3850 4669 3905 Domini
4699 3852 4865 3905 nostri
4894 3849 5016 3905 Jesu
5050 3850 5247 3905 Christi
5283 3864 5506 3905 consue—

3943 3942 4257 3997 tudinaliter
4286 3942 4590 4005 antecedit,
4629 3942 4801 3997 tribus
4848 3942 4899 3995 in
4948 3943 5277 3997 hebdomada
5324 3943 5507 3995 diebus

3940 4028 4311 4104 unusquisque
4338 4050 4395 4088 se
4438 4034 4489 4087 in
4518 4033 4754 4103 capitulo
4795 4048 4975 4089 coram
5024 4034 5279 4087 fratribus
5324 4042 5502 4096 exuat,

3941 4133 3996 4177 et
4054 4122 4269 4191 pmpria
4334 4131 4553 4191 peccata
4610 4124 4928 4187 confessus,
4976 4124 5105 4176 dura
5154 4121 5503 4193 corrigiarum

3944 4214 4149 4268 scutica
4193 4211 4429 4281 perferat
4460 4213 4817 4282 disciplinam.
4856 4213 4911 4266 ln
4959 4227 5063 4281 quo
5096 4212 5340 4267 videlicet
5382 4227 5503 4266 san-

3944 4314 4043 4359 cta:
4074 4303 4505 4358 conversationis
4533 4303 4730 4357 indicio
4759 4311 4911 4373 potes
4933 4300 5210 4357 manifeste
5236 4300 5499 4371 colligere,

3942 4395 4072 4463 quid
4123 4395 4187 4448 de
4245 4394 4457 4448 caeteris
4502 4393 4627 4449 vita:
4679 4396 4890 4456 modis,
4938 4403 4994 4449 et
5048 4394 5504 4447 observationibus

3945 4485 4143 4540 debeas
4168 4484 4457 4538 aestimare.
4489 4484 4574 4549 Et,
4609 4499 4641 4539 ο
4686 4484 4964 4554 disciplina
5016 4482 5316 4546 salutifera,
5354 4481 5503 4536 nimi-

3944 4593 4062 4633 rum
4090 4577 4273 4631 carnis
4304 4574 4551 4629 alllictio!
4600 4577 4653 4629 in
4694 4591 4796 4645 qua
4840 4576 4963 4630 dum
5010 4588 5199 4643 corpus
5230 4576 5295 4627 ad
5322 4572 5505 4626 huma-

3945 4681 4073 4720 num
4129 4664 4291 4736 600
4350 4665 4583 4719 nudatur
4640 4675 4950 4735 aspeCtum.
5005 4670 5129 4720 ante
5184 4660 5277 4717 Dei
5326 4662 5503 4717 oculos

3946 4755 4358 4811 coruscantibus
4401 4755 4730 4809 indumentis
4777 4762 4997 4825 apparet
5039 4762 5303 4809 ornatum.
5341 4752 5503 4807 Porro

3943 4846 4033 4900 vix
4066 4846 4189 4899 dum
4221 4844 4421 4900 mensis
4445 4859 4697 4900 emensus
4739 4854 4819 4899 est
4850 4860 4955 4915 quo
5009 4859 5096 4899 res
5138 4844 5359 4915 contigit
5405 4844 5500 4898 ista

3945 4951 4107 5006 quam
4140 4934 4332 4991 refero.

4124 5024 4248 5079 Car.
4280 5041 4503 5080 paruum.
4533 5023 4784 5079 Baruncii
4804 5026 5027 5080 eremin
5046 5026 5309 5080 sanctitas.

4018 5116 4311 5172 Baruncius
4372 5118 4529 5187 plane
4581 5118 4712 5173 mihi
4774 5118 4939 5173 frater
4994 5119 5299 5181 unanimis,
5349 5124 5401 5171 et
5448 5118 5496 5171 in

3949 5211 4146 5265 amoris
4175 5209 4427 5279 praecipui
4457 5209 4738 5266 dulcedine
4766 5208 5068 5280 singularis,
5096 5208 5274 5262 nonin
5298 5222 5496 5271 eremo,

3948 5302 4038 5355 sed
4092 5303 4143 5355 in
4182 5302 4305 5354 villa
4354 5302 4581 5371 quadam
4632 5314 4814 5356 eremo
4863 5298 5132 5367 subjecta,
5191 5297 5314 5351 dum
5372 5310 5496 5367 opus

3951 5404 4135 5464 ageret
4160 5392 4544 5457 acoessarium,
4594 5392 4905 5462 languorum
4940 5390 5164 5444 incurrit
5188 5397 5487 5443 extremum.

3950 5485 4051 5553 Qui
4102 5486 4226 5540 dum
4281 5485 4382 5539 sibi
4446 5484 4812 5539 imminentem
4867 5490 5213 5548 cognosceret
5259 5479 5493 5543 obitum,

3951 5575 4227 5634 fratribus,
4272 5574 4362 5643 qui
4412 5574 4513 5629 sibi
4556 5572 4859 5629 sedulitatis
4891 5572 5121 5627 ofﬁcium
5165 5570 5493 5635 exhibebant,

3950 5666 4323 5736 paenitentiam
4368 5664 4466 5719 sibi
4504 5664 4783 5734 proposuit
4812 5664 5056 5733 injungi:
5099 5661 5187 5732 qui
5220 5660 5342 5716 dum
5375 5670 5493 5725 tres,

3949 5755 4035 5813 vel
4058 5765 4119 5813 ut
4141 5754 4392 5823 multum,
4424 5762 4651 5825 quatuor
4697 5754 4951 5825 psalmos,
4990 5761 5170 5825 utpote
5216 5759 5415 5817 sancto,
5447 5758 5497 5804 et
