5664 6746
108 6 1743 231 ’ν’-ν

11 6394 1436 6746 μ’

2330 402 2431 456 587

2770 401 2826 453 8.
2865 401 3063 457 PETRI
3105 400 3382 456 DAMIAXI
3416 400 3569 460 OPP.
3606 401 3837 459 TOMUS
3874 402 4002 461 SEU
4034 401 4212 460 PARS
4248 403 4336 459 Ill.
4376 432 4449 444 —
4484 401 4840 460 OPUSCULA
4873 401 5094 459 VARIA.

5454 403 5550 461 588

2328 517 2530 569 t-liuarc
2555 528 2658 570 non
2691 524 2891 583 posset.
2933 522 3085 567 itane
3118 516 3299 583 itaque
3332 524 3697 569 transeuntem
3721 516 3890 583 proti-
3920 530 3968 581 Α
3998 514 4106 576 Illa,
4130 530 4247 583 quae
4275 515 4328 567 in
4360 515 4502 567 atrio
4531 516 4767 569 Lastticze
4800 525 4901 568 tute
4931 517 5145 580 majoris
5176 512 5315 569 nuda
5345 524 5401 569 et
5449 528 5547 571 tre-

2329 621 2431 660 nns
2462 605 2735 674 inquisivit
2768 620 2780 654 :
2819 602 2972 663 Num,
3005 601 3200 669 inquit,
3244 609 3299 654 ttt
3347 612 3643 656 commater
3663 616 3780 654 mea
3810 618 3889 665 es,

2330 695 2555 747 l'darozia
2588 692 2855 763 videlicet,
2883 706 3001 759 qua:
3040 691 3238 745 dudum
3273 689 3520 743 defuncta
3568 696 3659 744 es?
3684 691 3792 744 Hoc
3819 692 3891 745 illi

2328 764 2637 839 vocabulum
2666 782 2861 846 fuerat,
2883 784 3006 837 dum
3034 782 3326 836 adviveret.
3357 782 3469 848 Qua
3498 782 3888 849 respondente:

2328 880 2441 944 Ipsa
2474 892 2611 931 sum.
2642 877 2705 929 Et
2738 874 3025 943 quomodo,
3058 873 3251 943 inquit,
3278 875 3367 927 tibi
3419 888 3562 927 nunc
3609 873 3723 925 est?
3755 873 3839 925 Ait
3876 889 3887 923 :

2328 967 2510 1034 Usque
2529 965 2684 1019 bodie
2710 979 2809 1017 non
2835 964 2966 1017 levis
3001 977 3087 1027 mc
3110 978 3265 1032 paena
3295 962 3629 1025 constrinxit,
3659 963 3784 1031 quia
3812 963 3893 1015 vi-

2326 1054 2517 1107 delicet
2543 1066 2636 1123 per
2666 1050 2897 1105 lasciviae
2944 1052 3232 1120 petulantis
3255 1049 3531 1103 illecebras
3566 1066 3685 1103 eum
3711 1061 3891 1105 cocta-

2327 1144 2442 1197 neis
2464 1156 2550 1195 me
2569 1141 2759 1211 puellis
2789 1142 2842 1194 in
2866 1149 3049 1195 tenera
3078 1140 3251 1193 adhuc
3276 1146 3433 1192 aetate
3457 1138 3683 1203 fmdavi;
3717 1148 3769 1193 et
3793 1141 3891 1193 hoc

2324 1232 2517 1300 ipsum,
2549 1231 2683 1299 proh
2716 1230 2890 1284 dolor!
2947 1228 3198 1283 oblivioni
3230 1228 3625 1296 quodammodo
3656 1230 3889 1291 tradens,

2324 1318 2589 1373 sacerdoti
2618 1320 2830 1387 quidem
2861 1316 3101 1371 confessa
3138 1314 3238 1379 fui,
3262 1316 3355 1368 sed
3378 1316 3638 1384 judicium
3669 1331 3771 1368 non
3798 1330 3888 1367 ac-

2326 1411 2464 1481 cepi.
2494 1411 2689 1465 Verum
2721 1409 2878 1463 hodie
2905 1409 3084 1477 regina
3145 1407 3328 1461 mundi
3367 1422 3463 1476 pro
3519 1408 3673 1461 nobis
3702 1420 3890 1475 preces

2324 1502 2482 1565 fudit,
2530 1515 2721 1568 meque
2762 1515 2883 1554 cum
2932 1500 3119 1553 multis
3154 1499 3274 1553 aliis
3318 1501 3383 1553 de
3429 1499 3563 1553 locis
3590 1499 3890 1567 poenalibus

2322 1591 2593 1654 liberavit,
2650 1598 2908 1659 tantaque
2952 1588 3240 1643 multitudo
3291 1603 3387 1657 per
3436 1588 3886 1641 interventionem

2319 1680 2436 1747 ejus
2464 1680 2621 1733 hodie
2643 1690 2727 1733 est
2748 1680 2811 1732 de
2838 1678 3120 1732 tormentis
3153 1688 3355 1746 erepta,
3381 1684 3439 1729 ut
3488 1692 3771 1729 numerum
3812 1684 3890 1728 tn-

2320 1769 2428 1821 tius
2450 1767 2704 1821 Romauee
2731 1768 2900 1836 plebis
2926 1767 3175 1827 excedat;
3205 1766 3343 1818 unde
3384 1780 3537 1819 sacra
3588 1762 3761 1818 eidem
3793 1765 3885 1816 do-

4000 604 4142 657 mula
4175 603 4341 669 jacert
4382 620 4785 660 consueveram.
4817 604 4908 660 Ille
4932 620 5058 661 vero
5084 622 5206 660 mox
5239 616 5295 660 ιιι
5326 610 5543 677 aspexit,

3998 697 4081 763 pia
4120 696 4248 747 mihi
4295 696 4641 751 miseratione
4670 696 4966 761 condoluit,
4996 705 5049 751 et
5088 697 5274 767 pellem
5305 700 5442 754 hanc
5467 715 5547 752 su-

3995 800 4090 853 per
4127 800 4229 846 me,
4265 801 4368 854 qua
4426 788 4673 841 videlicet
4721 797 4837 841 erat
4882 789 5114 849 indutus,
5167 786 5363 855 injecit.
5405 789 5548 843 Tunc

3994 873 4146 926 beata
4177 875 4267 928 Dei
4300 873 4545 929 Genttrix
4573 895 4585 930 :
4618 873 4808 941 Homo,
4835 878 5022 947 inquit,
5049 878 5154 943 ille,
5179 880 5242 932 de
5256 893 5359 947 quo
5377 894 5547 947 rogas,

3994 964 4158 1017 multa
4209 965 4537 1033 ﬂagitiorum
4586 968 4723 1021 mole
4753 970 5038 1037 depressus
5066 980 5174 1035 est;
5219 970 5321 1023 duo
5372 978 5547 1025 tamen

3993 1052 4108 1107 hate
4167 1055 4375 1114 habuit,
4438 1064 4497 1106 nt
4556 1064 4611 1109 et
4660 1056 5020 1126 indigentibus
5066 1059 5201 1125 pius,
5240 1068 5291 1111 et
5354 1073 5546 1128 magna

3991 1143 4158 1197 sacris
4180 1144 4307 1197 locis
4329 1144 4624 1197 exstitisset
4650 1146 4944 1199 humilitate
4968 1146 5207 1200 devotus.
5226 1147 5547 1215 Frequenter

3992 1232 4136 1284 enim
4165 1232 4340 1285 oleum
4368 1234 4599 1301 propriis
4616 1235 4916 1288 cervicibus
4937 1234 5222 1299 deferebat,
5244 1244 5297 1287 et
5319 1235 5545 1289 lucernis

3994 1320 4243 1373 Ecclesiae
4270 1336 4399 1373 mea:
4430 1321 4670 1376 fomitem
4704 1324 5060 1378 ministrabat.
5117 1324 5351 1393 Cumque
5390 1340 5546 1392 super

3992 1410 4091 1463 hoc
4119 1411 4289 1463 eidem
4322 1411 4547 1479 patricio
4604 1421 4657 1464 et
4721 1413 4898 1465 czeteri
4956 1414 5127 1467 sancti
5190 1414 5544 1467 testimonium

3991 1500 4353 1566 perhiberent,
4382 1515 4612 1569 eumque
4642 1500 4868 1569 idipsum
4902 1511 4954 1555 et
4985 1502 5095 1556 suis
5112 1502 5348 1557 ecclesiis
5374 1502 5549 1572 egisse

3990 1589 4149 1640 simul
4188 1597 4521 1649 assererem;
4559 1589 4702 1642 illico
4748 1589 4929 1658 regina
4962 1590 5140 1643 mundi
5189 1590 5460 1658 praecepit,
5490 1598 5546 1642 ut

3988 1678 4248 1745 patricius
4278 1678 4359 1730 ille
4384 1679 4670 1730 duceretur
4690 1678 4752 1729 ad
4774 1678 5036 1743 medium;
5061 1688 5109 1731 et
5133 1693 5255 1732 ecce
5267 1677 5547 1732 multitudo

3990 1765 4287 1818 daemonum
4348 1766 4629 1833 prmfatum
4664 1764 4924 1819 Joannem
4972 1766 5215 1825 trahunt.
5250 1764 5549 1835 poenalibus

2322 1859 2481 1911 minae
2513 1868 2709 1911 nostrae
2732 1857 2973 1924 gloriosze
3002 1857 3177 1910 dicata
3213 1856 3412 1925 passim
3436 1855 3552 1908 loca
3585 1856 3883 1918 visitamus,
3919 1856 3960 1913 Β
3992 1859 4227 1924 undique
4252 1858 4379 1910 loris
4406 1858 4708 1921 astrictum,
4758 1866 4812 1909 et
4849 1856 5191 1910 ambientium
5239 1865 5545 1908 catenarum

2321 1947 2667 2014 actionesque
2694 1947 2791 2000 sibi
2836 1947 3128 2016 gratiarum
3159 1960 3256 2014 pro
3303 1946 3465 2000 tantis
3508 1945 3888 1998 misericordia:

2320 2034 2602 2089 beneficiis
2636 2036 2842 2089 alacres
2887 2036 3223 2089 exhibemus.
3275 2034 3518 2105 Cumque
3568 2051 3728 2105 super
3787 2038 3887 2089 hoc

2321 2134 2621 2179 commater
2648 2125 2786 2178 illius
2814 2126 3128 2193 ambigeret,
3159 2140 3258 2178 nec
3286 2125 3441 2178 fidem
3489 2125 3643 2178 facile
3688 2140 3887 2179 sermo—

2321 2212 2481 2267 nibus
2511 2214 2810 2277 adhiberet,
2860 2213 3172 2280 subjunxit:
3206 2213 3273 2268 Ut
3323 2214 3641 2282 esperiaris,
3692 2215 3883 2283 inquit,

2320 2317 2419 2370 pro
2444 2310 2592 2356 certo
2614 2317 2797 2354 verum
2822 2316 2944 2355 esse
2966 2302 3107 2370 quod
3140 2302 3350 2371 loquor,
3376 2304 3515 2357 scias
3539 2311 3589 2355 te
3616 2311 3888 2356 transacto

2321 2391 2424 2445 hoc
2454 2406 2615 2454 anno,
2650 2392 2701 2443 in
2749 2390 2850 2445 hac
2900 2392 3087 2445 eadem
3143 2391 3435 2446 festivitate
3485 2392 3673 2461 procul
3726 2392 3888 2445 dubio

2320 2480 2657 2534 morituram.
2691 2478 2839 2544 Quod
2870 2480 2936 2542 si,
2965 2480 3105 2547 quod
3134 2480 3248 2533 fieri
3277 2494 3383 2532 non
3432 2488 3632 2547 potest,
3663 2478 3889 2533 ulterius

2320 2570 2542 2635 vixeris,
2573 2586 2656 2624 me
2679 2569 2965 2639 protulisse
3004 2570 3342 2624 mendacium
3399 2571 3602 2638 liquido
3642 2585 3888 2639 compro-

2321 2655 2496 2714 babis.
2526 2659 2589 2712 Et
2612 2660 2697 2713 bis
2722 2660 2899 2719 dictis,
2932 2661 2999 2713 ab
3028 2661 3199 2713 oculis
3230 2660 3347 2728 ejus
3379 2661 3614 2712 evanuit.
3661 2659 3779 2712 Mox
3804 2660 3889 2712 illa

2320 2746 2556 2802 eiiicium
2602 2748 2792 2810 induit,
2823 2757 2877 2800 et
2906 2750 2969 2800 de
3015 2748 3161 2800 obitu
3201 2763 3298 2801 suo
3345 2748 3595 2809 sollicita,
3627 2762 3745 2815 quae
3792 2764 3889 2799 au-

2318 2837 2515 2900 dierat,
2536 2834 2718 2890 vivere
2742 2836 2952 2889 cautius
2978 2835 3163 2904 coepit.
3190 2834 3328 2900 Quid
3355 2835 3540 2904 plura?
3563 2834 3787 2889 Peracto
3814 2834 3893 2889 fe-

2318 2939 2382 2981 re
2408 2938 2549 2979 anno
2607 2924 2869 2993 pridianis
2922 2925 3087 2993 coepit
3137 2934 3400 2991 :egrotare
3440 2924 3663 2993 vigiliis?
3694 2924 3746 2977 in
3777 2925 3891 2991 ipso

2319 3014 2785 3069 verofestivitatis
2830 3014 2916 3068 die
2944 3016 3129 3077 vitam,
3181 3014 3318 3067 sicut
3368 3014 3416 3067 ei
3466 3016 3890 3067 demonstratum

2320 3106 2521 3171 fuerat,
2576 3105 2903 3159 terminavit.
2940 3104 3039 3159 Ubi
3092 3104 3410 3167 notandum,
3458 3112 3655 3157 etnon
3704 3102 3891 3156 leviter

3990 1945 4328 2013 squaloribus
4356 1946 4701 1997 vehementer
4730 1944 4992 1997 attritum.
5026 1943 5171 1996 Tunc
5189 1958 5307 1995 eum
5334 1943 5546 1996 domina

3990 2043 4168 2085 nostra
4192 2034 4352 2101 jussit
4400 2032 4623 2094 absolvi,
4667 2041 4720 2085 et
4764 2041 5067 2085 sanctormn
5098 2030 5328 2084 ccetibus
5356 2043 5541 2098 aggre-

3990 2127 4130 2195 gztri;
4165 2125 4375 2176 vincula
4421 2140 4569 2183 vero,
4629 2125 4825 2191 quibus
4876 2124 4961 2177 ille
5020 2123 5189 2175 fuerat
5249 2120 5548 2189 absolutus,

3990 2215 4146 2267 alteri
4191 2214 4414 2273 homini,
4448 2215 4534 2280 qui
4568 2214 4616 2264 in
4649 2214 4749 2265 hac
4772 2214 4946 2266 adhuc
4976 2214 5081 2264 vita
5116 2212 5382 2273 manebat,
5412 2228 5549 2279 pra:-

3990 2305 4129 2373 cepit
4184 2306 4497 2356 innectenda
4534 2304 4741 2370 reperti.
4799 2301 4948 2356 Tunc
4997 2310 5285 2355 conventus
5312 2300 5399 2353 ille
5427 2315 5550 2353 sau—

3988 2402 4197 2447 ctorum
4224 2393 4427 2446 solutus
4456 2401 4554 2455 est,
4606 2400 4661 2445 et
4702 2391 5069 2459 unusquisque
5111 2390 5162 2444 in
5189 2390 5397 2443 diversa
5421 2404 5549 2443 eoo-

3992 2483 4237 2547 tendcns,
4264 2483 4329 2535 ab
4359 2489 4580 2550 aspectu
4634 2482 4905 2535 cernentis
4930 2479 5164 2535 evanuit.
5201 2479 5395 2535 Beatus
5425 2491 5549 2531 vero

3992 2573 4182 2625 Petrus
4208 2572 4477 2639 apostolus
4498 2572 4561 2624 ad
4595 2571 4874 2625 ecclesiam
4900 2585 5049 2625 suam
5100 2571 5266 2631 venit,
5308 2569 5393 2622 cui
5427 2582 5549 2636 pro-

3995 2666 4138 2718 tinus
4200 2666 4439 2717 omnium
4506 2677 4879 2717 successorum
4934 2677 5178 2724 suorum,
5237 2659 5547 2729 pontiﬁcum

3992 2756 4241 2809 videlicet
4266 2755 4657 2815 Romanorum,
4691 2754 4886 2810 chorus
4938 2751 5190 2808 infulatus
5223 2766 5286 2805 ac
5328 2749 5549 2804 festivus

3993 2846 4225 2898 occurrit
4256 2864 4267 2896 :
4299 2846 4411 2912 ipse
4438 2859 4649 2912 quoque
4689 2844 4880 2899 beatus
4927 2842 5117 2897 Petrus
5163 2856 5281 2896 cum
5327 2850 5549 2895 eatenus

3993 2932 4269 2985 videretur
4293 2933 4509 2985 indutus
4530 2930 4805 2987 Hebraicis
4830 2931 5085 2993 vestibus,
5110 2929 5311 2983 sicutin
5327 2929 5549 2997 picturis

3996 3022 4193 3085 ubique
4214 3021 4561 3091 Conspicitur,
4606 3030 4733 3075 tunc
4783 3030 4836 3077 et
4881 3021 5157 3090 phrygium
5216 3017 5452 3084 suscepit
5498 3016 5550 3069 in

3997 3112 4203 3177 capite;
4236 3119 4288 3164 et
4347 3111 4484 3163 sicut
4534 3110 4735 3169 caeteri,
4791 3108 5209 3163 sacerdotalibus
5239 3106 5420 3158 infulis
5470 3113 5552 3158 est

2320 3198 2805 3269 expavescendum,
2834 3197 2957 3266 quia
2999 3198 3065 3251 de
3108 3207 3325 3264 peracta
3354 3194 3529 3263 culpa,
3562 3209 3721 3261 quam
3753 3209 3889 3261 prze-
3922 3187 3965 3247 C
3997 3210 4223 3251 ornatus
4256 3200 4306 3250 in
4338 3214 4583 3265 corpore.
4625 3196 4774 3250 Tunc
4812 3196 5203 3266 responsorium
5234 3192 5386 3257 illud,
5409 3191 5551 3261 quod

2321 3289 2432 3341 fata
2456 3288 2649 3341 mulier
2673 3286 2930 3341 oblivioni
2965 3286 3283 3350 tradiderat,
3313 3297 3481 3352 usque
3514 3285 3579 3337 ad
3622 3284 3893 3336 interven-

2320 3387 2435 3432 tum
2468 3378 2801 3432 intemerata:
2831 3376 2923 3429 Dei
2946 3375 3235 3430 Genitricis
3272 3375 3534 3445 sUpplieia
3564 3372 3891 3443 perferebat.

2328 3471 2459 3526 CAP.
2500 3470 2566 3525 IV
2596 3499 2667 3512 —
2690 3468 3003 3523 Sanctorum
3050 3469 3309 3537 apparitio
3335 3468 3685 3536 pulcherrima
3719 3468 3896 3521 Roma:

2694 3540 2750 3591 in
2786 3538 3000 3591 ecclesia
3041 3536 3232 3590 sanan:
3262 3536 3507 3591 Caecilia.

2394 3627 2689 3683 Rainaldus
2717 3640 2928 3697 quoque
2975 3625 3245 3679 Cumanus
3296 3626 3577 3694 episcopus
3616 3625 3744 3678 mihi
3774 3642 3893 3677 nar—

2326 3722 2496 3785 ravit,
2519 3720 2661 3789 quod
2683 3727 2736 3774 et
2765 3718 2832 3773 ab
2869 3717 3171 3771 Humberto
3196 3716 3489 3771 venerabili
3529 3726 3730 3771 sanctae
3758 3716 3892 3769 Ruf-

2322 3808 2449 3863 ﬁn:e
2475 3807 2739 3876 quondam
2772 3804 3023 3874 episcopo
3070 3818 3129 3858 se
3170 3804 3417 3857 didicisse
3446 3804 3739 3871 perhibuit.
3769 3802 3897 3857 Pre-

2324 3898 2621 3967 sbyterum,
2648 3894 2838 3963 inquit,
2883 3900 3146 3946 nocturno
3176 3892 3337 3962 603
3362 3891 3578 3945 silentio
3618 3892 3898 3959 quiescen-

2325 3997 2458 4049 tem,
2492 3993 2766 4051 compater
2786 3996 2937 4041 suus.
2966 3983 3056 4047 qui
3082 3978 3593 4044 deIunctus'fuerat,
3615 3980 3665 4032 in
3691 3980 3897 4033 visione

2327 4075 2603 4140 vlatnavit,
2638 4074 2820 4128 dicens
2848 4090 2859 4124 :
2893 4071 3045 4129 Veni,
3078 4072 3197 4124 vide
3243 4061 3635 4139 spectaculum,
3658 4072 3899 4140 qnodju-

2327 4168 2513 4220 dicare
2544 4182 2647 4219 non
2715 4166 2919 4235 poteris
2972 4163 3219 4217 otiosum.
3272 4162 3430 4215 Duxit
3472 4176 3600 4231 ergo
3653 4162 3802 4215 illum
3832 4161 3897 4214 ad

2326 4256 2601 4311 basilicam
2641 4256 2812 4309 beata:
2868 4252 3113 4317 Czncilite,
3156 4255 3208 4305 in
3266 4252 3422 4319 eujus
3466 4251 3717 4305 videlicet
3760 4252 3899 4304 atrio

2328 4346 2650 4399 videbantur
2672 4345 2873 4413 Agnes,
2913 4343 3139 4411 Agatba,
3174 4340 3473 4408 eademque
3499 4338 3734 4403 Caecilia,
3766 4341 3899 4391 mni-

2331 4446 2616 4502 tarumque
2662 4433 2941 4486 beatarum
2974 4429 3240 4497 virginum
3277 4428 3495 4489 chorus,
3528 4427 3757 4480 mirabili
3784 4428 3897 4480 cnl-

3998 3286 4193 3339 dicitur
4222 3303 4233 3336 ε
4266 3284 4341 3336 Tu
4365 3300 4423 3338 es
4449 3295 4629 3353 pastor
4663 3286 4871 3347 ovium;
4906 3284 5147 3361 melodiis
5181 3292 5353 3351 atque
5383 3281 5553 3335 melli-

3996 3373 4118 3429 fluis
4148 3386 4427 3443 cmperuttt
4473 3376 4719 3430 intonare
4762 3376 5112 3439 clamoribus;
5176 3375 5356 3443 sicque
5404 3371 5553 3425 illum

3997 3480 4167 3535 usque
4194 3467 4259 3519 ad
4294 3466 4641 3521 sacerdotalis
4680 3466 4827 3520 chori
4858 3467 5020 3538 ϐοᾷ,
5067 3465 5439 3520 consistorium
5466 3463 5551 3518 de-

4005 3558 4293 3611 duxerunt.
4347 3558 4464 3622 Quo
4512 3559 4853 3625 perveniens,
4886 3560 4996 3626 ipse
5024 3556 5378 3624 apostolorum
5401 3555 5550 3625 prio-

3999 3660 4127 3714 ceps
4167 3654 4489 3701 nocturnum
4521 3656 4604 3699 est
4630 3660 4852 3700 exorsus
4905 3644 5155 3708 ofﬁcium,
5187 3645 5367 3699 dicens
5398 3660 5410 3694 :
5452 3642 5551 3696 Do.

4000 3734 4166 3797 mine,
4219 3732 4359 3786 labia
4420 3748 4540 3786 mea
4598 3714 5067 3801 aperieszdeiude
5128 3742 5236 3786 tres
5297 3729 5548 3801 psalmos,

4006 3823 4339 3891 totidemque
4365 3822 4622 3877 lectiones
4649 3838 4711 3875 ac
4734 3822 5093 3891 respousoria.
5125 3835 5242 3889 qua:
5260 3820 5312 3873 in
5337 3827 5549 3887 apostoo

3999 3912 4171 3965 lorum
4188 3912 4347 3964 natali
4360 3912 4446 3965 tiis
4463 3920 4829 3974 recensentur,
4852 3910 5106 3964 canonico
5120 3924 5264 3963 more
5282 3908 5552 3978 persolvit.

4002 3999 4262 4053 Omnibus
4288 4001 4465 4067 itaque
4492 4014 4585 4067 per
4604 3998 4845 4053 ordinem
4880 4000 4982 4052 rite
5003 3998 5264 4059 decursis,
5283 3996 5551 4051 matutinis

3999 4102 4213 4156 quoque
4274 4086 4521 4138 laudibus
4561 4094 4950 4153 consequenter
5012 4085 5253 4151 expletis,
5317 4082 5548 4153 ejusdem

4000 4176 4241 4229 ecclesiae
4290 4175 4705 4229 tintinnabulum
4737 4176 4934 4238 sonuit,
4978 4183 5032 4229 et
5058 4175 5305 4228 continuo
5331 4172 5547 4243 presby-

4002 4266 4229 4333 ter,qni
4280 4266 4394 4319 haec
4446 4266 4697 4332 videbat,
4728 4266 5019 4338 evigilans,
5073 4267 5339 4321 somnium
5366 4267 5546 4320 termi-

4001 4357 4167 4410 navit.

4069 4446 4333 4501 Praeterea
4350 4446 4512 4509 idem.
4529 4450 4616 4515 qui
4630 4462 4813 4518 supra,
4850 4448 4979 4502 mihi
5009 4446 5242 4501 narravit
5256 4446 5550 4515 episcopus,

2330 4533 2415 4578 "’5
2464 4531 2518 4577 θι
2544 4521 2758 4575 habitus
2802 4519 2978 4572 "more
3026 4518 3370 4609 έίῖ¹¹⁵νί⁶ί¹¹¹ῗλ
3408 4513 3499 4568 Ηίθ
3527 4514 3895 4609 ¹¹ί¹¹¹ί¹ξι¹¹¹¹ΑΡω
3929 4536 3974 4593 ι)
4004 4539 4128 4607 quia
4159 4540 4455 4593 monachus
4481 4513 4707 4607 quidam
4723 4540 4960 4609 quotidie
4997 4539 5121 4592 dum
5165 4513 5551 4591 anteisanctum

2330 4618 2522 4671 rabant
2552 4612 2839 4681 quamdam
2880 4607 3219 4678 magnificam
3248 4606 3464 4666 sedem,
3509 4605 3717 4658 czetcris
3776 4606 3899 4658 hinc

2334 4706 2458 4761 inde
2507 4701 2775 4757 subselliis
2816 4699 3164 4760 eminentem,
3217 4704 3271 4749 et
3297 4709 3421 4749 ecce
3450 4693 3509 4746 Β.
3553 4695 3700 4764 virgo
3729 4694 3896 4747 Maria

2332 4804 2453 4853 eum
2485 4798 2665 4857 Petro,
2702 4802 2757 4847 et
2790 4791 2955 4846 Paulo
2988 4800 3148 4859 atque
3208 4788 3393 4853 David,
3457 4802 3521 4841 ac
3566 4802 3671 4840 non
3720 4788 3901 4855 parvis

2332 4896 2630 4955 martyrum
2660 4882 3106 4947 diversorumque
3142 4886 3451 4929 sanctorum
3480 4874 3675 4927 vallata
3711 4875 3901 4929 turmis

2335 4976 2657 5032 micantibus
2701 4972 2866 5032 venit,
2896 4982 3121 5036 seseque
3151 4967 3203 5020 in
3239 4980 3322 5027 ea,
3369 4979 3487 5034 quae
3538 4972 3723 5032 parata
3761 4972 3899 5026 erat,

2337 5070 2467 5124 sede
2493 5063 2811 5133 composuit.
2840 5061 3007 5116 Porro
3038 5068 3217 5112 autem
3252 5059 3375 5111 dum
3397 5056 3557 5109 inillo
3589 5066 3697 5109 tam
3715 5066 3905 5109 sancto

2337 5164 2606 5213 conventu
2682 5152 2949 5207 silentium
3024 5150 3195 5212 fieret,
3243 5162 3540 5215 omnesque
3596 5155 3908 5200 reverenter

2336 5254 2605 5307 astarent,
2660 5257 2787 5297 ecce
2844 5240 3033 5293 mulier
3085 5240 3350 5308 qumdam,
3384 5238 3510 5292 licet
3559 5236 3905 5305 paupercula,

2339 5342 2564 5409 pellicco
2590 5348 2766 5390 tamen
2803 5332 3114 5386 indumento
3162 5334 3413 5385 decenter
3444 5341 3655 5393 ornata,
3685 5331 3748 5383 ad
3774 5331 3908 5382 intc-

2342 5436 2561 5483 iucrata:
2588 5424 2821 5493 Virginis
2850 5421 3075 5490 vestigia
3105 5420 3326 5483 corruit,
3354 5434 3582 5487 eamque
3612 5428 3668 5471 ut
3712 5418 3904 5472 Joanni

2342 5516 2574 5592 patricio
2600 5516 2705 5584 jam
2739 5513 2988 5567 defuncto
3037 5512 3397 5572 misereretur,
3442 5510 3633 5563 oravit.
3667 5510 3909 5577 Cumque

2346 5612 2447 5663 hoc
2479 5608 2651 5675 ipsum
2708 5603 2897 5656 mulier
2943 5612 3024 5655 ter
3072 5601 3406 5655 obsecrando
3466 5606 3754 5666 repeteret,
3811 5614 3909 5653 nec

2346 5713 2659 5767 responsum
2692 5694 2902 5763 aliquod
2934 5695 3223 5762 impetrare
3245 5700 3444 5762 posset,
3470 5690 3662 5758 adjecit
3692 5705 3706 5741 :
3734 5690 3907 5752 Nosti,

2348 5780 2541 5858 inquit,
2569 5789 2788 5848 domina
2810 5798 2947 5855 mea,
2979 5784 3159 5857 regina
3188 5782 3402 5853 mundi;
3439 5797 3537 5856 ego
3565 5795 3682 5839 sum
3712 5780 3907 5838 tnicra

4006 4632 4179 4683 altare
4222 4631 4391 4684 beatae
4440 4630 4618 4683 Mariae
4669 4645 4880 4698 semper
4928 4630 5148 4700 virginis
5186 4627 5548 4697 pertransiret,

4004 4722 4150 4777 illam
4205 4735 4269 4773 ex
4327 4735 4475 4773 more
4519 4722 4866 4790 percurrebat
4913 4720 5273 4789 antipbouam,
5321 4733 5436 4787 qua:
5475 4719 5549 4772 sic

4005 4808 4196 4876 incipit
4236 4825 4248 4861 :
4282 4808 4485 4874 Gaude,
4557 4808 4649 4861 Dei
4705 4809 4947 4863 Cenitriv
4993 4810 5143 4878 virgo
5189 4808 5545 4870 immaculata;

4007 4901 4201 4968 gaude,
4249 4914 4366 4965 quae
4428 4900 4680 4966 gaudium
4711 4902 4779 4955 ab
4806 4898 4993 4968 angelo
5017 4898 5322 4967 suscepisti;
5366 4897 5547 4967 gaude,

4008 4980 4365 5057 qumgenuisii
4383 4989 4570 5043 aeterni
4584 4987 5109 5043 luminisclarizatem
5126 5005 5139 5051 ;
5154 4989 5342 5058 gaude,
5358 4994 5549 5053 mater;

4010 5079 4198 5149 gaude,
4246 5088 4429 5135 sancta
4483 5080 4574 5132 Dei
4615 5078 4855 5133 Genitrix
4914 5080 5085 5149 virgo.
5116 5079 5195 5132 Tu
5222 5076 5330 5131 sola
5386 5086 5549 5131 mater

4011 5170 4248 5239 innupta.
4314 5170 4387 5223 Te
4423 5169 4602 5223 laudat
4656 5172 4831 5225 onmis
4872 5170 5098 5224 factura.
5133 5167 5370 5224 Genitrix
5396 5167 5544 5231 lucis,

4010 5260 4281 5316 intercede
4306 5276 4401 5329 pro
4429 5261 4601 5315 nobis.
4628 5261 4798 5327 Quam
4812 5261 5061 5315 videlicet
5081 5259 5414 5325 antipbonam
5431 5256 5545 5310 dum

4012 5351 4241 5421 quadam
4292 5352 4377 5403 die
4404 5352 4770 5417 pertransiens
4808 5351 5024 5409 diceret.
5056 5338 5255 5401 audivit
5282 5359 5458 5399 vocem
5488 5357 5546 5397 ex

4008 5440 4193 5493 eodem
4222 5439 4411 5492 altario
4439 5442 4812 5507 procedentem
4840 5456 4853 5491 :
4884 5437 5144 5493 Gaudium
5190 5433 5317 5489 mihi
5349 5447 5545 5489 annun-

4010 5530 4177 5593 tiasti,
4211 5529 4464 5598 gaudium
4490 5529 4584 5582 tibi
4615 5528 4843 5583 eveniet.

4010 5619 4135 5674 CAP.
4172 5618 4233 5672 V.
4266 5650 4332 5659 —-
4364 5618 4598 5687 Ofﬁcium
4654 5628 4973 5672 mortuorum
5001 5615 5225 5687 quotidie
5273 5610 5544 5680 persolvens

4322 5690 4374 5743 in
4403 5685 4601 5742 caelat:
4649 5704 4856 5757 regnum
4888 5685 5247 5741 iatrdduct’tur.

4084 5782 4185 5841 Sed
4210 5793 4264 5838 et
4295 5783 4432 5839 idem
4465 5780 4595 5837 mihi
4638 5777 4878 5837 narravit
4909 5776 5200 5847 episcottus,
5228 5773 5351 5841 quia
5392 5769 5545 5831 frater
