5664 6600
607 452 711 508 539

1460 448 1704 508 OPUSC.
1743 447 1963 507 XXXV.
2007 449 2096 505 DE
2133 448 2452 506 PICTURIS
2486 447 2775 503 PRINCIP.
2817 447 3061 503 APOST.

3781 449 3891 506 590

605 560 833 632 quidam
866 575 978 616 non
1010 558 1351 631 quotidiano,
1380 573 1489 615 non
1515 567 1664 615 certe
1706 559 1934 616 solemni
1984 570 2202 617 saneto-
2228 566 2282 623 Α
2305 576 2427 613 rum
2484 574 2677 613 manus
2723 559 2826 613 iste
2875 559 3146 625 deveniat,
3184 572 3274 629 qui
3322 560 3425 629 piis
3447 574 3576 631 erga
3606 576 3725 626 nos,
3762 563 3893 619 dum

602 669 745 717 rum,
773 653 871 708 sed
898 654 1021 721 solo
1050 653 1330 717 utebatur,
1382 660 1439 707 ct
1485 651 1857 707 delectabatur
1888 650 2063 706 oﬂicio
2109 654 2200 707 de-

600 742 945 797 functorum.
1006 740 1253 812 Cumque
1299 742 1625 797 conditionis
1667 744 1915 795 humaua:
1957 741 2198 795 debitum

600 832 817 887 solvens
862 831 1127 887 tribunali
1177 832 1396 903 superni
1456 830 1662 887 Judicis
1692 831 1981 894 astitisset;
2030 831 2199 899 cmpit

599 926 758 979 turba
782 926 1098 980 daemonum
1134 926 1487 981 vehementer
1515 925 1619 978 hoc
1660 922 1735 976 illi
1763 923 1967 977 crimen
1998 924 2195 992 impin-

602 1028 727 1081 gere
759 1054 776 1078 ,
845 1014 997 1082 quod
1067 1013 1449 1069 ecclesiasticae
1531 1012 1886 1065 institutionis
1957 1004 2196 1081 reguLam

598 1103 901 1173 negligens,
930 1118 1036 1172 per
1063 1111 1293 1159 assueta:
1315 1103 1535 1173 synaxis
1560 1100 1735 1155 oﬂicia
1777 1109 1903 1153 vota
1934 1104 2044 1155 Deo
2074 1104 2195 1157 red-

604 1193 733 1246 dere
758 1193 1205 1261 contempsisset.
1250 1192 1401 1246 Tune
1448 1191 1605 1245 beata
1634 1191 1816 1259 regina
1841 1191 2024 1244 mundi
2056 1205 2199 1245 sem-

598 1292 697 1347 per
724 1280 881 1349 virgo
904 1279 1102 1343 Maria,
1127 1290 1181 1334 et
1208 1294 1399 1334 omnes
1452 1288 1763 1333 sanctorum
1794 1280 1942 1333 chori
1982 1296 2102 1333 cum
2134 1294 2196 1333 ea

602 1368 850 1425 valenter
876 1380 1201 1435 occurrunt,
1228 1385 1457 1439 seseque
1502 1371 1569 1425 ad
1600 1370 1742 1424 illius
1790 1371 2046 1425 auxilium
2071 1386 2197 1425 con-

603 1457 841 1510 corditer
871 1458 1248 1528 interponunt.
1280 1457 1399 1523 Hic,
1432 1458 1701 1529 inquiunt,
1751 1467 1934 1513 noster
1965 1460 2196 1528 capella-

603 1557 700 1597 uus
740 1557 806 1599 ac
858 1547 1115 1601 minister
1180 1548 1394 1602 exstitit
1434 1564 1448 1599 :
1486 1547 1739 1615 quodque
1810 1546 2191 1601 defunctorum

602 1646 820 1702 semper
846 1636 1127 1705 exsequiis
1164 1636 1397 1691 libenter
1446 1635 1708 1695 interfuit,
1741 1636 1898 1690 nobis
1930 1635 2185 1689 omnibus

602 1723 796 1791 procul
827 1725 1000 1782 dubio
1048 1727 1397 1782 ministravit.
1441 1727 1594 1781 Absit
1622 1727 1804 1790 icitur,
1835 1735 1894 1780 ut
1918 1727 1971 1780 in
1999 1726 2191 1779 imnio-

2310 650 2605 715 adviveret,
2642 649 2837 704 studiis
2885 650 3191 705 insudabat.
3226 650 3319 705 Sic
3347 652 3529 720 itaque
3564 650 3734 706 beatae
3761 650 3894 708 Vir-

2310 742 2451 809 ginis
2474 741 2746 810 precibus,
2764 741 3115 809 omniumque
3134 741 3527 811 supplicatione
3552 750 3892 809 sanctorum,

2310 831 2362 883 in
2412 845 2599 885 eorum
2662 829 2859 883 meruit
2900 831 3137 884 transire
3192 831 3550 884 consortium.
3603 830 3893 899 lgnorabat

2306 930 2487 976 tamen
2511 920 2675 990 hujus
2706 921 2783 974 rei
2816 918 3017 975 relator
3042 921 3348 991 episcopus,
3389 931 3573 974 utrum
3603 920 3695 974 ille
3721 920 3893 979 frater

2306 1014 2375 1067 ad
2397 1030 2495 1068 nos
2522 1029 2797 1079 reversus,
2819 1028 2888 1067 an
2917 1012 3039 1067 aliis
3070 1013 3128 1067 in
3151 1014 3253 1068 hac
3296 1013 3408 1068 vita
3434 1012 3758 1082 degentibus
3787 1013 3895 1070 ista

2301 1106 2577 1161 retulerit.

2376 1196 2504 1251 Haec
2533 1196 2649 1262 tibi,
2697 1196 3023 1252 venerabilis
3072 1195 3262 1258 frater,
3304 1193 3649 1250 familiariter
3688 1195 3888 1259 scribo,

2308 1288 2435 1356 quia
2464 1288 2613 1342 velut
2672 1289 2931 1342 suavibus
2981 1286 3175 1357 epulis,
3222 1286 3303 1341 sic
3332 1287 3384 1340 in
3414 1294 3526 1351 tua,
3553 1300 3890 1356 quaecunque

2308 1376 2399 1441 sit,
2462 1376 2788 1431 allocutione
2838 1376 3205 1431 delectorzet
3266 1391 3421 1431 mens
3482 1390 3603 1430 mea
3628 1377 3891 1433 continuo

2304 1466 2538 1533 laetatur,
2580 1478 2635 1522 et
2667 1467 2866 1537 gliscit,
2913 1483 3036 1522 cum
3064 1466 3299 1537 aliquid,
3333 1467 3477 1537 quod
3523 1467 3620 1522 tibi
3651 1471 3892 1539 cbngruo

2302 1557 2590 1617 scribatur.
2628 1558 2887 1611 occurrit.

2642 1644 2721 1699 Sit
2752 1662 2937 1699 nomen
2964 1646 3177 1700 Domini
3206 1646 3549 1701 benedictum.

634 1902 3871 1936 MM

717 2075 1085 2149 θοεθοσ
1138 2091 1987 2208 OPUSCULUM
2078 2090 2980 2203 TRICESIMUM
3052 2091 3759 2222 QUINTUM.

1422 2307 1525 2367 DE
1568 2306 1927 2368 PICTURIS
1962 2305 2397 2368 PRINCIPUM
2446 2305 3065 2368 APOSTOLORUM.

1991 2483 2506 2508 ——-I*

616 2614 1009 2668 Anconem“.
1035 2638 1107 2682 ξτ
1127 2610 1384 2682 βεηιςδειιῐι-Δ
1402 2606 1556 2662 aﬂ‘ert
1582 2608 1905 2682 c_ur_Pat_Ilus
1928 2606 2204 2675 apostolus
2232 2606 2308 2682 ad
2342 2606 2653 2682 dexteram,
2679 2608 2871 2682 Petrus
2893 2621 3025 2682 vero
3051 2608 3119 2682 ad
3146 2606 3427 2682 sinistram
3460 2610 3510 2682 in
3538 2612 3765 2682 picturis
3789 2628 3853 2669 ex
3870 2644 3887 2657 -

681 2684 1015 2751 primantur,
1036 2679 1243 2751 idcirco
1268 2678 1501 2751 scilicet.
1524 2678 1648 2745 quia
1675 2676 2045 2751 Paulusesset
2074 2690 2137 2727 ex
2177 2675 2642 2751 trihuyenjamin,
2671 2679 2760 2745 qui
2788 2676 3007 2751 Latine,
3037 2677 3437 2751 ﬁlius__de:rterre
3464 2675 3886 2751 interpretatur;

719 2752 977 2820 robalque
1007 2747 1313 2820 huiusmodi
1348 2743 1556 2820 nomen
1576 2747 1858 2820 aptissime
1890 2745 2301 2820 illiconvenire.
2328 2743 2521 2820 Multas
2551 2743 2764 2820 quoque
2793 2746 3030 2810 ejusdem
3060 2743 3620 2820 Pauliprmrogativas
3648 2743 3883 2807 adducit;

719 2767 977 2820 ronalqtte
1008 2767 1313 2814 Itujusmom
1348 2767 1541 2800 nomen
1576 2767 1858 2813 apttssunc
1890 2767 1962 2797 IIII
1989 2767 2301 2801 convenire.
2328 2767 2521 2797 unutus
2551 2767 2764 2813 quoque
2793 2767 3030 2810 (EJUSUCII)
3060 2767 3210 2798 l'illlll
3237 2767 3620 2818 prterogauvas
3648 2767 3883 2807 auunctt.

680 2767 813 2901 [ilum
841 2821 1061 2905 demum
1088 2819 1310 2885 exponit
1339 2832 1437 2871 cur
1460 2815 1946 2883 Hierosolymitana
1975 2814 2235 2877 Ecclesia,
2264 2828 2386 2865 cum
2424 2816 2476 2867 in
2498 2828 2562 2866 ea
2590 2814 2838 2869 Christus
2881 2829 3070 2884 passus
3101 2815 3284 2881 fuerit,
3322 2833 3428 2871 non
3471 2819 3542 2873 sit
3585 2831 3745 2905 capqt
3769 2838 3888 2875 om-

682 2890 823 2941 nium
848 2888 1241 2942 Ecclesiarum.

684 3002 881 3055 Domno
928 3002 1220 3054 DESIDERIO
1247 3006 1449 3053 sanctae
1480 2996 1847 3051 conversionis
1877 2996 2183 3068 [conversa-
2226 2998 2270 3057 Β
2302 3003 2412 3048 tam
2452 2994 2752 3065 egregium.
2782 3002 3001 3062 tamque
3034 2992 3302 3050 famosum
3358 2998 3667 3067 apostolica:
3698 3003 3885 3070 dispo-

614 3089 788 3160 tiouis]
818 3090 1020 3147 abbati.
1046 3088 1408 3155 religiosoque
1432 3087 1738 3149 conventui,
1767 3086 1982 3139 Psrnus
2001 3100 2193 3153 pecca-

618 3188 694 3227 lJl‘
717 3176 1013 3230 monachus
1039 3176 1094 3229 in
1126 3174 1355 3228 Domino
1379 3173 1715 3227 servitutem.

688 3268 748 3322 Ut
774 3268 1033 3323 domnum
1069 3266 1359 3321 Martinam
1392 3265 1458 3318 ad
1481 3279 1578 3319 vos
1609 3264 1714 3318 iter
1740 3264 1981 3332 arripere
2004 3262 2188 3323 didici.

611 3358 816 3412 notario
841 3357 1111 3427 protinus,
1146 3363 1205 3409 ut
1248 3356 1546 3422 exciperet,
1595 3353 1874 3421 imperavi.
1911 3352 2017 3405 Sed
2051 3367 2189 3419 quo-

618 3445 751 3499 niam
797 3461 895 3515 per
921 3454 1092 3500 totum
1123 3441 1643 3513 quadragesimalem
1693 3441 1955 3495 circulum
1988 3448 2186 3505 tecum,

617 3536 932 3591 venerabilis
967 3544 1143 3604 pater,
1172 3532 1512 3589 familiariter
1539 3534 1758 3602 degens,
1786 3547 2011 3602 quaeque
2063 3548 2191 3587 con-

619 3621 828 3680 ferenda
863 3625 1209 3688 videbantur,
1262 3625 1384 3678 viva
1430 3637 1561 3679 voce
1595 3623 1939 3687 contulimus,
1988 3632 2041 3676 et
2072 3639 2190 3691 qua:

617 3715 1057 3769 communicanda
1092 3724 1274 3780 erant,
1310 3715 1425 3769 sive
1475 3714 1778 3776 tractanda,
1817 3713 2013 3781 szepius
2065 3713 2189 3766 inti-

620 3803 899 3869 mavimus;
928 3806 1042 3875 jam
1081 3804 1209 3873 quid
1255 3804 1494 3879 noviad
1549 3812 1599 3855 te
1646 3802 1810 3857 scribi
1856 3802 2049 3865 valeat,
2081 3818 2186 3855 non

621 3889 841 3957 invenio,
885 3895 1013 3948 dum
1067 3894 1326 3964 quidquid
1380 3894 1743 3948 necessarium
1789 3908 1906 3947 esse
1953 3903 2185 3962 poterat,

620 3980 936 4052 frequentius
978 3987 1232 4039 iteratum
1282 3983 1543 4039 alterutra
1597 3982 2031 4037 confabulatiOne
2067 3998 2187 4052 per-

620 4073 801 4135 pendo.
848 4074 989 4141 Quid
1050 4075 1213 4144 igitur
1273 4073 1520 4129 faciam?
1573 4071 1824 4140 Nunquid
1897 4074 1987 4143 qui
2040 4073 2186 4140 loqui

623 4172 874 4227 cmperam
902 4202 921 4229 ,
971 4162 1258 4218 deficiente
1320 4162 1547 4217 materia
1580 4202 1596 4227 ,
1653 4160 1847 4217 stolide
1917 4161 2187 4215 contices-

624 4248 772 4301 eam!

1122 4339 1348 4394 CAPUT
1386 4338 1676 4394 PRIMUM.

623 4439 723 4495 Cur
756 4444 941 4502 Petrus
987 4449 1058 4502 ad
1085 4451 1373 4513 sinistram,
1399 4460 1447 4502 et
1489 4449 1686 4503 Paulus
1730 4452 1799 4503 ad
1851 4453 2090 4504 dextram
2131 4452 2189 4505 in

1101 4520 1319 4587 picturis
1348 4519 1688 4572 collocentur.

688 4599 786 4659 Sed
808 4606 929 4661 dum
959 4617 1218 4662 armatam
1246 4623 1445 4677 penna,
1470 4617 1629 4678 atque
1655 4609 1720 4663 ad
1754 4610 2095 4665 scribendum
2120 4626 2186 4664 ex

626 4706 762 4749 more
803 4696 1051 4753 libratam
1108 4715 1324 4755 manum
1357 4701 1639 4770 scriptoris
1688 4702 1925 4771 aspicio,
1964 4702 2187 4756 materia

628 4782 743 4836 mihi
780 4785 946 4841 dulcis
985 4785 1231 4852 offertur,
1263 4790 1329 4843 de
1374 4803 1479 4859 qua
1524 4790 1591 4843 ad
1640 4790 2017 4859 disputandum
2065 4806 2184 4844 mea

630 4885 767 4927 mens
828 4875 1081 4931 alacriter
1135 4887 1481 4947 provocetur.
1546 4878 1649 4932 νει·
1702 4880 1860 4934 istam
1920 4879 2184 4949 siquidem

628 4963 805 5017 notarii
832 4960 1074 5022 dextiam
1126 4978 1347 5038 repente
1403 4969 1535 5023 mihi
1583 4969 1711 5023 illud
1754 4971 2015 5035 occurrit,
2046 4971 2185 5040 quod

629 5047 729 5116 ipse
758 5068 787 5107 a
813 5058 1234 5127 me,qu:estione
1265 5061 1564 5130 proposita,
1607 5076 1978 5131 saepenumero
2008 5064 2187 5132 requi-

629 5139 731 5195 sisti
762 5160 774 5197 :
800 5144 906 5200 Cur
944 5148 1192 5205 videlicet
1228 5151 1281 5205 in
1333 5151 1657 5221 imaginibus
1704 5155 2035 5219 picturarum
2088 5168 2185 5223 per

631 5233 888 5294 universas
924 5240 1231 5310 adjacentes
1267 5242 1453 5298 Romae
1484 5245 1813 5313 provincias,
1844 5244 2037 5300 Petrus
2091 5246 2182 5314 qui

631 5321 813 5383 primus
838 5336 939 5393 est,
963 5330 1029 5383 ad
1064 5330 1371 5398 sinistram;
1402 5333 1804 5401 coapostolatus
1833 5345 2011 5388 autem
2065 5334 2183 5402 ejus

635 5403 807 5467 Paulus
831 5420 1173 5474 constituitur
1193 5421 1259 5475 ad
1285 5420 1565 5484 dextram;
1592 5437 1713 5476 cum
1730 5423 1882 5491 juxta
1906 5423 2182 5494 vulgarem

634 5505 825 5556 sensum
876 5505 975 5561 hoc
1010 5522 1186 5562 rerum
1240 5510 1374 5563 ordo
1418 5508 1695 5578 deposcat,
1744 5519 1801 5563 ut
1846 5509 2057 5573 Petrus,
2090 5511 2182 5578 qui

635 5594 829 5643 senatus
861 5594 1138 5662 apostolici
1164 5596 1415 5666 princeps
1461 5606 1564 5659 est,
1595 5597 1841 5651 dextrum
1867 5596 2076 5652 Demini
2102 5597 2180 5650 lac

2295 3085 2509 3138 sitionis
2550 3086 2793 3139 ordinem
2857 3085 3199 3149 inconsulte,
3257 3094 3420 3155 atque
3482 3088 3885 3151 inconsiderate

2294 3174 2484 3231 devota
2539 3174 2648 3229 Deo
2677 3190 2741 3229 ac
2794 3174 3043 3243 religiosa
3077 3183 3315 3230 vetustas
3367 3178 3666 3234 admiserit.
3702 3183 3887 3253 Neque

2291 3264 2436 3319 enim
2496 3265 2825 3319 credendum
2875 3274 2979 3323 est.
3018 3276 3077 3318 ut
3121 3265 3512 3324 Constantinus
3568 3272 3888 3343 imperator,

2293 3354 2405 3406 imo
2433 3369 2572 3423 papa
2604 3352 2897 3418 Silvester;
2937 3362 3099 3423 atque
3125 3363 3245 3423 post
3276 3370 3370 3410 eos
3394 3358 3669 3430 principes
3704 3373 3759 3417 et
3801 3381 3889 3419 sa-

2290 3443 2538 3498 cerdotes
2567 3442 2619 3496 in
2645 3443 3029 3497 ecclesiasticae
3074 3444 3371 3512 disciplinae
3394 3446 3572 3501 littera
3598 3454 3889 3524 pervigiles

2292 3540 2453 3599 atque
2491 3530 2740 3595 solertes,
2772 3532 2916 3585 hunc
2965 3531 3214 3585 ordinem
3262 3541 3535 3589 tantorum
3574 3539 3882 3611 principum

2290 3620 2667 3689 negligendum
2695 3621 2975 3683 ducerent,
3003 3619 3048 3673 si
3072 3623 3409 3678 correctione
3430 3625 3647 3696 dignum
3675 3630 3882 3703 aliqua-

2290 3716 2446 3761 tenus
2479 3708 2833 3762 :estimarcnt.
2886 3708 2963 3763 Ne
3017 3724 3146 3780 ergo
3199 3720 3401 3767 saneta:
3449 3715 3609 3783 hujus
3644 3719 3884 3778 historiae

2289 3801 2421 3855 ordo
2457 3800 2796 3854 inordinatus
2822 3811 3101 3870 appareat,
3136 3802 3281 3871 quod
3316 3804 3470 3860 nobis
3492 3809 3722 3873 videtur,
3754 3826 3881 3868 san-

2288 3890 2463 3944 ctitati
2480 3900 2668 3944 vestrae
2694 3891 2933 3945 breviter
2954 3893 3276 3947 innotescat.

2360 3977 2585 4031 Paulum
2630 3978 2787 4046 plane
2814 3978 2881 4033 de
2936 3980 3079 4032 tribu
3112 3979 3393 4049 Benjamin
3424 3985 3702 4043 exstitisse
3754 3993 3880 4059 quis

2289 4067 2552 4133 ambigit‘.’
2598 4066 2879 4133 Benjamin
2933 4078 3114 4122 autem
3174 4069 3461 4139 Hebraice,
3492 4073 3687 4133 Latine
3739 4080 3885 4149 ﬁIius

2287 4156 2516 4209 dextera:
2567 4164 2931 4224 nuncupatur.
2974 4156 3112 4222 Quid
3152 4174 3281 4229 ergo
3328 4162 3523 4216 mirum
3555 4175 3657 4228 est,
3710 4169 3753 4221 si
3811 4172 3881 4225 ad

2289 4246 2571 4299 dexteram
2625 4245 2994 4308 constituitur,
3041 4247 3131 4315 qui
3168 4249 3485 4303 vocabulum
3517 4251 3754 4309 dexterae
3809 4276 3876 4311 ex

2217 4343 2261 4403 ο
2295 4331 2656 4401 patcruojure
2681 4334 2943 4387 sortitur?
2974 4334 3129 4388 Enim
3158 4351 3311 4400 vero,
3336 4347 3393 4392 ut
3416 4349 3569 4394 vetus
3602 4343 3689 4396 illa
3721 4345 3879 4399 beato

2292 4426 2459 4479 Paulo
2498 4426 2704 4493 liquido
2754 4440 3056 4496 congruere
3087 4428 3333 4482 videatur
3359 4430 3602 4492 historia,
3637 4450 3740 4489 non
3766 4438 3882 4494 sine

2291 4531 2453 4571 causa
2505 4516 2789 4585 Scriptura
2839 4517 3017 4571 dicit:
3062 4536 3081 4568 ι
3144 4518 3281 4584 Quia
3335 4521 3646 4590 egrediente
3701 4528 3880 4582 anima

2290 4605 2492 4661 Rachel
2524 4620 2634 4674 prae
2656 4605 2863 4671 dolore,
2886 4615 2941 4661 et
2970 4606 3288 4662 imminente
3310 4606 3421 4675 jam
3445 4620 3641 4677 morte,
3669 4630 3825 4670 vocat
3842 4619 3882 4671 it

2291 4710 2489 4750 nomen
2547 4695 2644 4748 filii
2679 4696 2779 4752 sui.
2826 4696 3066 4759 Benoni,
3107 4698 3161 4751 id
3214 4708 3297 4753 est
3342 4699 3487 4767 ﬁlius
3534 4702 3733 4757 doloris
3777 4711 3881 4761 mei

2291 4783 2445 4855 (Gen.
2483 4791 2669 4854 xxxv).
2707 4804 2726 4835 ι
2760 4783 2922 4840 Pater
2951 4800 3079 4840 vero
3108 4787 3397 4857 appellavit
3420 4806 3542 4845 eum
3573 4791 3876 4861 Benjamin,

2290 4876 2343 4929 id
2367 4886 2472 4940 est,
2497 4875 2645 4943 ﬁlius
2670 4876 2916 4931 dextere.
2950 4876 3055 4931 Per
3082 4876 3283 4934 Rachel
3316 4896 3565 4951 namque,
3592 4900 3711 4953 qua!
3735 4895 3873 4951 ovis,

2288 4964 2370 5019 vel
2393 4965 2565 5019 visum
2597 4965 2921 5033 principium
2950 4967 3167 5030 dicitur,
3190 4968 3435 5025 Ecclesia
3460 4986 3564 5025 non
3603 4974 3883 5031 immerita

2289 5055 2617 5124 designatur.
2656 5054 2787 5122 Qua:
2816 5056 3071 5110 nimirum
3097 5065 3154 5111 et
3178 5060 3244 5113 ad
3269 5059 3443 5114 instar
3466 5060 3583 5116 ovis
3611 5063 3869 5120 innocen-

2287 5153 2367 5198 ter
2388 5145 2608 5209 vivit,et
2626 5159 2723 5212 per
2746 5145 2983 5200 studium
3005 5146 3473 5217 contemplationis
3495 5151 3562 5203 ad
3586 5152 3876 5209 videndam

2284 5232 2664 5302 Redemptoris
2685 5232 2799 5287 suis
2829 5234 3067 5302 speciem
3089 5234 3402 5290 medullitus
3424 5237 3737 5295 inardescit.
3772 5242 3872 5309 Qui

2284 5323 2351 5377 de
2389 5340 2448 5377 se
2495 5324 2895 5391 requirentibus
2924 5324 3125 5379 Judasis
3170 5325 3285 5379 ait:
3326 5344 3342 5377 ι
3378 5325 3492 5397 Ego
3520 5330 3870 5399 principium,

2285 5415 2377 5486 qui
2416 5423 2471 5470 ct
2517 5414 2709 5484 loquor
2734 5417 2886 5470 vobis
2922 5416 3102 5486 (Joan.
3138 5417 3278 5487 vm).
3316 5436 3334 5469 ι
3376 5419 3653 5487 Benjamin
3706 5424 3869 5493 igitur

2284 5514 2564 5570 nascente,
2602 5505 2802 5559 Rachel
2831 5515 3007 5559 mater
3056 5509 3351 5571 emoritur;
3400 5510 3527 5564 dum
3579 5515 3871 5582 appropin-

2283 5603 2484 5664 quante
2526 5596 2591 5650 ad
2622 5596 2795 5651 lucem
2828 5612 2981 5651 nova:
3008 5600 3434 5668 regenerationis
3478 5601 3661 5668 Saulo,
3689 5620 3871 5672 persc-

638 5680 739 5738 ιιιδς
788 5677 975 5738 Paulus
1016 5700 1162 5750 vero,
1212 5686 1302 5755 qui
1350 5685 1534 5753 junior
1589 5697 1691 5749 cat,
1728 5688 2005 5741 sinistrum
2057 5685 2181 5754 jure
2209 5675 2259 5734 υ
2285 5688 2589 5743 cutionihus
2628 5688 2864 5743 Ecclesia
2896 5703 2993 5758 per
3018 5704 3139 5743 eum
3170 5692 3462 5747 crudeliter
3499 5694 3854 5765 impugnatum

638 5770 916 5829 possideat?
942 5777 1048 5835 Sed
1086 5779 1276 5834 durum
1307 5788 1390 5836 est
1417 5778 1593 5846 valde,
1625 5788 1682 5835 ut
1722 5781 2024 5852 cpincmur,
2055 5781 2179 5853 quia

2288 5780 2434 5834 Sicut
2452 5779 2625 5835 Lucas
2647 5782 2699 5835 in
2719 5780 2942 5836 Actibus
2958 5782 3357 5852 apostolorum:
3384 5803 3402 5836 ‹
3427 5784 3641 5853 Saulus,
3664 5787 3858 5858 inquit,
