5664 6658
122 0 1773 199 -ν

2353 472 2455 528 591

2782 472 2837 526 S.
2882 471 3086 529 PETRI
3126 472 3408 531 DAMIANI
3442 473 3596 533 OPP.
3638 476 3871 534 TOMUS
3908 476 4038 534 SEU
4079 476 4259 533 PARS
4290 478 4377 533 lll.
4415 508 4484 519 —
4518 477 4879 537 OPUSCULA
4918 481 5146 538 VARIA.

5467 488 5551 543 89!

2355 588 2663 643 devastabat
2686 586 3001 651 Ecclesiam,
3034 604 3128 658 per
3156 590 3347 644 domos
3375 593 3603 655 intrans,
3626 600 3679 646 et
3700 592 3921 647 trahens
3950 598 3996 654 Α
4026 593 4130 647 lida
4167 593 4429 648 charitate
4457 593 4668 665 flagrat,
4697 605 4805 649 tam
4833 598 4995 650 nimia
5024 612 5090 650 ex
5116 595 5247 650 locis
5271 597 5334 650 ad
5366 598 5461 653 loca
5503 614 5549 654 se

2353 677 2515 739 viros,
2552 686 2605 730 et
2634 676 2887 731 mulieres
2911 678 3158 733 tradebat
3182 680 3344 750 607
3375 682 3427 735 in
3457 682 3752 736 custodiam
3781 684 3921 751 (Act.

2350 766 2490 833 viti).
2526 784 2544 816 ι
2570 763 2819 835 Congrue
2847 766 3027 834 itaque
3052 768 3253 823 Rachel
3282 772 3504 835 Benoni,
3536 771 3585 826 id
3615 782 3719 836 est,
3751 774 3921 841 ﬁlium

2346 852 2543 905 doloris
2582 854 2682 904 mei
2716 862 2872 906 vocat
2900 870 2912 905 :
2944 868 3104 923 quem
3127 854 3295 911 Jaeob
3316 857 3615 927 Benjamin,
3645 860 3697 913 id
3723 871 3823 924 est,
3855 862 3922 929 ﬁ-

2347 938 2478 991 lium
2506 941 2731 992 dextera:
2755 951 3059 1011 nuncupat;
3091 944 3215 1011 quia
3248 944 3461 1008 Paulus,
3489 947 3579 1013 qui
3610 948 3796 1003 matris
3819 949 3920 1003 Ec-

2346 1028 2524 1083 elesiae
2574 1028 2725 1081 dolor
2763 1030 2991 1094 exstitit,
3025 1032 3114 1100 qui
3157 1048 3275 1087 eam
3325 1036 3738 1102 quodammodo,
3794 1040 3914 1092 tium

2346 1123 2679 1181 nasceretur,
2723 1116 3080 1187 impugnando
3107 1121 3355 1189 peremit,
3390 1138 3418 1175 a
3448 1122 3558 1178 Deo
3584 1124 3745 1179 Patre
3772 1128 3913 1193 ﬁlius

2350 1204 2576 1258 dextera.-
2613 1214 2696 1260 est
2722 1216 2960 1271 vocatus,
2996 1222 3115 1261 cum
3158 1223 3253 1277 per
3291 1223 3414 1263 eum
3456 1212 3636 1267 divina
3678 1215 3912 1282 potentia

2342 1292 2601 1348 adversus
2648 1303 2830 1362 gentes
2858 1296 3009 1364 quasi
3050 1311 3149 1365 per
3197 1296 3391 1353 fortem
3429 1314 3585 1353 suam
3635 1304 3910 1356 dexteram

2340 1382 2638 1445 dimicavit,
2654 1384 2935 1445 verborum
2954 1382 3130 1450 jaeula
3150 1384 3389 1441 valenter
3409 1387 3645 1454 intorsit,
3670 1389 3911 1446 salubres

2340 1472 2579 1525 cordium
2622 1471 2803 1541 plagas
2848 1472 3047 1538 intulit,
3091 1482 3146 1529 et
3174 1489 3269 1544 per
3310 1492 3433 1531 eum
3478 1478 3700 1531 devictis
3748 1488 3911 1547 atque

2334 1561 2623 1628 prostratis
2645 1562 2907 1627 hostibus,
2936 1578 3054 1616 cum
3079 1564 3246 1631 gloria
3277 1566 3645 1634 triumphavit.
3672 1566 3807 1621 llinc
3830 1576 3913 1622 est

2335 1648 2480 1716 quod
2522 1648 2660 1703 idem
2690 1648 2889 1704 Paulus
2938 1650 3005 1704 ad
3034 1651 3251 1705 Galatas
3306 1653 3381 1705 ait
3415 1668 3431 1705 :
3464 1670 3485 1702 ι
3542 1652 3675 1707 Cum
3730 1665 3907 1709 autem

2332 1734 2655 1801 complacuit
2682 1736 2755 1799 ei,
2786 1736 2876 1805 qui
2929 1752 3015 1791 me
3055 1739 3352 1806 segregavit
3404 1754 3472 1791 ex
3523 1749 3675 1793 utero
3720 1742 3905 1797 matris

2333 1840 2484 1885 mete,
2531 1833 2586 1878 et
2636 1838 2849 1877 vocarit
2891 1840 2989 1892 per
3038 1828 3265 1895 gratiam
3320 1842 3495 1891 suam,
3530 1837 3587 1881 ut
3640 1829 3902 1884 revelaret

4024 688 4304 756 vagatione
4348 697 4639 756 permutat.
4666 689 4832 760 ϐω
4855 688 5109 744 Transire
5149 690 5213 742 ad
5244 688 5340 743 alia
5371 707 5427 744 ex
5452 689 5548 744 aliis

4020 779 4245 845 appetit,
4289 780 4412 847 quia
4481 780 4648 848 ipsius
4696 796 4842 845 eum,
4887 796 5045 849 quem
5093 780 5293 848 implet,
5340 780 5548 835 stimulus

4018 866 4298 922 charitatis
4336 870 4576 938 impellit.
4600 871 4779 940 Longe
4804 888 5035 941 namque
5056 887 5084 924 a
5110 873 5360 926 Romanis
5378 874 5548 940 positus

4015 958 4206 1011 scribit
4232 976 4244 1011 :
4280 977 4297 1009 ι
4328 958 4639 1014 Memoriam
4667 963 4829 1015 vestri
4863 961 5001 1016 facio
5026 976 5236 1030 semper
5257 963 5307 1015 in
5330 961 5549 1015 orationi-

4013 1044 4115 1097 bus
4137 1047 4299 1107 meis,
4328 1048 4644 1112 obsecrans,
4670 1049 4711 1101 si
4746 1063 4854 1117 quo
4881 1051 5038 1103 modo
5065 1052 5275 1102 tandem
5300 1051 5550 1118 aliquando

4013 1147 4326 1201 prosperum
4354 1135 4457 1188 iter
4481 1136 4706 1189 habeam
4739 1137 4791 1191 in
4818 1137 5087 1191 voluntate
5115 1138 5206 1191 Dei
5242 1140 5467 1193 veniendi
5493 1139 5548 1192 ad

4013 1238 4126 1277 vos.
4176 1225 4431 1280 Desidere
4475 1227 4619 1280 enim
4647 1228 4833 1283 videre
4863 1243 4959 1282 vos
4984 1226 5153 1299 (Rom.
5182 1227 5243 1299 ι).
5274 1248 5290 1280 ι
5320 1229 5548 1284 Retentus

4015 1312 4237 1380 Ephesi,
4267 1315 4562 1369 Corinthiis
4589 1316 4774 1369 scribit
4814 1334 4827 1367 :
4863 1335 4881 1367 ι
4920 1317 5059 1371 Ecce
5086 1320 5241 1372 tertio
5268 1319 5364 1373 hoc
5412 1335 5546 1388 para-

4013 1409 4097 1454 tus
4150 1416 4267 1454 sum
4321 1406 4503 1457 venire
4556 1406 4621 1457 ad
4668 1419 4763 1459 vos
4816 1403 4900 1474 (Il
4931 1404 5053 1458 Cor.
5084 1406 5233 1473 xxn).
5270 1426 5288 1458 ι
5341 1406 5546 1460 Rursum

4008 1488 4204 1557 Ephesi
4226 1504 4584 1554 commorans,
4611 1491 4817 1547 Calatis
4848 1493 5105 1563 loquitur,
5137 1495 5314 1549 dicens
5342 1512 5354 1547 :
5396 1514 5412 1546 ι
5442 1495 5545 1549 Vel-

4010 1568 4119 1631 lem
4142 1595 4225 1632 me
4250 1595 4369 1635 esse
4388 1582 4529 1649 apud
4558 1597 4652 1635 vos
4673 1581 4851 1647 modo,
4882 1594 4937 1636 et
4965 1594 5172 1638 mutare
5196 1598 5373 1637 vocem
5396 1600 5547 1637 meam

4008 1665 4151 1733 (Gal.
4178 1668 4270 1735 tv).
4306 1688 4323 1719 ι
4350 1668 4534 1722 Romae
4563 1685 4777 1739 quoque
4810 1673 5050 1725 custodia
5078 1674 5309 1726 carceris
5337 1672 5547 1737 clausus,

4006 1752 4133 1816 quia
4165 1754 4243 1807 ire
4272 1770 4367 1821 per
4392 1758 4739 1825 semetipsum
4792 1759 4857 1811 ad
4903 1757 5268 1827 Pltilippenses
5313 1775 5411 1814 non
5446 1778 5549 1829 per-

4007 1840 4256 1903 mittitur,
4292 1844 4659 1898 transmittere
4697 1860 4755 1899 se
4784 1846 5103 1914 discipulum
5131 1847 5434 1917 pollicetur,
5481 1848 5549 1903 tli-

2334 1911 2501 1964 fllium
2524 1911 2744 1966 sttumin
2764 1921 2942 1977 me,et
2962 1913 3385 1981 evangelizarem
3406 1930 3525 1967 eum
3554 1916 3603 1967 in
3629 1918 3893 1982 gentibus,
3930 1922 3969 1977 Β
4000 1944 4127 1984 cens
4156 1948 4168 1983 ε
4201 1950 4219 1981 ι
4255 1931 4424 2001 spem
4453 1934 4503 1987 in
4531 1934 4570 1986 ι)

3311 1929 3385 1967 Bm
3406 1930 3525 1967 ωιτη
3554 1916 3603 1967 ίιι
3629 1918 3893 1982 (millibus.
3930 1922 3969 1977 Β
4000 1944 4127 1984 cens
4156 1948 4168 1983 :
4201 1950 4219 1981 ι
4255 1931 4424 2001 Spero
4453 1934 4503 1987 in
4531 1934 4810 1990 Dominum
4843 1938 5047 2001 JeSnm,
5074 1939 5401 1994 Timotheum
5455 1942 5548 1995 cito

2330 1999 2584 2055 continuo
2611 2016 2716 2055 non
2739 2001 2982 2069 acquievi
3014 2001 3165 2055 carni
3212 2009 3268 2055 et
3310 2003 3558 2071 sanguini
3590 2002 3728 2073 (Cal.
3757 2004 3839 2075 tt).
3878 2026 3897 2057 ι

2329 2086 2445 2141 Non
2473 2102 2597 2157 ergo
2627 2088 2895 2141 immerito
2921 2086 3063 2155 ﬁlius
3089 2092 3312 2142 dextera:
3333 2088 3531 2143 Paulus
3553 2100 3787 2152 vocatur,
3806 2107 3903 2160 per

2328 2191 2486 2245 quem
2512 2176 2685 2230 omnis
2727 2177 2964 2245 gentium
3015 2178 3321 2242 multitudo,
3354 2194 3473 2246 quae
3527 2180 3592 2233 ad
3622 2181 3898 2235 dexteram

2324 2268 2418 2323 Dei
2475 2270 2718 2338 ponenda
2772 2278 2891 2333 est,
2947 2270 3012 2323 ad
3058 2270 3180 2324 fidei
3235 2281 3573 2325 sacramenta
3630 2272 3899 2341 colligitur

2322 2358 2611 2414 Accinctus
2636 2360 2898 2427 siquidem
2925 2361 3089 2414 verbo
3117 2360 3231 2425 Dei,
3260 2362 3402 2430 quod
3428 2372 3509 2417 est
3534 2363 3743 2431 gladius
3772 2364 3899 2432 Spi-

2321 2447 2460 2501 ritus
2485 2446 2698 2515 (Ephes.
2730 2448 2838 2518 τι),
2880 2449 3142 2518 hodieque
3182 2466 3351 2519 usque
3396 2453 3464 2505 ad
3512 2453 3670 2507 finem
3718 2454 3897 2510 saeculi

2318 2537 2574 2591 adversus
2601 2538 2837 2591 omnium
2867 2538 3139 2595 vitiorum.
3170 2539 3581 2607 iniquorumque
3610 2541 3894 2608 spirituum

2318 2626 2523 2681 rabiem
2554 2627 2791 2691 dimicat,
2815 2638 2869 2681 et
2900 2637 3149 2696 tanquam
3183 2628 3436 2682 fulminea
3466 2630 3663 2683 Christi
3684 2647 3893 2698 manus,

2314 2714 2539 2768 vibratis
2565 2718 2803 2770 ca-lestis
2823 2717 3020 2785 eloquii
3049 2718 3257 2785 gladiis,
3292 2719 3493 2786 rigidas
3523 2721 3890 2774 resistentium

2316 2802 2427 2861 Deo
2476 2804 2713 2857 cervices
2755 2807 3058 2858 obtruncat.
3094 2805 3256 2859 Recte
3298 2806 3460 2874 igitur
3491 2806 3687 2861 Paulus
3714 2793 3887 2862 dextri

2307 2894 2463 2962 juxta
2492 2894 2905 2962 Redemptorem
2956 2895 3138 2948 lateris
3170 2896 3378 2948 obtinet
3430 2898 3765 2965 dignitatem,
3798 2901 3888 2966 qui

2314 2983 2507 3037 divinae
2558 2983 2792 3035 dexterae
2836 2998 2939 3035 non
2989 2984 3280 3052 ambigitur
3321 2998 3577 3038 exercere
3613 2988 3884 3039 virtutem.

2306 3075 2391 3123 An
2418 3085 2519 3124 non
2548 3072 2944 3138 quodammodo
2970 3072 3186 3124 dextera
3222 3072 3314 3125 Dei
3341 3074 3597 3125 adversus
3620 3074 3886 3128 diabolum

2308 3162 2648 3215 dimicantem
2676 3176 2731 3214 se
2764 3159 2963 3214 fatetur
2991 3176 3126 3223 esse,
3157 3177 3277 3215 cunt
3309 3162 3441 3215 dicit
3480 3179 3491 3213 :
3531 3182 3548 3212 ι
3580 3163 3684 3230 Ego
3704 3174 3882 3217 autem

2309 3253 2386 3305 sic
2410 3266 2587 3313 curro,
2617 3266 2721 3303 non
2763 3252 2914 3318 quasi
2947 3252 2997 3304 in
3030 3255 3289 3305 incertum
3330 3267 3344 3303 :

2306 3337 2457 3404 quasi
2485 3351 2661 3390 aerem
2686 3338 3014 3390 verberans?
3059 3358 3076 3387 ι
3115 3337 3163 3406 (1
3192 3338 3311 3391 Cor.
3346 3339 3444 3410 ix.)

2930 3432 3153 3487 CAPUT
3189 3431 3250 3486 ll.

2624 3521 2786 3574 Pauli
2821 3524 3177 3589 prwrogatim
3215 3534 3549 3576 enarrantur.

2373 3610 2571 3663 Paulus
2602 3613 2667 3663 ad
2692 3610 2885 3663 cwlum
2917 3612 3132 3663 tertium
3160 3622 3343 3679 raptus
3371 3612 3613 3665 ascendit
3634 3610 3721 3680 (Il
3751 3610 3874 3667 Cor.

2298 3701 2427 3769 xu),
2457 3699 2546 3752 ubi
2596 3699 2755 3751 etiam
2810 3712 3003 3752 arcana
3031 3700 3213 3763 verba,
3244 3716 3360 3768 qnze
3402 3701 3708 3754 hominibus
3732 3700 3875 3769 loqui

2301 3804 2408 3841 non
2437 3788 2580 3850 licet,
2609 3788 2833 3841 audivit.
2855 3786 2985 3853 Quis
3016 3798 3194 3842 autem
3223 3792 3448 3855 nesciat,
3476 3790 3599 3858 quia
3630 3791 3738 3843 vita
3768 3801 3875 3844 ter-

2304 3890 2435 3930 rena
2462 3875 2589 3929 dicit
2614 3876 2908 3940 sinistram,
2934 3877 3165 3931 caelestis
3186 3887 3363 3931 autem
3394 3878 3661 3946 significat
3684 3879 3871 3933 dexte-

2303 3980 2443 4029 ram,
2466 3965 2605 4019 sicut
2643 3978 2835 4033 sponsa
2863 3964 2993 4018 dicit
3016 3966 3066 4024 in
3095 3963 3332 4020 Canticis
3362 3983 3374 4017 :
3405 3984 3421 4011 -.
3451 3966 3606 4019 Laeva
3636 3967 3751 4036 ejus
3775 3968 3873 4021 sub

2302 4056 2475 4123 capite
2532 4068 2651 4107 meo
2675 4092 2687 4115 ,
2743 4062 2797 4105 et
2844 4052 3060 4106 dextera
3092 4053 3231 4107 illius
3280 4053 3667 4123 amplexabitur
3696 4056 3811 4109 me?
3844 4072 3864 4107 ι

2301 4142 2477 4212 (Cant.
2503 4148 2587 4210 tt.)
2643 4140 2797 4195 Laeva
2828 4156 3061 4209 namque
3094 4157 3213 4196 esse
3276 4142 3375 4197 sub
3423 4145 3599 4211 capite
3651 4145 3868 4209 dicitur,

2302 4236 2429 4304 quia
2482 4249 2718 4303 prtesens
2765 4234 2875 4288 vita
2930 4235 3070 4303 apud
3136 4234 3365 4290 electum
3418 4236 3707 4304 quemlibet
3772 4237 3869 4291 sub

2300 4335 2497 4386 tnente,
2531 4339 2648 4392 qua:
2693 4322 2879 4390 procul
2933 4324 3093 4376 dubio
3140 4324 3525 4392 cogitationum
3576 4333 3733 4393 caput
3765 4334 3865 4387 est,

2298 4414 2548 4481 despecta
2569 4412 2824 4466 calcatur.
2844 4413 3069 4467 Dextera
3094 4428 3221 4467 vero
3239 4413 3328 4466 Dei
3354 4430 3405 4482 sr
3423 4430 3548 4467 ansa
3571 4415 3866 4483 amplexari

2296 4502 2609 4570 perhibetur
2640 4542 2655 4564 ,
2708 4501 2833 4569 quia
2895 4502 3020 4555 dum
3096 4502 3266 4557 fidelis
3348 4514 3399 4557 et
3452 4516 3635 4559 sancta
3686 4507 3863 4559 anima

4004 2035 4088 2073 me
4114 2024 4329 2076 mittere
4366 2026 4432 2077 ad
4463 2040 4586 2089 vos;
4621 2036 4677 2080 ut
4706 2043 4805 2096 ego
4827 2028 4965 2083 bono
4988 2030 5166 2083 animo
5187 2030 5306 2094 sint,
5342 2032 5549 2100 cognitis

4000 2126 4119 2179 quze
4151 2114 4291 2168 circa
4324 2130 4416 2168 vos
4453 2126 4573 2169 sunt
4600 2116 4823 2187 (Philip.
4866 2119 4951 2187 tt).
4981 2138 4999 2172 ι
5028 2118 5360 2174 Constrictus
5400 2121 5549 2175 etiam

3999 2201 4228 2255 vinculis
4275 2213 4436 2273 atque
4476 2206 4669 2273 Ephesi
4700 2217 4959 2273 retentus,
4993 2209 5390 2265 Colossensibus
5425 2213 5548 2267 scri-

3996 2287 4075 2342 bit
4107 2308 4120 2343 :
4156 2310 4173 2341 ι
4209 2292 4342 2346 Nam
4373 2304 4427 2348 et
4476 2296 4517 2349 si
4570 2312 4796 2365 corpore
4839 2299 5033 2354 absens
5059 2316 5198 2366 sum,
5231 2301 5320 2355 sel
5370 2304 5549 2370 spiritu

3996 2379 4272 2433 vobiscum
4314 2398 4431 2436 sunt
4474 2383 4693 2452 (Colon.
4732 2388 4811 2457 tt).
4850 2406 4869 2438 ι
4911 2388 5047 2442 Ecce
5080 2403 5173 2442 cor
5210 2389 5547 2457 apostolicum

3994 2477 4197 2534 quanto
4220 2468 4443 2523 fraterni
4475 2474 4676 2526 amoris
4713 2475 4833 2544 igne
4882 2476 5217 2545 decoquitur,
5249 2488 5445 2545 quanto
5489 2480 5549 2534 ad

3995 2554 4363 2610 desudandum
4392 2574 4487 2627 pro
4512 2562 4684 2616 salute
4708 2565 4944 2633 gentium
4963 2565 5547 2621 desideriocoarctaturl

3995 2642 4091 2698 llic
4115 2660 4342 2714 corpore
4373 2657 4612 2714 tenetur;
4637 2652 4759 2707 illuc
4785 2654 4972 2722 spiritu
5001 2656 5211 2708 ducitur
5238 2673 5249 2709 :
5272 2666 5325 2710 et
5354 2656 5548 2724 paterni

3992 2734 4191 2785 amoris
4243 2734 4490 2788 allectum
4541 2743 4895 2805 praesentibus
4950 2738 5225 2810 impendit,
5254 2743 5549 2799 absentibus

3990 2821 4231 2889 porrigit.
4284 2822 4476 2877 Coram
4507 2829 4695 2893 positis
4745 2830 4962 2884 exhibet
5012 2845 5193 2900 opera,
5223 2832 5549 2888 audientibus

3990 2910 4243 2973 exprimit
4290 2919 4433 2963 vota.
4471 2912 5025 2984 Ellicaciterprwsens
5055 2918 5151 2980 eis,
5202 2933 5320 2971 cum
5366 2920 5549 2989 quibus

3991 3012 4093 3049 non
4127 3007 4241 3051 erat
4283 3016 4295 3051 :
4331 3016 4426 3054 nec
4468 3010 4642 3055 tamen
4673 3005 4774 3057 illis
4804 3006 5015 3069 absens,
5038 3023 5160 3061 cum
5190 3008 5381 3077 quibus
5413 3022 5544 3064 erat.

3989 3081 4149 3151 Cujus
4174 3101 4409 3141 amorem
4436 3090 4623 3143 melius
4656 3093 5049 3161 cognoscimus,
5081 3096 5122 3149 si
5156 3095 5270 3164 ejus
5294 3096 5467 3152 adhuc
5488 3097 5547 3150 ad

3987 3170 4295 3225 Corinthios
4324 3177 4482 3226 verba
4511 3192 4815 3237 pensamus.
4844 3180 4927 3233 Ait
4956 3183 5094 3233 enim
5129 3198 5143 3233 :
5178 3201 5195 3231 ι
5230 3182 5442 3236 Veniam
5490 3186 5547 3238 ad

3393 3253 3470 3306 sic
3518 3267 3714 3323 pugno,
3775 3269 3880 3309 non
3910 3238 3955 3299 (ἶ
3988 3271 4081 3310 vos
4097 3274 4215 3311 cum
4248 3260 5019 3332 Macedoniampet-transiero;
5050 3284 5169 3321 nam
5192 3268 5546 3324 Macedoniam

3983 3349 4344 3412 pertransibo,
4373 3351 4513 3418 apud
4564 3366 4660 3407 vos
4692 3363 4870 3407 autem
4921 3355 5145 3409 forsitan
5172 3360 5416 3423 manebo,
5471 3360 5545 3412 vel

3982 3433 4145 3486 etiam
4183 3434 4433 3490 hiemabo
4457 3438 4503 3506 (Ι
4533 3436 4654 3492 Cor.
4688 3441 4818 3511 xvi).
4856 3461 4875 3494 ι
4906 3443 5045 3509 Quid
5099 3454 5198 3506 est.
5240 3448 5381 3514 quod
5440 3457 5543 3501 tam

3980 3521 4140 3573 anxie
4173 3537 4271 3589 per
4302 3533 4378 3577 tot
4428 3524 4542 3579 loca
4576 3529 4826 3594 partitur,
4857 3531 4959 3584 nisi
4992 3533 5133 3600 quod
5176 3534 5315 3588 circa
5362 3551 5545 3590 omnes

3980 3623 4081 3660 una
4112 3611 4373 3666 charitate
4400 3617 4823 3686 constringitur?
4867 3618 5112 3675 Charitas
5136 3622 5297 3685 enim,
5321 3639 5441 3692 qua
5470 3626 5543 3679 di-

3976 3699 4091 3751 visa
4145 3703 4298 3755 unire
4337 3705 4629 3767 consuevit,
4666 3724 4827 3762 unum
4877 3725 4972 3764 cor
5034 3710 5179 3765 Pauli
5237 3715 5397 3769 dividi
5449 3730 5544 3785 per

3977 3788 4140 3840 multa
4170 3792 4460 3859 compellit.
4491 3794 4641 3858 Quod
4674 3804 4851 3850 tamen
4880 3806 5029 3854 tanto
5054 3801 5321 3857 ardentius
5349 3804 5400 3857 in
5430 3806 5535 3860 Deo

3975 3874 4199 3945 colligit,
4246 3889 4449 3946 quanto
4482 3880 4641 3936 latins
4689 3898 4783 3951 per
4827 3896 5010 3941 sancta
5040 3888 5294 3943 desideria
5317 3894 5533 3963 spargit.

3973 3961 4323 4021 Prmdicando
4377 3968 4539 4037 igitur
4567 3971 4766 4027 Paulus
4792 3975 4904 4027 vult
4941 3977 5099 4030 simul
5125 3981 5300 4033 omnia
5331 3961 5530 4045 dicere,

3973 4058 4203 4110 amando
4234 4059 4349 4113 vult
4384 4062 4541 4115 simul
4575 4078 4763 4118 omnes
4804 4066 5022 4131 videre;
5057 4069 5177 4137 quia
5209 4078 5261 4123 et
5293 4071 5345 4125 in
5375 4086 5536 4127 carne

3971 4145 4335 4210 permaneudo
4362 4146 4470 4198 vult
4496 4149 4742 4203 onmibus
4766 4151 4965 4218 vivere,
4996 4166 5049 4207 et
5077 4154 5141 4206 de
5157 4169 5313 4211 carae
5359 4167 5533 4212 trans-

3972 4231 4150 4284 eundo
4200 4247 4295 4300 per
4320 4234 4643 4289 sacrificium
4681 4236 4800 4291 fidei
4841 4238 4952 4291 vult
4989 4242 5232 4296 omnibus
5261 4245 5534 4311 prodesse.

3970 4319 4079 4375 Nec
4103 4322 4294 4374 mirum
4328 4322 4371 4376 si
4400 4326 4719 4393 prtedicator
4749 4330 4993 4397 egregius
5020 4330 5072 4383 in
5098 4329 5331 4385 fraterna
5358 4335 5532 4388 chari-

3969 4418 4078 4463 tate
4108 4408 4398 4464 ferventius
4425 4422 4631 4476 aestuat,
4667 4415 4710 4468 si
4754 4431 4862 4484 prze
4883 4419 5092 4473 cunctis
5120 4421 5430 4477 mortalibus
5478 4426 5532 4478 in

3970 4512 4035 4552 eo
4080 4504 4232 4569 copia
4274 4516 4415 4555 verat
4462 4502 4761 4561 dilectionis
4799 4506 5071 4571 abundat;
5105 4524 5222 4563 cum
5252 4510 5370 4565 fons
5409 4514 5533 4567 vita

2293 4567 2542 4644 aestuanti
2574 4593 2654 4643 sui
2683 4567 2954 4644 creatoris
2979 4590 3099 4659 igne
3126 4591 3486 4653 succenditur,
3517 4593 3866 4649 velutdivinis
3896 4567 3944 4626 θ
3969 4591 4057 4659 qui
4090 4606 4211 4643 eum
4240 4607 4337 4646 vas
4364 4593 4637 4649 electionis
4664 4596 4895 4665 appellat
4918 4598 5052 4668 (Art.
5086 4603 5181 4668 ix).
5218 4599 5270 4652 in
5298 4615 5421 4656 eum
5475 4618 5534 4657 se

2294 4680 2609 4749 quibusdam
2636 4682 2967 4750 amplexibus
2994 4682 3224 4749 undique
3253 4682 3585 4735 confovetur.
3613 4683 3710 4749 Qui
3738 4699 3865 4752 ergo

2296 4772 2476 4826 carnis
2525 4771 2700 4824 adhuc
2758 4771 3041 4839 fragilitate
3081 4773 3463 4835 circumdatus,
3492 4775 3555 4826 ad
3588 4774 3860 4827 caelestem

2294 4859 2460 4913 vitam
2510 4858 2819 4911 asct‘ndisse
2870 4859 3229 4925 cognoscitur,
3274 4870 3419 4911 recte
3447 4859 3591 4927 ﬁlius
3640 4862 3863 4915 uertem

2294 4955 2650 5015 nuncupatur.
2680 4946 2833 4999 llnnc
2860 4948 3095 5000 dextera:
3126 4948 3312 5001 Filium
3355 4950 3497 5001 Deus
3526 4952 3863 5018 omnipotens

2295 5036 2827 5104 tanquantpmpriam
2858 5036 3126 5089 dexteram
3159 5053 3255 5106 per
3281 5046 3442 5090 totam
3471 5040 3651 5093 mundi
3682 5040 3863 5093 latitu-

2296 5127 2475 5177 dinem
2501 5138 2709 5191 semper
2732 5124 2987 5188 extendit,
3012 5135 3063 5178 et
3091 5141 3186 5193 per
3209 5141 3326 5180 eam
3358 5127 3661 5195 adoptionis
3696 5145 3862 5197 popa-

2290 5212 2371 5263 los
2404 5214 2464 5262 ad
2488 5209 2605 5264 ﬁdei
2630 5209 2885 5261 unitatem
2910 5212 3124 5281 colligit.
3156 5213 3302 5269 llauc
3323 5214 3597 5269 dexteram
3616 5232 3858 5271 summus

2292 5300 2523 5369 agricola
2556 5315 2650 5367 per
2675 5299 2926 5353 Ecclesia:
2951 5316 3059 5354 suae
3090 5319 3269 5357 aream
3308 5316 3505 5369 versat,
3536 5316 3591 5361 et
3620 5322 3716 5376 per
3738 5322 3855 5360 eam

2293 5391 2595 5456 spirituales
2634 5398 2843 5457 segetes
2872 5391 3112 5454 ventilat,
3147 5402 3206 5446 ttt
3237 5406 3456 5465 purgata
3488 5398 3701 5463 mystici
3741 5396 3855 5449 fiu-

2294 5478 2456 5529 menti
2490 5493 2647 5544 grana
2700 5479 2908 5531 horreis
2960 5480 3271 5537 omlestibus
3322 5485 3647 5541 introducat.
3710 5488 3856 5541 llanc

2294 5566 2563 5618 dexteram
2596 5582 2741 5619 suam
2771 5570 2905 5622 Dens
2934 5570 3039 5625 huc
3082 5570 3313 5639 illucque
3362 5590 3546 5644 procul
3593 5578 3855 5643 extendit,

2293 5658 2415 5705 dum
2442 5655 2505 5706 ad
2532 5654 2850 5724 collige-mlas
2876 5660 2924 5711 in
2950 5660 3068 5713 fidei
3095 5676 3435 5717 sacramento
3454 5676 3637 5733 gentes
3662 5668 3854 5721 Paulus

2292 5752 2402 5797 toto
2434 5752 2696 5799 terrarum
2724 5749 2851 5801 orbe
2882 5750 3149 5806 discurrit.
3185 5753 3296 5823 lpsc
3326 5760 3523 5825 quippe
3572 5774 3729 5826 quam
3762 5776 3853 5811 va-

3970 4682 4266 4735 decreverit
4287 4683 4618 4738 abundanter
4644 4685 4881 4751 inlinere,
4914 4704 5139 4760 eumque
5180 4692 5427 4761 dignatus
5460 4696 5533 4749 sit

3969 4784 4435 4828 sacramentorum
4510 4791 4727 4830 suorum
4776 4777 4986 4835 fluentis
5041 4782 5531 4851 incomparabiliter

3966 4863 4209 4930 irrigare.
4265 4863 4398 4918 llinc
4437 4873 4518 4918 est
4574 4869 4715 4934 quod
4767 4867 4877 4919 ait:
4932 4888 4949 4918 ι
4983 4870 5063 4923 An
5102 4872 5530 4937 experimentum

3968 4956 4205 5020 quaeritis
4255 4957 4367 5025 ejus
4418 4956 4507 5024 qui
4560 4956 4614 5010 in
4654 4971 4734 5011 me
4782 4959 5016 5027 loquitur
5063 4962 5393 5017 Christus?)
5436 4968 5526 5033 (11

3966 5042 4084 5095 Cor.
4116 5045 4261 5111 xm.)

4553 5138 4779 5195 CAPUT
4816 5138 4898 5194 ιιι.

3960 5243 4162 5299 Paulus
4188 5261 4297 5315 pra:
4326 5250 4521 5301 ueteris
4553 5250 4787 5321 ontnibus
4828 5249 5092 5321 privilegia
5120 5252 5416 5308 admirabili
5444 5268 5521 5311 est

4590 5320 4883 5387 insignitus.

4029 5405 4139 5459 Hoc
4192 5406 4348 5473 plane
4394 5407 4638 5463 Salvator
4689 5410 4870 5463 mundi
4926 5409 4985 5463 Β.
5036 5408 5196 5465 Paulo
5252 5426 5345 5479 per
5396 5414 5516 5467 sin-

3958 5495 4155 5563 gularis
4182 5498 4365 5565 gratia:
4394 5497 4724 5566 privilegium
4768 5500 5014 5565 contulit,
5043 5503 5130 5569 qui
5185 5501 5305 5556 nulli
5360 5518 5514 5556 mor-

3957 5587 4138 5639 talium
4180 5597 4300 5656 post
4358 5589 4742 5644 incarnationis
4789 5607 4899 5644 suae
4955 5594 5258 5662 mysterium
5306 5610 5517 5662 praero-

3954 5676 4111 5743 gatit.
4146 5676 4274 5729 Nam
4303 5688 4577 5746 postquam
4608 5681 4759 5733 beata
4785 5681 4869 5733 illa
4900 5691 5058 5750 atque
5086 5684 5254 5735 divina
5280 5682 5516 5738 Redem-

3954 5767 4117 5833 ptoris
4148 5768 4451 5825 humanitas
4478 5771 4539 5824 ad
4569 5782 4803 5839 paternae
4844 5772 5133 5842 majestatis
5188 5783 5267 5828 est
5318 5785 5511 5830 evecta

4996 6469 5501 6484 ».*———~—.ﬁ_j‘,

25 6370 977 6658 2.—
