5664 6608
676 440 779 500 593

1443 432 1688 493 OPUSC.
1728 429 1945 488 LXXV.
1985 460 2056 473 -—
2094 429 2183 485 DE
2218 426 2542 487 PICTUPJS
2579 426 2873 486 PRINCIP.
2915 425 3162 485 APOS'I'.

3834 419 3942 479 τοι

677 566 1005 615 consessum,
1031 559 1092 605 ut
1113 564 1217 604 non
1239 548 1351 619 iam
1381 546 1691 602 hominibus
1719 544 2074 616 corporaliter
2116 542 2254 599 inte-
2282 548 2329 603 Α
2360 558 2484 600 eum
2513 544 2911 614 quodammodo
2935 541 3114 596 minus
3140 544 3346 601 amant,
3369 545 3426 592 et
3452 536 3625 606 magis
3652 542 3939 597 amantur;

677 651 868 708 resset,
886 641 980 697 sed
1002 639 1121 696 emli
1146 638 1326 709 potius
1346 637 1635 691 virtutibus
1662 634 1997 707 pratsideret,
2024 648 2129 688 non
2163 646 2261 702 per

677 734 1011 807 magistrum,
1024 733 1121 787 sed
1133 728 1441 800 specialiter
1455 744 1551 800 per
1565 742 1623 784 se
1638 731 1811 798 ipsum
1824 728 1901 783 sic
1914 728 2065 782 illum
2079 725 2261 780 edica-

678 826 812 882 citer
834 822 1000 896 309
1022 822 1228 886 docuit,
1252 820 1599 891 omniumque
1618 820 1720 875 sibi
1738 828 2008 889 gesturum
2035 830 2258 873 suorum

679 915 932 987 mysteria
964 912 1263 983 delegavit;
1292 920 1352 968 ut
1396 928 1503 967 non
1530 910 1691 967 modo
1719 923 2108 981 praseessorum
2132 924 2260 974 suo-

679 1020 793 1062 rum
822 1002 1135 1072 maglsterio
1151 1000 1459 1057 nullatenus
1485 1001 1772 1070 indigeret,
1800 999 1893 1055 sed
1918 1014 2012 1055 eos
2038 1000 2259 1068 insuper

677 1094 850 1151 omnis
882 1091 1125 1148 ccelesus
1166 1090 1446 1160 sapientiae
1488 1089 1857 1161 profunditate
1903 1088 2253 1160 praecelleret.

680 1183 827 1241 Unde
851 1190 908 1238 et
941 1183 1061 1252 ipse
1090 1182 1296 1248 primus
1317 1181 1682 1250 apostolorum
1714 1180 1910 1235 Petrus
1937 1178 2054 1247 eius
2085 1177 2260 1232 admi-

678 1284 825 1329 ratur
854 1273 1196 1342 sapientiam,
1224 1272 1443 1325 dicens:
1480 1288 1500 1322 ι
1552 1272 1920 1327 Cbarissimus
1948 1269 2120 1324 frater
2160 1283 2258 1323 no-

678 1376 784 1421 ster
802 1362 1023 1429 Paulus,
1058 1360 1353 1417 secundum
1382 1362 1565 1416 datam
1597 1360 1698 1417 sibi
1737 1360 2056 1430 sapientiam
2115 1356 2253 1412 scri-

676 1456 781 1526 psit
808 1454 992 1519 vobis;
1025 1453 1169 1507 sicut
1199 1462 1250 1507 et
1280 1452 1332 1507 in
1357 1453 1609 1507 omnibus
1630 1451 1894 1521 epistolis,
1949 1450 2176 1519 loquens
2201 1448 2255 1502 in

675 1542 752 1598 eis
774 1542 841 1597 de
859 1542 962 1603 his,
988 1542 1043 1594 in
1063 1542 1256 1609 quibus
1285 1548 1412 1595 sunt
1429 1544 1674 1610 quaedam
1696 1538 1930 1593 dillicilia
1956 1536 2253 1600 intellectu,

677 1646 790 1699 quae
815 1632 1017 1686 indocti
1071 1640 1125 1686 et
1156 1631 1439 1685 instabiles
1470 1633 1766 1699 depravant
1797 1628 1883 1701 (Η
1911 1626 2058 1683 Petr.
2082 1631 2187 1696 ιιι).
2230 1647 2249 1680 ι

674 1718 821 1787 Quod
841 1730 1023 1774 autem
1048 1720 1100 1773 in
1128 1720 1399 1775 discendis
1423 1710 1745 1790 evangelicae
1768 1719 2029 1774 doctrina:
2058 1728 2257 1787 myste-

677 1809 769 1863 riis
797 1823 899 1862 non
926 1808 1244 1877 magistrum
1273 1808 1570 1878 quemlibet
1613 1808 1909 1873 hominem,
1961 1809 2055 1863 sed
2088 1809 2255 1863 Deum

2362 637 2486 691 dum
2511 645 2566 690 et
2597 650 2695 705 pro
2723 649 2788 689 eo
2822 632 2998 688 nullos
3029 629 3273 685 laborum
3303 628 3549 683 turbines
3576 626 3838 687 sentiunt,
3891 637 3949 680 et

2362 732 2540 780 tamen
2568 723 2770 778 intima:
2791 719 3178 777 familiaritatis
3198 715 3314 787 eius
3337 716 3792 772 oblectationibus
3822 729 3946 785 per-

2360 813 2633 869 fruuntur.
2663 811 2779 867 Non
2809 826 2939 882 ergo
2962 810 3182 873 mirum,
3234 808 3281 863 si
3328 806 3389 862 Β.
3423 806 3614 861 Petrus
3648 804 3942 875 aliquando

2359 914 2571 976 partem
2634 903 2885 957 videatur
2937 910 3125 956 tenere
3188 898 3489 962 sinistram,
3538 896 3631 967 qui
3677 895 3842 967 610
3889 904 3973 979 et!

2359 996 2552 1051 activa:
2604 994 2732 1049 vita:
2783 993 3029 1049 continet
3078 1006 3146 1049 ex
3164 990 3562 1063 scripturarum
3605 988 3933 1046 auctoritate

2362 1087 2615 1159 namm'
2980 1155 3205 1213 CAPUT
3233 1156 3322 1213 iv.

2423 1244 2540 1302 Cur
2565 1247 2630 1302 Β.
2669 1244 2874 1304 Paulus
2902 1249 3169 1319 propriam
3201 1264 3307 1303 non
3327 1247 3516 1303 habent
3542 1247 3868 1303 cathedram.

2429 1337 2608 1394 Unum
2634 1352 2765 1393 vero
2792 1339 2846 1393 in
2876 1337 2939 1392 B.
2972 1338 3140 1394 Paulo
3166 1339 3403 1405 videtur,
3458 1339 3771 1410 egregium,
3813 1337 3940 1408 quia

2357 1442 2479 1482 cum
2510 1441 2700 1483 omnes
2727 1426 2957 1497 apostoli
2984 1425 3259 1483 distributi
3288 1435 3557 1483 terrarum
3604 1426 3941 1498 regionibus,

2352 1518 2605 1586 proprias
2629 1518 2909 1574 obtineant
2929 1518 3248 1585 cathedras;
3283 1518 3407 1585 iste,
3434 1520 3562 1575 dum
3592 1518 3793 1573 nullam
3820 1532 3946 1587 spe.

2358 1609 2571 1663 cialiter
2601 1616 2800 1673 teneat,
2827 1610 3039 1665 videtur
3068 1608 3411 1679 aliquatenus
3432 1610 3800 1670 communiter
3827 1623 3945 1663 om-

2359 1699 2518 1754 nibus
2543 1700 2855 1769 praesidere.
2890 1698 3051 1772 (Vide
3079 1700 3278 1755 scholia
3305 1701 3377 1755 ad
3414 1700 3610 1755 calcem
3660 1697 3942 1770 opusculi.)

2357 1787 2525 1842 Plane
2570 1788 2697 1859 quia
2750 1788 2866 1858 ipse
2916 1798 3029 1844 toto
3078 1797 3349 1844 terrarum
3399 1789 3531 1844 urbe
3577 1787 3953 1842 universalem

675 1896 977 1964 specialiter
1006 1876 1257 1952 habuerit
1291 1876 1703 1967 praeceptorem,
1738 1907 1970 1954 testatur
1992 1899 2129 1967 ipse,
2158 1899 2247 1967 qui
2282 1887 2326 1945 Β
2362 1878 2603 1932 fundam
2629 1876 2912 1933 Εθοιθδίθπ

1738 1907 1970 1954 [estanu-
1992 1899 2129 1967 ipse’
2158 1899 2247 1967 qui
2282 1887 2326 1945 Β
2362 1878 2603 1932 fundavit
2629 1876 2952 1942 Ecclesium,
2983 1879 3203 1949 dignum
3227 1888 3328 1943 est,
3354 1888 3415 1934 ut
3443 1878 3585 1934 sicut
3611 1878 3663 1967 in
3690 1876 3943 1932 omnibus

680 1985 731 2038 in
754 1986 1021 2054 principio
1052 1986 1301 2057 Epistolas
1331 2004 1443 2043 sua:
1490 1989 1556 2043 ad
1594 1988 1813 2045 Galatas
1866 1989 2127 2059 loquitur,
2172 1990 2255 2043 di-

678 2087 833 2129 cens:
867 2092 886 2126 ι
915 2074 1117 2130 Paulus
1155 2078 1433 2145 apostolus
1455 2092 1561 2131 non
1600 2078 1667 2131 ab
1718 2078 2048 2143 hominibus,
2081 2092 2256 2147 neque

677 2179 770 2236 per
796 2167 1105 2231 hominem;
1153 2170 1250 2223 sed
1282 2185 1380 2238 per
1428 2170 1613 2225 Jesum
1659 2172 1936 2227 Christum
1977 2180 2032 2227 et
2085 2173 2253 2228 Deum

678 2251 905 2319 Patrem,
934 2256 1032 2325 qui
1082 2256 1366 2311 susoitavit
1428 2272 1551 2312 eum
1588 2274 1618 2313 a
1673 2262 1900 2315 mortuis
1934 2258 2075 2329 (Gal.
2132 2263 2194 2333 ι).
2234 2280 2250 2312 ι

677 2340 815 2399 Fons
839 2346 982 2399 enim
1010 2353 1229 2401 aeterna:
1254 2346 1378 2401 vita:
1401 2348 1545 2401 velut
1584 2349 1883 2404 immensus
1936 2359 2150 2405 torrens
2178 2360 2257 2405 to-

680 2437 784 2485 tum
816 2447 873 2486 se
896 2432 1055 2488 simul
1088 2433 1141 2487 in
1169 2448 1265 2487 vas
1289 2449 1401 2489 suae
1434 2435 1713 2490 electionis
1758 2437 2043 2501 immersit,
2075 2438 2163 2506 qui
2197 2439 2250 2491 in

678 2529 894 2577 ceteros
938 2523 1217 2593 apostolos
1268 2540 1364 2593 per
1408 2525 1562 2595 longa
1606 2535 1903 2596 temporum
1954 2527 2254 2593 intervalla,

680 2620 753 2675 sa;
774 2608 949 2664 ientia:
978 2626 1091 2666 suae
1119 2610 1318 2667 ﬂuenta
1345 2614 1599 2683 profudit.
1624 2616 1691 2668 Et
1723 2616 1881 2685 paulo
1901 2626 2049 2685 post:
2093 2634 2111 2667 ι
2150 2616 2255 2670 Νο-

680 2700 786 2748 tum
848 2697 993 2751 enim
1048 2700 1201 2754 vobis
1239 2699 1402 2766 facio,
1451 2700 1673 2767 fratres,
1716 2702 2063 2773 Evangelium
2113 2704 2255 2771 quod

681 2784 1109 2852 evangelizatum
1135 2798 1220 2842 est
1252 2805 1281 2843 a
1310 2804 1418 2854 me,
1442 2792 1566 2859 quia
1600 2806 1705 2845 non
1732 2802 1815 2846 cst
1834 2793 2129 2847 secundum
2154 2795 2251 2848 ho-

680 2871 902 2940 minem;
930 2892 1107 2944 neque
1141 2879 1285 2933 enim
1332 2894 1431 2948 ego
1475 2882 1544 2935 ab
1594 2882 1811 2936 homine
1861 2884 2045 2953 accepi
2100 2884 2251 2949 illud,

681 2974 846 3029 neque
880 2964 1066 3029 didici,
1119 2968 1212 3020 sed
1250 2982 1346 3035 per
1392 2969 1775 3025 revelationem
1815 2970 2029 3025 Domini
2076 2974 2253 3029 nostri

677 3046 797 3104 Jesu
827 3052 1030 3108 Christi
1063 3055 1271 3127 (Ibid.).
1308 3078 1327 3110 ι
1356 3060 1507 3125 Quod
1556 3076 1683 3130 ergo
1715 3061 1929 3116 Petrum
1986 3062 2246 3119 Dominus

654 3142 955 3215 permulta
982 3155 1303 3212 argumenta
1350 3149 1528 3201 adhuc
1575 3150 1818 3202 mortalis
1859 3152 2097 3215 edocuit,
2147 3153 2250 3206 hoc

680 3233 836 3281 totum
866 3241 1084 3299 repente
1115 3231 1273 3287 beato
1304 3233 1473 3289 Paulo
1502 3238 1829 3292 constitutus
1853 3236 1964 3304 iam
1995 3240 2047 3292 in
2077 3213 2247 3308 gloria
2276 3213 2322 3275 C

675 3324 903 3383 paterna:
928 3321 1226 3389 maiestatis
1252 3324 1517 3379 exhibu't.
1560 3329 1635 3379 Ac
1662 3329 1707 3381 si
1733 3330 1922 3383 doctor
1977 3330 2247 3399 quispiam

674 3403 794 3460 dum
830 3410 1071 3478 privatus
1097 3421 1199 3479 est,
1233 3414 1527 3484 discipulos
1553 3418 1762 3479 doceat,
1798 3429 2085 3488 postquam
2112 3434 2244 3475 vero

675 3496 739 3549 ad
776 3498 1065 3554 obtinenda
1124 3504 1318 3572 regalis
1370 3505 1581 3573 imperii
1647 3518 1860 3576 sceptra
1910 3510 2247 3576 conscendit,

676 3586 888 3639 remotis
904 3587 1180 3642 clientium
1207 3590 1489 3652 clasaibus,
1516 3608 1678 3645 untun
1711 3595 1849 3648 inter
1873 3596 2069 3652 multos
2093 3611 2249 3667 egre-

677 3669 833 3739 gium,
866 3688 1023 3741 quem
1048 3677 1278 3732 nobilius
1322 3679 1571 3741 instruat,
1606 3680 1783 3750 elegit.

746 3758 809 3813 Ut
837 3776 965 3830 ergo
991 3764 1058 3817 ad
1090 3765 1142 3817 id
1176 3768 1316 3820 unde
1344 3769 1509 3836 carpit
1561 3784 1740 3824 sermo
1798 3782 2071 3836 recurrat,
2123 3789 2243 3828 cmn

676 3843 729 3897 Β.
756 3848 943 3906 Petrus
969 3854 1035 3906 ad
1062 3856 1339 3910 dexteram
1366 3860 1599 3927 ponitur,
1632 3862 1898 3929 primatus
1920 3863 2054 3931 ejus,
2084 3881 2245 3934 quem

679 3933 812 3992 inter
840 3950 1066 3997 czeteros
1092 3953 1174 3998 est
1194 3948 1415 4000 sortitus
1439 3950 1731 4017 apostolos,
1760 3950 2078 4005 honoratur.
2110 3954 2243 4008 Cum

674 4038 794 4081 vero
824 4029 1020 4086 Paulus
1045 4034 1287 4102 ejusdem
1314 4037 1487 4091 dextri
1517 4038 1701 4093 lateris
1743 4050 1972 4109 occupat
2023 4044 2224 4109 locum,

674 4111 725 4169 in
756 4117 1051 4187 Beniamin,
1088 4122 1241 4191 cujus
1266 4134 1345 4178 est
1372 4126 1536 4191 filius,
1568 4130 1794 4198 mystice
1824 4130 2008 4201 figurae
2038 4132 2246 4188 redolet

673 4217 1078 4265 sacramentum.
1095 4212 1411 4283 Quanquam
1431 4219 1605 4273 ethoc
1622 4235 1726 4273 non
1741 4234 1771 4273 a
1789 4222 2050 4290 mysterio
2067 4232 2240 4289 vacet,

675 4297 805 4361 Quod
828 4297 885 4350 Β.
920 4298 1111 4355 Petrus
1134 4302 1398 4357 Dominiei
1428 4308 1615 4361 lateris
1645 4308 1917 4363 sinistram
1943 4320 2107 4365 tenet.
2140 4313 2245 4367 Per

676 4384 816 4441 illum
845 4393 1109 4460 siquidem
1141 4396 1318 4449 activa
1366 4398 1474 4451 vita
1529 4399 1792 4468 signatur.
1832 4402 1896 4455 Et
1930 4403 2069 4457 sicut
2108 4419 2239 4458 con-

675 4477 965 4544 templativa
992 4482 1095 4534 vita
1127 4498 1225 4550 per
1248 4486 1547 4551 demerunt,
1566 4488 1642 4541 sic
1672 4489 1898 4545 actualis
1923 4492 2243 4560 exprimitur

2362 1968 2482 2023 fidei
2514 1981 2701 2022 semen
2741 1968 2962 2035 sparsit,
2988 1969 3069 2023 sic
3094 1968 3260 2023 etiam
3287 1968 3342 2023 in
3371 1969 3625 2023 omnibus
3646 1966 3737 2035 jus
3762 1973 3946 2021 teneat

2356 2056 2718 2127 praesidentis.
2746 2054 2888 2110 Dicit
2920 2056 3065 2111 enim
3090 2057 3156 2111 ad
3184 2055 3529 2112 Corinthios:
3561 2076 3579 2107 ι
3610 2055 3800 2111 Gratia
3842 2055 3943 2109 Del

2357 2162 2476 2203 sum
2507 2148 2558 2201 id
2584 2148 2727 2217 quod
2760 2163 2911 2213 sum;
2947 2155 3003 2203 et
3025 2147 3201 2217 gratia
3246 2148 3363 2218 ejus
3402 2148 3455 2202 in
3488 2162 3577 2203 me
3618 2162 3791 2202 vacua
3834 2162 3947 2201 non

2357 2238 2481 2303 fuit,
2507 2238 2599 2293 sed
2636 2239 3002 2294 abundantius
3052 2239 3157 2294 illis
3209 2239 3460 2294 omnibus
3507 2237 3787 2303 laboravi;
3836 2251 3945 2292 non

2356 2345 2455 2399 ego
2487 2340 2690 2394 autem,
2721 2332 2816 2386 sed
2842 2330 3015 2400 gratia
3040 2330 3135 2385 Dei
3164 2346 3375 2387 mecum
3409 2330 3461 2401 (ι
3509 2328 3635 2385 Cor.
3664 2330 3775 2401 sv).
3807 2348 3827 2383 ι
3860 2328 3947 2384 Ad

2357 2420 2632 2476 Romanos
2658 2424 2871 2477 autem:
2909 2441 2930 2474 ι
2968 2421 3174 2487 Habeo,
3205 2423 3399 2493 inquit,
3425 2423 3653 2494 gloriam
3678 2422 3732 2476 in
3777 2420 3943 2477 Chri-

2357 2520 2442 2565 sto
2465 2509 2595 2565 Jesu
2615 2512 2680 2565 ad
2714 2512 2906 2577 Deum,
2932 2511 2985 2566 in
3015 2496 3325 2567 obedientia
3348 2513 3623 2583 gentium:
3677 2512 3844 2567 verbo
3884 2521 3944 2566 et

2356 2601 2532 2663 factis,
2566 2602 2617 2655 in
2644 2601 2846 2657 virtute
2876 2603 3180 2671 signorum,
3217 2612 3272 2659 et
3305 2604 3694 2675 prodigiorum,
3741 2603 3797 2658 in
3829 2603 3943 2658 vir-

2358 2699 2467 2744 tute
2504 2690 2741 2760 Spiritus
2769 2694 2975 2757 sancti;
3009 2694 3081 2747 ita
3112 2702 3174 2748 ut
3195 2694 3263 2748 ab
3292 2693 3633 2750 Hierusalem
3680 2709 3779 2764 per
3830 2694 3943 2749 cir-

2354 2780 2559 2833 cuitum
2613 2795 2785 2848 usque
2841 2781 2909 2835 ad
2953 2781 3225 2852 Illyricum
3277 2782 3594 2853 repleverim
3647 2782 3937 2854 Evangelia

2355 2867 2579 2922 Christi.
2605 2866 2696 2922 Sic
2738 2876 2919 2923 autem
2949 2868 3055 2924 hoc
3080 2870 3368 2941 praedicavi
3418 2870 3794 2939 Evangelium,
3832 2884 3939 2924 non

2354 2958 2444 3012 ubi
2470 2959 2780 3014 nominatus
2810 2968 2895 3014 est
2929 2958 3199 3025 Christus,
3225 2976 3292 3016 ne
3316 2977 3479 3045 super
3529 2961 3764 3017 alienum
3818 2961 3941 3016 fun-

2351 3048 2665 3103 damentum
2686 3050 3047 3115 aedilicarem;
3087 3050 3180 3106 sed
3213 3051 3352 3106 sicut
3381 3053 3643 3121 scriptum
3667 3059 3779 3108 est:
3803 3051 3939 3118 Qui-

2355 3138 2455 3190 bus
2490 3153 2595 3191 non
2628 3146 2711 3192 est
2761 3139 3141 3193 annuntiatum
3193 3140 3262 3195 de
3299 3154 3384 3205 eo,
3439 3142 3730 3206 videbunt;
3761 3152 3817 3196 et
3846 3142 3942 3210 qui

2353 3243 2458 3281 non
2481 3228 2785 3294 audierunt,
2819 3230 3121 3301 intelligent
3149 3231 3326 3302 (Rom.
3360 3248 3467 3299 xv;
3494 3233 3606 3289 lsa.
3658 3235 3778 3306 ιιι).
3808 3235 3936 3292 litec

2353 3324 2436 3373 est
2465 3319 2625 3388 igitur
2654 3334 2817 3374 causa
2842 3334 2939 3375 cur
2965 3320 3161 3377 Paulus
3183 3322 3381 3378 nullam
3413 3323 3722 3402 specialiter
3744 3325 3933 3381 cathe-

2352 3408 2504 3462 drum
2534 3418 2737 3472 teneat,
2779 3410 2903 3479 quia
2932 3411 2978 3465 si
3017 3412 3278 3465 audemus
3306 3414 3536 3468 summis
3561 3414 3771 3469 minora
3804 3430 3935 3470 cra-

2351 3496 2512 3563 fcrre,
2541 3497 2606 3551 ad
2638 3499 2809 3553 instar
2835 3500 3063 3564 ChriSti,
3111 3500 3260 3556 salvo
3289 3511 3607 3560 caeterorum
3664 3510 3935 3575 apostolo-

2351 3607 2468 3645 rum
2490 3592 2635 3659 jure,
2659 3592 2874 3647 videtur
2901 3594 3153 3649 omnibus
3179 3594 3437 3651 Eeclesiis
3474 3598 3787 3666 praesidere.

2420 3682 2589 3739 Porro
2625 3694 2805 3739 autem
2833 3696 3095 3754 quantum
3121 3688 3188 3742 ad
3220 3690 3495 3759 vulgarem
3546 3694 3780 3761 pertinet
3810 3710 3936 3750 sen-

2349 3788 2489 3836 sum,
2523 3775 2801 3843 ⁵(ιιιοιιίειιιι
2851 3775 3235 3848 Hierosolymis
3284 3794 3474 3849 passus
3522 3790 3605 3835 est
3651 3782 3933 3848 Dominus,

2347 3863 2614 3916 universis
2639 3864 2891 3919 Ecclesiis
2917 3881 3022 3919 non
3046 3866 3308 3933 Romana,
3337 3871 3430 3924 sed
3444 3870 3935 3943 Hierosolymitana

2347 3955 2525 4023 potius
2553 3969 2786 4023 praeesse
2817 3957 3037 4012 deberet
3068 3958 3337 4025 Ecclesia;
3379 3971 3749 4018 verumtamen
3803 3980 3929 4020 cum

2345 4058 2409 4095 ex
2435 4045 2765 4098 auctoritate
2791 4059 3079 4111 canonum,
3112 4046 3359 4104 Romana
3408 4049 3655 4106 Ecclesia
3693 4054 3929 4122 primum

2348 4142 2527 4188 teneat
2562 4134 2759 4201 locum,
2807 4136 3171 4193 Alexandrina
3217 4142 3535 4209 secundum,
3589 4143 3932 4201 Antiochena

2345 4224 2587 4286 tertium.
2612 4225 3211 4297 ConstantinOpolitana
3234 4240 3509 4299 quartum,
3537 4232 3929 4307 Hierosolymi-

2346 4315 2598 4383 tanajam
2634 4317 2921 4385 quintum:
2977 4328 3193 4375 constat
3245 4321 3531 4377 Dominum
3588 4324 3928 4382 Salvatorctn

2344 4417 2448 4455 non
2482 4404 2572 4456 nni
2606 4404 2829 4459 cuilibet
2855 4407 3129 4463 cathedras
3154 4410 3373 4479 speciali
3399 4409 3523 4478 jure
3546 4427 3797 4482 praeesse,
3833 4418 3929 4470 s'd

2345 4492 2553 4545 cunctis
2609 4508 2775 4547 unum
2842 4505 3118 4562 pastorem
3170 4500 3547 4555 universaliter
3610 4505 3924 4573 prmsidere.

672 4574 761 4631 per
787 4567 1085 4623 sinistram.
1112 4572 1262 4637 Quod
1288 4584 1466 4630 autem
1498 4591 1594 4645 per
1619 4578 1680 4631 Β.
1735 4580 1953 4635 Petrum
1994 4598 2231 4651 praesens
2268 4576 2312 4635 Ι)
2341 4578 2537 4649 Liquet
2586 4594 2716 4647 ergo
2760 4582 3125 4644 Ecclesiarum
3169 4589 3413 4643 ordinem
3439 4604 3561 4645 esse
3601 4567 3927 4662 dispositum

672 4654 791 4719 vita,
826 4658 925 4712 hoc
953 4668 1036 4713 est
1083 4662 1276 4725 activa,
1325 4665 1605 4734 ﬁguretur,
1632 4668 1685 4721 in
1716 4670 1816 4724 hoc
1847 4673 2115 4739 praecipue
2143 4672 2237 4725 de-

674 4761 1016 4818 monstratur,
1048 4756 1190 4824 quod
1244 4758 1385 4811 sicut
1432 4763 1738 4828 evangelica
1795 4763 2233 4834 frequentissime

674 4842 883 4894 testatur
907 4842 1153 4906 historia,
1181 4853 1236 4898 et
1258 4845 1449 4902 Petrus
1479 4850 1761 4905 Dominum
1815 4854 1936 4922 plus
1980 4855 2231 4910 omnibus

670 4929 1036 5000 condiscipulis
1089 4934 1279 5004 diligat
1333 4936 1509 5006 (Joan.
1550 4941 1674 5010 xx);
1726 4951 1777 4996 et
1822 4944 2079 4998 Dominus
2124 4962 2227 4999 non

670 5010 840 5082 Petro,
892 5023 984 5076 sed
1032 5022 1222 5079 Joanni
1275 5028 1453 5095 potius
1505 5033 1910 5100 praerogativam
1980 5036 2229 5104 specialis

669 5111 875 5165 omnino
902 5115 1205 5171 dilectionis
1241 5118 1511 5187 impendat
1542 5122 1721 5190 (Joan.
1755 5124 1897 5195 XIII).
1930 5126 2032 5179 Per
2064 5126 2223 5181 Joan-

671 5209 783 5251 nem
812 5202 1007 5270 quippe
1034 5206 1473 5274 contemplativa,
1506 5224 1603 5277 per
1630 5210 1846 5265 Petrum
1884 5228 2037 5279 vero,
2091 5218 2232 5270 sicut

670 5286 857 5343 dictum
886 5302 990 5358 est,
1015 5295 1188 5349 activa
1219 5297 1328 5350 vita
1357 5298 1623 5367 signatur.
1662 5302 1798 5368 Quia
1829 5306 2005 5359 sancti
2035 5321 2229 5363 omnes

672 5372 718 5427 in
741 5378 835 5433 hac
858 5381 966 5435 vita
992 5384 1055 5436 ad
1080 5384 1484 5440 similitudinem
1513 5387 1678 5453 Petri,
1712 5390 1851 5446 Deus
1876 5393 1993 5461 plus
2020 5405 2224 5459 amant,

667 5468 879 5533 etquasi
903 5472 1080 5525 minus
1109 5482 1393 5540 amantur;
1443 5476 1569 5530 dum
1622 5478 1785 5534 duras
1836 5492 2056 5552 propter
2105 5501 2225 5539 eum

666 5547 892 5612 laborum
926 5561 1198 5617 molestias
1223 5564 1529 5633 perferunt;
1584 5568 1794 5624 mortali
1835 5547 2011 5628 tamen
2051 5575 2226 5630 adhuc

670 5654 817 5698 carne
836 5648 1171 5713 circumdati,
1202 5654 1267 5707 ad
1292 5656 1569 5725 amplexus
1595 5660 1708 5728 eius
1739 5661 2075 5718 dulcedinem
2106 5681 2211 5719 non

666 5736 979 5805 perungunt.
1010 5739 1087 5793 llli
1117 5755 1242 5799 vero
1272 5746 1359 5813 qui
1404 5746 1515 5816 jam
1564 5764 1686 5803 cum
1720 5751 1828 5806 Deo
1855 5761 1999 5816 sunt,
2034 5756 2087 5807 in
2118 5754 2223 5810 hoc

2338 4668 2488 4736 juxta
2512 4669 2853 4739 privilegium
2882 4671 3050 4738 Petri,
3082 4690 3191 4730 non
3243 4678 3542 4733 secundum
3582 4680 3927 4750 incompara-

2338 4755 2499 4811 bilem
2530 4758 2900 4814 excellentiam
2927 4761 3329 4835 Redemptoris.
3360 4768 3497 4835 Quia
3541 4770 3687 4839 quod
3733 4786 3926 4826 omnes

2338 4845 2563 4913 apostoli
2595 4846 2749 4914 juxta
2777 4864 3093 4906 mensuram
3120 4869 3273 4909 suam
3296 4858 3542 4912 obtinent
3565 4874 3663 4929 per
3687 4860 3919 4929 gratiam

2338 4932 2515 4987 collati
2569 4936 2829 5001 muneris,
2881 4938 2984 4994 hoc
3013 4948 3181 4995 totum
3233 4945 3471 5012 possidet
3523 4945 3772 5003 Christus
3820 4963 3920 5017 per

2336 5025 2599 5079 naturalis
2648 5027 2932 5097 imperium
2979 5029 3299 5099 maiestatis.
3346 5036 3647 5102 Quamdam
3694 5052 3842 5110 ergo,
3872 5042 3919 5094 si

2336 5116 2441 5170 dici
2479 5118 2661 5184 liceat,
2691 5135 2813 5174 cum
2843 5120 3063 5176 Christo
3085 5124 3497 5181 similitudinem
3520 5126 3721 5183 Paulus
3747 5141 3915 5193 tenet,

2334 5208 2458 5261 dum
2489 5224 2593 5263 non
2626 5210 2716 5264 uni
2744 5211 3008 5265 duntaxat
3048 5213 3327 5281 Ecclesiae,
3352 5217 3447 5272 sed
3474 5218 3726 5275 omnibus
3772 5231 3916 5292 prir-

2333 5301 2493 5356 sidet.
2534 5302 2649 5358 Non
2679 5305 2842 5374 igitur
2871 5307 2988 5361 sine
3012 5322 3174 5362 causa
3198 5308 3259 5361 Β.
3310 5310 3508 5367 Paulus
3548 5316 3797 5370 dextrum
3858 5317 3911 5369 iu

2332 5393 2559 5459 picturis
2588 5394 2795 5449 obtinet
2821 5395 2983 5461 latus,
3014 5398 3139 5453 dum
3182 5399 3236 5453 id
3287 5416 3392 5455 non
3451 5404 3611 5457 modo
3662 5405 3917 5473 deposcat

2333 5483 2652 5552 propensior
2680 5482 2952 5539 fructuum
2977 5487 3244 5552 cumulus,
3274 5490 3690 5560 sedetliguralis
3715 5493 3914 5547 intelli-

2334 5575 2528 5643 gentia:
2558 5587 2981 5632 sacramentum.
3034 5578 3224 5634 Gliscnt
3264 5580 3441 5635 adhuc
3495 5583 3709 5638 animus
3754 5598 3915 5654 super

2333 5664 2436 5719 boc
2469 5666 2701 5720 themate
2723 5667 2879 5735 plura
2911 5668 3277 5733 conscribere,
3302 5672 3396 5727 sed
3422 5671 3730 5729 litterarum
3759 5674 3903 5741 baiu-

2333 5754 2438 5819 lus,
2469 5756 2562 5827 qui
2600 5756 2669 5813 ad
2708 5774 2801 5816 vos
2830 5774 3125 5832 properare
3162 5760 3403 5834 festinat,
3438 5764 3564 5822 dum
3592 5766 3772 5839 potius
3801 5767 3910 5822 vol-
