5664 6668
2356 431 2460 486 505

2795 434 2851 489 S.
2894 434 3094 490 PETRI
3136 435 3413 491 DAMlANl
3455 435 3601 492 OPP.
3648 437 4066 498 PARSTOMUS
4098 439 4229 500 SEU
4268 442 4352 501 tu.
4390 474 4461 486 -—
4499 443 4865 505 OPUSCULA
4907 448 5133 505 VAltlA.

5478 458 5571 512 596

2354 549 2431 599 let
2463 550 2657 609 votare,
2713 563 2869 614 quam
2911 563 3148 629 currere,
3184 564 3285 601 non
3312 565 3397 601 tne
3421 550 3680 616 permittit
3728 550 3993 613 saltemA
4024 554 4379 609 certissimum
4425 564 4529 619 est,
4584 558 4648 611 de
4693 573 4800 626 quo
4857 558 5075 629 Magnus
5124 562 5231 616 Leo
5287 564 5448 633 (episl.
5510 570 5571 621 ad

2357 638 2603 691 minimas
2632 626 3066 691 adscribendum
3120 654 3295 692 moras
3350 640 3570 693 habere.
3621 639 3919 694 Clementia

2352 727 2522 789 vobis,
2550 726 2904 794 dilectissimi,
2929 728 3109 781 divina
3130 731 3426 799 praecipiat,
3456 739 3510 781 ut
3540 744 3635 798 pro
3660 744 3743 783 me
3760 745 3919 788 orare

2353 827 2539 870 sancta
2569 826 2750 871 vestra
2782 816 3089 873 fraternitas
3113 834 3220 874 non
3253 820 3495 875 desiStat.

2877 1001 3035 1071 611
3080 1000 3379 1057 sCtIOtJA.

2425 1088 2585 1141 Plane
2599 1090 2723 1158 quia
2744 1091 2851 1158 ipse
2887 1092 3123 1159 (Paulus)
3152 1103 3253 1146 toto
3282 1104 3537 1147 terrarum
3562 1096 3681 1150 orbe
3710 1097 3895 1150 univer-

2348 1177 2509 1229 salem
2552 1179 2789 1245 [undavit
2837 1180 3145 1245 Ecclesium,
3201 1184 3413 1252 dignum
3455 1197 3552 1250 est,
3606 1197 3658 1238 ut
3700 1188 3830 1239 sicut
3862 1188 3913 1238 in

2347 1262 2584 1315 omnibus
2622 1263 2747 1330 ﬁdei
2792 1282 2957 1317 semen
3003 1269 3207 1333 ερατ-εἱς,
3246 1270 3319 1320 sic
3367 1271 3522 1322 etiam
3562 1272 3617 1323 in
3679 1272 3911 1324 erunibus

2335 1352 2430 1418 jus
2458 1364 2625 1405 teneat
2655 1356 2996 1421 pm'sidentia.
3028 1355 3081 1409 In
3110 1358 3208 1410 hac
3243 1358 3475 1426 Epistula
3510 1361 3697 1414 beatus
3720 1360 3910 1415 Petrus

4024 642 4206 695 Amm.
4239 641 4469 711 77:253.):
4506 662 4521 692 ι
4555 644 4697 699 lnter
4720 647 5056 703 beatissimos
5080 651 5368 721 apostolos,
5392 654 5566 723 inquit,

4024 731 4075 783 in
4108 732 4452 786 similitudine
4492 736 4728 800 honoris,
4763 736 4861 791 fuit
4889 741 5131 806 quaedam
5163 742 5410 799 discretio
5432 756 5569 814 pote-

4021 820 4208 884 statis;
4234 831 4287 875 et
4316 838 4435 876 cum
4467 825 4703 879 omnium
4730 840 4828 895 par
4846 838 4989 883 esset
5016 830 5224 897 electio,
5255 833 5344 887 uni
5401 845 5563 889 tamen

4020 912 4199 965 datum
4238 921 4339 977 est,
4374 923 4430 967 ut
4461 916 4672 969 czeteris
4699 919 5102 985 praemineret:
5148 922 5212 977 de
5248 939 5348 994 qua
5384 924 5564 991 forma,

4017 1002 4384 1071 episcoporum
4439 1020 4651 1073 quoque
4694 1015 4776 1061 est
4815 1018 4933 1061 orta
4967 1010 5254 1065 distinctio.
5285 1032 5304 1063 ι
5347 1013 5565 1069 Sanctus

4014 1090 4249 1147 Joannes
4288 1094 4698 1163 Chrysostomus
4747 1097 4917 1164 (Item.
4976 1096 5045 1153 87
5076 1099 5129 1152 in
5166 1098 5351 1169 Joan.)
5387 1120 5401 1154 :
5438 1101 5566 1168 Quid

4016 1184 4229 1235 tandem
4258 1183 4380 1235 aliis
4428 1185 4659 1238 omissis.
4694 1186 4759 1241 de
4795 1186 4879 1241 his
4909 1187 5167 1242 duntaxat
5203 1189 5408 1244 Petrum
5438 1192 5562 1243 ασε-

4017 1272 4137 1324 tur?
4184 1288 4245 1325 os
4295 1283 4411 1325 erat
4451 1276 4839 1343 apostolorum,
4886 1284 4939 1330 et
4976 1278 5246 1347 princeps,
5289 1289 5341 1333 et
5388 1290 5562 1336 vertex

4015 1364 4177 1431 ipsius
4207 1374 4404 1427 coetus;
4431 1377 4712 1434 propterea
4752 1376 4804 1421 et
4834 1367 5030 1424 Paulus
5056 1383 5174 1423 eum
5226 1378 5415 1437 praeter
5438 1370 5563 1425 alios

2346 1441 2632 1495 Damianus
2660 1443 2778 1509 plus
2806 1446 2974 1498 nimio
2995 1446 3203 1499 videtur
3231 1451 3462 1503 tribucre
3484 1450 3647 1504 Paulo
3668 1468 3680 1502 :
3700 1453 3909 1504 tametsi

2346 1530 2486 1581 enim
2520 1546 2641 1583 vera
2670 1544 2812 1594 sunt,
2842 1549 2959 1602 qua:
2992 1536 3151 1589 rel'ert
3184 1538 3247 1590 de
3287 1539 3447 1607 ipsius
3474 1539 3710 1606 Apostoli
3753 1541 3913 1594 rebus

2338 1620 2528 1684 gestis,
2562 1630 2685 1673 sunt
2726 1633 2901 1677 tamen
2935 1634 3089 1677 caule
3127 1624 3503 1694 intelligenda;
3536 1629 3789 1695 quoniam
3824 1640 3905 1682 to-

2340 1710 2450 1768 tius
2478 1710 2621 1763 orbis
2649 1723 2853 1779 pastor,
2880 1724 2931 1767 et
2968 1717 3212 1784 princeps
3257 1717 3445 1772 Petrus
3494 1720 3753 1772 duntaxat
3801 1730 3902 1784 est,
4004 1725 4127 1793 gelii
4152 1725 4493 1794 praedicandi,
4528 1734 4689 1795 atque
4719 1734 4937 1794 peccata
4974 1726 5233 1791 solvendi,
5282 1742 5432 1796 teque
5453 1742 5559 1781 om-

2337 1815 2445 1853 non
2484 1801 2694 1856 Paulus.
2726 1803 3078 1871 Quamobrem
3103 1822 3287 1861 verum
3316 1810 3529 1877 quidem
3552 1820 3632 1865 est
3652 1812 3897 1881 elogium,
4004 1830 4099 1868 nes
4131 1815 4421 1883 apostolos,
4450 1814 4644 1868 nedum
4679 1813 4925 1880 Paulum,
4966 1816 5018 1869 in
5051 1816 5352 1869 universum
5404 1832 5559 1871 mun-

2334 1890 2475 1957 qnod
2520 1892 2615 1959 ipsi
2652 1894 2890 1947 Ecclesia
2924 1898 3124 1959 tribuit,
3162 1899 3283 1951 dum
3312 1900 3389 1952 ait
3424 1920 3433 1950 :
3480 1902 3795 1968 [medicatur
3846 1905 3894 1956 in
3931 1914 3971 1971 Β
4000 1906 4124 1957 dum
4167 1906 4357 1959 missos
4392 1920 4510 1958 esse
4539 1906 4929 1968 existimemus,
4954 1920 5073 1958 cum
5103 1905 5326 1975 quadam
5382 1915 5556 1960 tamen

2336 1978 2587 2033 universo
2617 1983 2845 2046 mundo;
2882 2002 2898 2033 ι
2933 1999 3115 2038 verum
3148 1998 3231 2039 est
3271 1990 3410 2055 quod
3445 1991 3583 2043 idem
3638 1991 3892 2044 allirmat:
3999 1994 4436 2046 subordinatione
4466 1993 4631 2056 Petri,
4662 1994 4753 2061 qui
4786 1993 4931 2061 gregi
4965 1993 5244 2045 universali
5274 1992 5555 2062 prafectus

2329 2067 2601 2132 (lustautia
2632 2087 2747 2124 mea
2769 2074 3427 2141 quotidiana,sollicitudo
3450 2080 3685 2133 omnium
3709 2080 3895 2149 Ecele-_
3998 2094 4101 2145 est,
4152 2094 4210 2137 ut
4245 2084 4425 2137 multis
4481 2084 4636 2137 docet
4686 2092 4907 2137 sanctus
4960 2082 5254 2154 Cyprianus
5308 2086 5372 2140 de
5424 2084 5555 2140 nuit.

2327 2155 2528 2208 uiarum
2558 2157 2643 2227 (ll
2672 2158 2795 2211 Cor.
2823 2162 2917 2229 xi).
2942 2181 2958 2214 ι
2989 2163 3093 2217 Sed
3128 2176 3302 2220 tamen
3333 2167 3475 2221 illum
3503 2178 3705 2221 tantum
3730 2173 3898 2227 bono-
3996 2174 4223 2235 Eccles,
4266 2183 4320 2227 et
4356 2173 4512 2241 epist.
4547 2172 4615 2225 55
4646 2173 4712 2225 ad
4741 2171 5044 2227 Cornelium
5069 2186 5279 2242 papam.
5458 2182 5475 2185 "

2325 2261 2459 2303 rem,
2488 2261 2641 2315 quem
2665 2250 2833 2317 prima
2858 2254 3035 2319 specie
3056 2255 3344 2309 cardinalis
3380 2255 3669 2309 Damianus
3700 2268 3885 2311 sancto

2322 2334 2488 2390 Paulo
2520 2338 2708 2403 delert,
2752 2351 2937 2394 sancto
2967 2342 3124 2398 Petro
3174 2346 3344 2413 magis
3378 2362 3675 2417 congruere
3720 2348 3883 2418 612

4012 1454 4223 1506 visurus
4267 1453 4529 1507 ascendit.
4602 1454 4786 1523 Itaque
4836 1456 5147 1511 Damianum
5192 1456 5340 1525 juxta
5392 1462 5559 1526 magni

4009 1543 4249 1613 Gregorii
4282 1555 4515 1600 mentem
4552 1545 4907 1617 intelligemus
4934 1546 5121 1618 (Gaza.
5161 1549 5214 1600 in
5243 1548 5331 1601 lib.
5362 1547 5390 1601 1
5418 1548 5561 1619 Βεςη

4007 1651 4118 1703 cap.
4146 1634 4223 1703 4),
4256 1646 4313 1689 ιιι
4332 1635 4473 1705 quod
4494 1637 4685 1691 attinet
4712 1637 4776 1691 ad
4800 1638 5148 1707 apostolicum
5179 1653 5363 1693 munus
5390 1639 5561 1693 Evan-

4330 2286 4408 2341 Sit
4434 2302 4618 2339 nomen
4639 2285 4850 2339 Domini
4881 2285 5218 2339 benedictum.

2326 2502 5532 2532 NW

2452 2624 2800 2701 διεδεδιά
2888 2650 3728 2764 OPUSCULUM
3816 2649 4689 2763 TRICESIMUM

3169 2650 3728 2763 SCULUM
3816 2649 4701 2763 TRICESIMUM
4789 2648 5406 2761 SEXTUM.

2314 2860 2422 2920 DE
2467 2861 2745 2921 DIVINA
2811 2864 3414 2925 OMNIPOTENTIA
3480 2866 3559 2925 IN
3604 2866 4172 2927 REPARAT'IONE
4212 2865 4694 2935 CORRUPTE,
4738 2865 4839 2924 ET
4884 2861 5162 2922 FACTIS
5200 2859 5551 2922 INFECTIS

3702 2965 4176 3025 REDDENDIS.

2315 3125 2707 3181 Ansuuexruu.
2736 3159 2802 3167 -—
2829 3130 2902 3182 De
2928 3129 3019 3182 Dei
3054 3128 3464 3196 omnipotentia,
3492 3129 3817 3187 aeternitate,
3858 3128 4138 3185 inﬁnitate,
4181 3126 4541 3194 providentia,
4576 3125 4893 3193 carterisqne
4929 3124 5232 3196 huiusmodi
5279 3124 5548 3196 altissimis

2383 3198 2883 3266 obscurissimisque
2942 3193 3355 3265 quaestionibus.
3419 3196 3717 3249 luculenter
3757 3207 3809 3248 et
3860 3198 4076 3266 coyiose
4122 3193 4339 3266 disserit
4377 3206 4563 3248 contra
4613 3211 4705 3249 eos
4744 3198 4835 3264 qui
4888 3194 5079 3266 divina:
5124 3193 5366 3266 potentiae
5395 3195 5546 3262 quasi

2385 3265 2672 3317 terminum
2712 3263 3039 3319 constituere
3084 3266 3371 3323 audebant.
3406 3276 3709 3318 asserentes
3757 3263 3941 3319 Deum'
3970 3266 4109 3317 laeta
4158 3264 4353 3317 infecta
4399 3266 4618 3318 reddere
4669 3279 4771 3317 non
4816 3278 4989 3331 posse.
5020 3263 5167 3329 Quod
5214 3263 5400 3315 falsum
5432 3278 5549 3317 esse

2378 3334 2677 3404 verissimis
2731 3337 3023 3389 rationibus
3070 3336 3281 3403 probat.
3331 3336 3551 3387 Demum
3603 3336 4031 3388 benevolentiam
4077 3343 4127 3387 et
4162 3349 4400 3404 amorem
4449 3348 4605 3386 suum
4649 3348 4779 3404 erga
4822 3333 5115 3388 Casinense
5166 3332 5546 3387 monasterium

2381 3401 2658 3456 Desiderio
2687 3404 2865 3457 abbati
2890 3401 3133 3473 pluribus
3159 3404 3435 3470 patefacit,
3463 3413 3517 3456 et
3545 3404 3687 3457 velut
3714 3405 3764 3457 in
3795 3407 4004 3473 pictura
4038 3414 4161 3456 ante
4188 3403 4374 3455 oculos
4402 3404 4571 3471 ponit.

2380 3494 2584 3546 Domno
2610 3493 2896 3548 DESIDERIO
2935 3494 3241 3547 Casineusis
3272 3496 3583 3548 monasterii
3629 3510 3879 3549 reveren-
3906 3499 3951 3559 C
3984 3510 4125 3556 mur,
4154 3492 4449 3562 quid'aliud
4496 3509 4653 3561 quam
4687 3493 4949 3548 monacho
4990 3502 5203 3557 nostro,
5230 3494 5319 3562 qui
5351 3492 5547 3547 latebat

2307 3587 2519 3639 tissime
2546 3590 2761 3647 rectori,
2808 3596 2861 3639 et
2910 3586 3160 3639 universo
3206 3596 3391 3639 sancto
3422 3588 3727 3646 conventni,
3774 3588 3877 3641 Ρε-
3982 3585 4327 3645 intrinsecus,
4359 3585 4637 3652 repudium
4678 3586 4900 3639 damus?
4929 3584 5047 3640 Mox
5077 3585 5217 3638 enim
5246 3583 5309 3636 ad
5338 3598 5545 3638 summa

2310 3694 2446 3731 mus
2491 3690 2740 3745 peccator
2787 3680 3080 3733 monachus
3129 3681 3273 3739 pacis
3318 3680 3557 3733 osculum
3590 3680 3640 3733 in
3673 3680 3875 3734 Spiritu
3983 3675 4247 3728 tendentis
4287 3676 4406 3727 vita:
4447 3684 4620 3727 status
4655 3676 4928 3737 evertitur,
4959 3676 5107 3744 rigor
5139 3681 5424 3728 enervatur
5459 3672 5541 3727 di-

2306 3778 2516 3821 sancto.
3980 3764 4253 3831 sciplinm,
4296 3774 4454 3832 atque
4486 3764 4680 3817 silentii
4731 3778 4958 3817 censura
5008 3763 5343 3825 dissolvitur,
5376 3774 5429 3815 et
5476 3765 5541 3817 ad

3978 3856 4300 3912 ellluendum
4348 3858 4603 3925 quidquid
4641 3859 4805 3911 libido
4852 3859 5204 3927 suggesserit,
5234 3873 5324 3911 ora
5358 3859 5539 3913 laxan-

3981 3961 4083 3999 πυτ.
4118 3946 4267 4002 Unde
4298 3948 4577 4015 processit,
4627 3955 4682 4000 et
4722 3948 4860 4015 quod
4895 3961 5035 4000 nunc
5065 3947 5295 4000 occurrit
5337 3960 5537 4000 memo-

3978 4039 4071 4089 riae
4112 4055 4125 4089 :
4163 4048 4341 4090 utrum
4395 4037 4535 4091 Deus
4587 4038 4757 4104 possit
4809 4051 5062 4105 reparare
5111 4037 5368 4105 virginem
5420 4049 5541 4105 post

3978 4129 4207 4178 ruinam.
4243 4126 4375 4178 Nam
4422 4126 4547 4179 dum
4580 4126 4893 4193 aliquando,
4936 4135 4997 4179 ut
5030 4126 5334 4180 meminisse
5364 4138 5532 4195 potes.

3978 4228 4199 4284 uterque
4250 4215 4705 4275 discumberemth
4750 4216 4815 4269 ad
4869 4229 5148 4278 mensam,
5195 4215 5423 4282 illudque
5474 4214 5531 4267 Β.

3975 4305 4282 4373 Hieronymi
4331 4306 4818 4359 sermocinantibus
4850 4304 5124 4358 deveniret
5166 4304 5216 4357 in
5263 4304 5532 4369 medium;

3974 4396 4261 4458 audenter,
4312 4396 4419 4457 ait,
4472 4395 4659 4462 loquor
4706 4409 4720 4447 :
4771 4408 4891 4449 cum
4942 4394 5116 4448 omnia
5157 4394 5320 4463 possit
5358 4395 5534 4461 Deus,

3972 4485 4239 4539 suscitare
4287 4485 4548 4553 virginem
4584 4501 4686 4538 non
4733 4492 4908 4553 potest
4954 4494 5072 4553 post
5124 4485 5349 4536 ruinam.
5385 4484 5533 4539 Valet

3973 4576 4184 4641 quidem
4232 4574 4461 4628 liberare
4513 4592 4540 4627 a
4588 4590 4767 4644 poena,
4818 4574 4911 4627 sed
4959 4588 5062 4626 non
5110 4573 5247 4627 valet
5276 4587 5534 4630 coronare

2305 4669 2443 4721 inter
2475 4670 2679 4720 hiantes
2725 4668 2893 4737 pelagi
2943 4670 3202 4722 ﬂuctuare
3251 4670 3554 4738 voragines,
3598 4684 3703 4723 non
3749 4670 3864 4724 sine
3970 4672 4297 4731 corruptam.
4331 4664 4439 4733 Ego
4466 4664 4589 4717 licet
4618 4663 4862 4731 pavidus.
4894 4669 5095 4729 utpote,
5126 4662 5213 4730 qui
5257 4660 5532 4729 disputare

2304 4760 2536 4811 fraterna
2581 4761 2953 4829 compassionc
3000 4760 3226 4826 suspiro.
3277 4759 3451 4822 Errat,
3489 4768 3659 4825 pater,
3696 4768 3859 4824 errat,
3969 4756 4035 4809 de
4060 4755 4189 4807 tanti
4217 4755 4316 4808 viri
4350 4754 4653 4809 testimonio
4684 4753 4837 4807 facile
4864 4768 4968 4807 non
4993 4752 5263 4816 auderem,
5290 4753 5527 4808 unanimi

2301 4851 2389 4915 qui
2418 4851 2635 4904 conlidi:
2667 4866 2722 4905 se
2772 4851 2929 4905 simul
2977 4860 3031 4904 ct
3078 4849 3396 4904 monachum
3429 4865 3577 4912 esse,
3621 4861 3673 4904 et
3702 4852 3863 4905 curia:
3894 4838 3941 4897 Β
3970 4858 4143 4899 tamen
4179 4845 4349 4914 patri,
4387 4845 4476 4899 tibi
4511 4845 4789 4905 videlicet,
4835 4843 4943 4896 dixi
4991 4857 5122 4912 pure
5169 4844 5308 4910 quod
5360 4842 5522 4895 sensi.

2301 4941 2588 4994 deservire.
2618 4940 2787 5006 Quam
2822 4940 2957 4993 male
3004 4949 3293 5005 mercatur,
3344 4940 3433 5008 qui
3476 4941 3860 4995 monachorum
3968 4938 4111 4999 llgcc,
4143 4938 4377 5005 inquam,
4413 4936 4604 4999 lateor,
4632 4951 4902 5004 nunquam
4934 4934 5104 5003 potuit
5152 4934 5277 4988 mihi
5315 4934 5524 5002 placere

2812 3858 3034 3914 CAPUT
3074 3858 3359 3915 PRIMUM.

2511 3947 2659 4011 Quod
2692 3947 2830 3999 Deus
2865 3949 3028 4000 multa
3060 3959 3219 4010 potest
3256 3966 3372 4017 quw
3403 3966 3503 4001 non
3540 3950 3665 4002 vult.

2376 4037 2475 4103 Qui
2508 4037 2649 4090 solus
2677 4040 2741 4092 de
2773 4039 2961 4091 marini
2986 4037 3175 4092 ﬂuctus
3203 4041 3447 4107 procellis
3471 4042 3716 4110 eripitur,
3746 4042 3870 4094 dum

2304 4143 2558 4197 sagenam
2590 4130 2935 4183 adhucdnter
2981 4146 3140 4197 rupes
3190 4141 3242 4185 et
3288 4132 3552 4200 scopulos,
3594 4133 3732 4186 inter
3772 4133 3871 4185 mi—

2305 4233 2467 4273 naces
2496 4228 2657 4286 atque
2688 4220 3104 4274 inttnneseentcs
3135 4222 3395 4273 undarum
3440 4222 3681 4275 cumulos
3733 4222 3873 4289 peri-

2304 4308 2479 4360 clitari
2510 4310 2832 4372 considerat,
2863 4310 3184 4362 inhumanus
3226 4318 3327 4363 est.
3380 4310 3423 4362 si
3467 4309 3769 4363 laborantes
3816 4311 3869 4363 in

2304 4400 2615 4453 discrimine
2646 4401 2818 4453 socios
2863 4416 2965 4454 non
3011 4401 3266 4467 deplorat.
3300 4400 3409 4467 Ego
3450 4399 3626 4468 itaque
3656 4401 3868 4465 episco-

2301 4499 2429 4555 patu
2470 4490 2711 4552 dimisso,
2768 4505 2850 4542 me
2888 4490 3102 4558 quidem
3145 4488 3286 4541 velut
3335 4490 3513 4541 arenis
3565 4490 3866 4556 expositum

2303 4578 2539 4644 gaudeo;
2588 4579 2681 4632 sed
2728 4588 2777 4632 te
2822 4580 2991 4632 ventis
3039 4589 3197 4647 atque
3230 4578 3529 4631 turbinibus
3578 4580 3755 4641 atteri,
3803 4594 3865 4631 ac

107 6379 917 6568 ‘

2301 5030 2575 5096 praesumit
2603 5031 2831 5084 claustra
2864 5032 3132 5094 deserere,
3182 5041 3239 5083 ut
3282 5030 3463 5083 mundi
3496 5029 3670 5082 valeat
3719 5031 3859 5083 mili-
3966 5033 4245 5085 sententia.
4276 5031 4386 5083 Non
4418 5030 4561 5083 enim
4588 5044 4616 5081 a
4643 5046 4748 5098 quo
4776 5027 5003 5092 dicatur,
5036 5026 5127 5081 sed
5156 5026 5283 5094 quid
5312 5027 5520 5080 dicatur

2305 5120 2434 5170 tiam
2462 5116 2720 5184 baiulare.
2754 5119 2918 5173 Undis
2944 5129 3128 5173 erutus
3158 5134 3318 5172 sanus
3345 5128 3425 5173 est
3454 5120 3634 5188 piscis,
3668 5134 3772 5172 non
3808 5131 3864 5173 ut

2296 5208 2397 5261 sibi
2428 5207 2594 5272 vivat,
2617 5209 2710 5261 sed
2732 5218 2787 5260 ut
2810 5209 2940 5264 alios
2965 5221 3164 5277 pascat.
3194 5210 3480 5273 Vocantur,
3506 5210 3857 5274 attrahimur;

2296 5297 2387 5349 :-ed
2421 5308 2476 5349 ut
2501 5298 2739 5352 vivamus
2767 5298 2905 5364 aliis,
2934 5302 3220 5355 moriamur
3249 5302 3429 5384 pobis;
3460 5310 3607 5354 amat
3636 5311 3858 5354 venator

2300 5401 2549 5448 cervum,
2580 5392 2669 5443 sed
2709 5398 2766 5443 ut
2800 5391 2899 5445 sibi
2947 5391 3104 5446 faciat
3152 5394 3352 5457 cibum;
3400 5396 3736 5464 persequitur
3768 5411 3857 5449 ca-

2301 5490 2451 5545 pras,
2500 5478 2793 5547 lepusculos
2828 5481 3149 5546 insectatur;
3185 5485 3310 5547 sed,
3348 5494 3405 5537 ut
3458 5486 3570 5553 ipse
3606 5486 3739 5540 bene
3770 5486 3859 5551 sit,

2301 5567 2387 5620 illa
2421 5568 2550 5621 nihil
2576 5569 2701 5622 sint.
2724 5571 2913 5625 Amant
2942 5582 2994 5627 et
3014 5573 3259 5628 homines
3278 5590 3391 5635 nos,
3421 5577 3512 5628 sed
3540 5590 3643 5629 non
3674 5576 3856 5640 nobis;

2299 5659 2513 5712 sibimet
2541 5659 2786 5727 diligunt,
2820 5662 2871 5714 in
2898 5677 3022 5718 suas
3054 5678 3149 5718 nos
3176 5676 3385 5718 vertere
3415 5665 3632 5719 delicias
3664 5681 3860 5720 concu-

2306 5750 2535 5821 piscunt.
2565 5750 2710 5820 Qitos
2758 5753 3005 5809 nimirum
3036 5757 3157 5811 dum
3190 5757 3242 5811 in
3289 5758 3550 5813 exteriora
3582 5758 3860 5828 prosequi-

3965 5122 4200 5174 attendo.
4233 5119 4399 5171 Nimis
4430 5118 4632 5173 scilicet
4676 5118 5009 5172 inhonestum
5046 5116 5271 5175 videtur,
5318 5122 5376 5167 ut
5420 5114 5516 5178 illi,

3964 5214 4051 5281 qui
4082 5211 4260 5265 omnia
4303 5220 4491 5278 potest,
4536 5209 4634 5263 nisi
4679 5209 4778 5262 sub
4806 5207 5011 5261 altioris
5055 5204 5407 5269 intelligentia:
5430 5218 5516 5257 sa-

3968 5312 4263 5364 cramento,
4315 5311 4420 5354 tam
4454 5301 4641 5355 leviter
4671 5298 5067 5369 impossibilitas
5094 5296 5405 5350 ascribatur.
5440 5294 5515 5348 Tu

3966 5405 4144 5447 autem
4175 5392 4495 5448 econtrario
4547 5390 4863 5458 respondisti
4912 5407 4928 5442 :
4972 5396 5142 5441 ratum
5182 5400 5328 5449 esse,
5377 5385 5515 5453 quod

3963 5483 4164 5538 dictum
4213 5490 4409 5549 est,et
4456 5484 4585 5535 satis
4633 5478 5032 5541 authenticum,
5082 5475 5245 5529 Deum
5275 5473 5517 5529 videlicet

3964 5590 4069 5630 non
4115 5588 4273 5644 posse
4317 5575 4577 5628 suscitare
4605 5571 4863 5641 virginem
4894 5577 5014 5639 post
5056 5582 5281 5621 ruinam.
5321 5566 5517 5621 Deinde

3964 5667 4136 5737 longis
4173 5676 4335 5736 atque
4366 5665 4588 5735 prolixis
4630 5661 5177 5733 argumentationibus
5211 5659 5367 5713 multa
5396 5672 5513 5728 per-

3963 5774 4205 5832 currens,
4240 5760 4305 5817 aJ
4348 5760 4448 5816 ltoc
4483 5758 4697 5813 tandem
4737 5754 5059 5813 deﬁnitionis
5092 5762 5189 5808 tua:
5227 5751 5513 5812 clausulam
