5664 6636
1511 492 1755 552 OPUSC.
1800 488 2039 549 XXXVI.
2068 519 2137 530 —
2171 486 2262 544 DE
2296 482 2524 543 DIVINA
2565 474 3102 539 ΟΜΝΙΡΟΤΕΝΤΙᾹ.
3832 466 3946 525 598

675 611 991 694 perduxisti,
1034 620 1093 668 ut
1120 610 1329 668 diceres
1359 628 1373 663 :
1402 607 1570 663 Deum
1600 624 1708 663 non
1735 608 1806 661 ob
1842 604 1986 659 aliud
2016 602 2121 659 hoc
2149 576 2256 657 non
2291 606 2336 663 Α
2368 607 2519 653 tenus
2548 595 2841 651 uubietatls
2884 584 3321 693 is'tasuSpeusio
3358 582 3413 637 in
3438 578 3695 694 operibus
3712 577 3947 694 ‘pietatir

675 668 990 782 posse,nisi
1030 704 1159 772 quia
1199 716 1305 756 non
1336 698 1469 753 vult.
1497 697 1579 753 Ad
1626 696 1771 767 quod
1817 709 1919 764 ego
1959 710 1973 745 :
2005 692 2061 747 Si
2098 690 2253 752 nihil,
2360 702 2456 743 vos
2498 685 2687 757 magis,
2736 697 2800 736 ac
2846 680 3019 750 magis
3047 690 3262 778 semper
3289 679 3563 737 exerceat,
3593 680 3648 726 et
3678 668 3748 723 ab
3773 668 3948 782 enini,

678 760 919 867 inquam,
954 760 1137 863 potest
1177 790 1321 845 Deus
1365 803 1589 853 eorum,
1618 760 1739 856 quae
1785 760 1890 839 non
1927 784 2082 837 vult:
2125 780 2263 835 nihil
2361 780 2407 834 si
2446 794 2550 846 qua
2589 775 2762 846 possit
2808 774 3093 841 obrepere,
3142 768 3380 823 vanitate
3436 771 3767 867 compescat.
3834 760 3955 867 Scit

2364 882 2493 937 ergo
2522 868 2644 931 sibi,
2674 865 2819 934 quod
2845 862 3021 918 nescit
3054 859 3330 931 apostolis.
3358 856 3513 923 Quod
3539 855 3594 909 in
3629 855 3731 908 hoc
3765 850 3954 923 procul

2366 960 2529 1014 dubio
2558 959 2768 1027 probat,
2799 966 2923 1010 cum
2952 954 3192 1016 Patrem,
3215 964 3338 1004 cum
3370 963 3477 1017 quo
3506 945 3759 1000 videlicet
3785 956 3953 997 unum

2368 1058 2469 1114 est,
2498 1048 2600 1102 hoc
2627 1060 2788 1101 nosse
2818 1043 3097 1098 denuntiat
3131 1058 3143 1094 :
3187 1060 3203 1090 ‹
3255 1040 3368 1109 Ego
3399 1038 3569 1101 enim,
3600 1035 3695 1100 ait,
3722 1043 3777 1088 et
3800 1032 3963 1087 Pater

2373 1154 2539 1194 unum
2580 1152 2766 1193 sumus
2798 1135 2982 1208 (Joan.
3028 1138 3106 1202 χ).
3154 1153 3170 1184 ι
3204 1132 3293 1185 Sic
3321 1131 3463 1185 enim
3495 1127 3653 1197 juxta
3695 1125 3844 1181 verbi
3877 1139 3971 1179 so;

2372 1249 2525 1296 num,
2558 1230 2753 1285 asserit
2796 1245 2854 1284 se
2898 1227 3054 1296 quasi
3103 1226 3335 1287 nescire,
3385 1222 3529 1292 quod
3572 1220 3767 1287 Pater;
3821 1216 3967 1271 sicut

2372 1324 2658 1392 aliquando
2712 1320 3050 1391 significatur
3100 1315 3498 1385 quodaumodo
3557 1328 3665 1367 non
3722 1310 3961 1373 habere,

2373 1414 2515 1483 quod
2574 1412 2752 1466 Pater.
2820 1408 2971 1464 Unde
3020 1418 3102 1464 est
3148 1415 3201 1460 et
3254 1407 3397 1475 quod
3448 1404 3581 1460 dicit
3627 1400 3968 1472 Apostolus:

2384 1524 2402 1557 ι
2432 1505 2563 1559 Cum
2596 1501 2883 1556 tradiderit
2911 1514 3134 1569 regnum
3161 1498 3291 1562 Deo,
3320 1506 3373 1551 et
3398 1496 3544 1549 Patri
3563 1492 3624 1565 (Ι
3650 1492 3771 1547 Cor.
3796 1491 3919 1561 xv);
3945 1512 3963 1542 ι

2379 1604 2635 1662 tanquam
2685 1605 2911 1660 regnum
2953 1590 3127 1644 donec
3177 1588 3292 1657 ipse
3343 1593 3627 1649 tenuerat,
3658 1583 3819 1637 Pater
3866 1596 3974 1635 non

2382 1682 2642 1746 habebat;
2682 1689 2893 1735 etcum
2936 1678 3083 1733 Patri
3131 1676 3436 1740 tradiderit,
3467 1676 3582 1744 ipse
3616 1688 3723 1727 non
3773 1680 3977 1728 teneat.

696 1789 910 1850 tamque
956 1777 1269 1841 ridiculum,
1314 1784 1373 1829 ut
1424 1789 1529 1829 non
1562 1773 1719 1828 modo
1760 1770 2115 1840 omnipotenti
2166 1767 2274 1821 Deo
2379 1772 2512 1828 Cum
2544 1772 2758 1825 tradere
2787 1785 2933 1839 regni

1760 1770 2115 1840 omnipotenti
2166 1767 2274 1821 Deo
2379 1772 2512 1828 Cum
2544 1772 2758 1825 tradere
2787 1784 3013 1839 regnum
3038 1770 3147 1823 Deo
3176 1766 3351 1833 Patri,
3380 1766 3515 1820 nihil
3544 1764 3689 1819 aliud
3722 1765 3795 1818 sit
3815 1762 3974 1829 juxta

694 1881 926 1944 nequeat
952 1870 1187 1928 assertio
1217 1869 1318 1923 ista
1346 1880 1672 1935 congruere,
1702 1863 1795 1918 sed
1828 1876 1896 1916 ne
1942 1860 2118 1932 fragili
2154 1859 2275 1929 qui-
2382 1862 2627 1920 sobrium
2677 1860 3010 1915 intellectum
3033 1900 3047 1922 ,
3082 1858 3185 1914 nisi
3232 1857 3525 1929 perducere
3577 1854 3864 1911 credentes
3912 1852 3981 1907 ad

695 1943 812 2018 dem
843 1959 1055 2017 homini
1085 1957 1264 2012 valeat
1305 1954 1615 2011 convenire.
1658 1951 1820 2006 Multa
1861 1951 2125 2020 siquidem
2156 1954 2282 2002 sunt
2313 1958 2361 2020 Β
2386 1952 2859 2022 contemplanda";
2914 1951 3149 2021 speciem
3200 1950 3299 2003 Dei
3358 1948 3555 2004 Patris.
3611 1947 3763 2002 Tunc
3816 1943 3987 2016 616

698 2066 811 2121 quae
842 2065 940 2107 nos
986 2062 1097 2104 non
1136 2045 1384 2109 facimus,
1421 2051 1476 2099 et
1519 2051 1698 2097 tamen
1742 2040 1923 2095 facere
1968 2052 2279 2109 possumus.
2389 2050 2590 2118 quippe
2618 2046 2729 2099 Deo
2760 2044 2910 2099 Patri

1748 2040 1923 2095 facere
1968 2052 2279 2109 possumus.
2389 2050 2590 2118 quippe
2618 2046 2729 2099 Deo
2760 2044 2910 2099 Patri
2940 2057 3165 2114 regnum
3211 2045 3240 2095 a
3269 2040 3408 2096 Filio
3441 2040 3691 2102 traditur,
3722 2052 3846 2092 cum
3886 2048 3985 2104 per

673 503 771 558 501

678 897 876 951 autem,
904 884 1013 939 nisi
1057 886 1202 951 quod
1226 879 1357 944 vult,
1389 876 1548 943 facit;
1583 892 1711 947 ergo
1745 874 1878 930 nihil
1914 873 2134 927 omnino
2164 886 2261 941 po-

679 983 781 1031 test
812 988 1000 1031 eorum
1052 970 1249 1031 facere,
1298 982 1418 1039 qua
1466 983 1573 1022 non
1618 964 1766 1019 facit.
1806 962 2155 1032 Consequens
2183 968 2266 1015 est

680 1067 879 1135 itaque,
908 1072 970 1117 ut
997 1061 1167 1115 libere
1208 1059 1506 1121 fateamur,
1538 1056 1706 1109 Deum
1737 1053 1894 1108 hodie
1925 1052 2127 1106 idcirco
2158 1052 2264 1104 neu

682 1154 883 1225 pluere,
914 1152 1043 1220 quia
1074 1164 1181 1203 non
1231 1154 1441 1217 potest;
1477 1144 1678 1199 idcirco
1716 1141 1994 1211 languidos
2024 1154 2128 1193 non
2157 1138 2264 1193 eri-

685 1258 828 1313 gere,
860 1241 988 1312 quia
1040 1254 1149 1294 non
1192 1245 1396 1308 potest;
1428 1233 1547 1287 ideo
1592 1248 1698 1286 non
1730 1230 1977 1284 occidere
2018 1227 2268 1293 injustos,

684 1333 803 1388 ideo
836 1347 945 1387 non
977 1345 1044 1385 ex
1080 1342 1264 1383 eorum
1309 1322 1748 1394 Oppressionibus
1775 1321 2004 1374 liberare
2033 1326 2267 1371 sanctos.

687 1421 830 1486 Haec,
861 1430 917 1475 et
942 1420 1052 1474 alia
1086 1416 1250 1471 multa
1283 1415 1485 1469 idcirco
1513 1413 1654 1467 Deus
1682 1425 1791 1464 non
1822 1408 1974 1473 facit,
2002 1409 2125 1475 quia
2164 1421 2269 1458 non

686 1513 819 1579 vult,
864 1521 920 1565 et
959 1509 1090 1579 quia
1120 1521 1226 1561 non
1271 1505 1418 1569 vult,
1448 1518 1554 1557 non
1587 1511 1796 1573 potest;
1830 1501 2073 1569 sequitur
2108 1495 2270 1567 615

687 1611 837 1675 ergo,
872 1611 933 1655 ut
980 1598 1247 1668 quidquid
1287 1597 1427 1652 Deus
1470 1611 1576 1651 non
1630 1594 1778 1656 facit,
1831 1592 2008 1647 facere
2053 1592 2274 1645 omnino

690 1703 793 1748 non
838 1690 1034 1760 possit.
1077 1686 1228 1755 Quod
1269 1685 1512 1757 profecto
1563 1693 1671 1736 tam
1712 1682 1927 1737 videtur
1958 1678 2272 1739 absurdum,

705 2141 760 2196 Si
789 2141 1010 2211 quando
1036 2147 1221 2192 tamen
1252 2135 1355 2190 tale
1380 2136 1507 2204 quid
1531 2134 1585 2188 in
1610 2133 1854 2203 mysticis
1883 2140 1939 2186 et
1982 2129 2287 2200 allegoricis

698 2236 977 2303 contingat
1029 2245 1128 2284 nos
1177 2228 1414 2297 reperire
1460 2226 1770 2294 scripturis,
1807 2230 1965 2277 caute
2014 2221 2196 2292 potius
2235 2228 2291 2275 et

704 2330 1014 2376 reverenter
1042 2316 1417 2386 accipiendum
1450 2322 1555 2378 est,
1583 2328 1743 2383 quam
1764 2313 1920 2382 juxta
1951 2312 2163 2366 litteras
2189 2325 2290 2363 au-

702 2412 885 2468 dacter
943 2421 1001 2467 et
1048 2410 1218 2465 libere
1253 2406 1657 2477 proferendum.
1703 2404 1795 2460 Sic
1840 2412 1923 2459 est
1968 2403 2119 2464 illud,
2150 2401 2293 2471 quod

704 2498 840 2554 Loth
870 2498 1189 2569 properanti
1214 2498 1383 2565 Segor
1410 2496 1477 2549 ab
1524 2494 1713 2563 angelo
1745 2494 1943 2549 dicitur
1973 2508 1987 2543 :
2027 2510 2044 2543 ι
2074 2490 2293 2545 Festina

708 2588 903 2659 igitur,
951 2588 1161 2658 inquit,
1199 2597 1251 2642 et
1292 2587 1502 2642 salvare
1548 2586 1641 2649 ibi,
1672 2584 1796 2654 quia
1845 2599 1950 2637 non
1987 2591 2177 2651 potero
2213 2580 2295 2633 fa-

712 2692 833 2733 cere
866 2680 1186 2748 quidquam,
1216 2678 1385 2732 donec
1423 2675 1745 2745 ingrediaris
1775 2673 1899 2727 illuc
1929 2672 2083 2742 (Gen.
2110 2670 2243 2737 xvn).
2275 2688 2292 2721 ι

713 2768 817 2822 Et:
853 2786 871 2819 ι
920 2767 1161 2822 Ρωιιὶῐει
1196 2782 1282 2821 me
1324 2766 1518 2821 fecisse
1557 2766 1828 2820 hominem
1867 2762 2021 2835 (Gen.
2048 2762 2147 2831 vt).
2186 2781 2204 2813 ι
2238 2760 2304 2814 Et

713 2858 835 2927 quia
865 2858 1011 2912 Deus
1042 2871 1357 2926 prmcavens
1402 2857 1455 2909 in
1505 2853 1766 2919 futurum,
1800 2862 1973 2907 tactus
2016 2852 2089 2907 sit
2115 2850 2304 2905 dolore

713 2949 891 3004 cordis
919 2949 1252 3003 intrinsecus
1271 2989 1284 3010 ,
1313 2956 1369 3001 et
1399 2946 1562 3000 multa
1594 2945 1644 2999 id
1674 2945 1909 3016 generis.
1951 2945 2008 2998 Si
2040 2944 2169 3011 quid
2198 2943 2301 3011 igi-

716 3045 802 3093 tur
825 3037 931 3093 tale
954 3036 1155 3092 divinis
1186 3034 1395 3105 paginis
1427 3036 1697 3102 reperitur
1727 3034 2013 3096 insertum,
2044 3046 2149 3086 non
2181 3045 2306 3086 mox

718 3128 1178 3199 passim‘procaci
1222 3140 1283 3181 ac
1323 3126 1701 3196 praesumptiva
1740 3124 1947 3193 vulgari
1991 3122 2153 3177 debet
2206 3136 2305 3176 au-

720 3220 903 3285 dacia,
945 3219 1043 3275 sed
1092 3218 1193 3273 sub
1236 3202 1493 3272 modesta
1522 3217 1687 3271 sobrii
1733 3216 1999 3269 sermonis
2030 3213 2309 3282 proferen-

2391 2138 2745 2195 mediatorem
2798 2133 2892 2189 Dei
2940 2142 2994 2189 et
3034 2133 3317 2188 hominum
3367 2132 3419 2184 in
3470 2126 3982 2199 contemplationem

2394 2231 2699 2289 divinitatis
2749 2238 2965 2285 aeternae
3013 2227 3250 2282 fidelium
3302 2224 3593 2280 multitudo
3630 2221 3978 2278 transfertur

2394 2324 2448 2379 id
2479 2334 2582 2387 est,
2616 2334 2675 2378 ut
2699 2321 2809 2391 jam
2842 2318 3153 2376 necessaria
3196 2332 3302 2371 non
3338 2316 3409 2371 sit
3438 2314 3772 2385 dispensatio
3798 2310 3995 2368 simili-

2399 2414 2647 2468 tudinum
2677 2428 2775 2481 per
2802 2409 3044 2480 angelos,
3076 2415 3133 2461 et
3169 2406 3529 2476 principatus,
3576 2414 3631 2459 et
3675 2410 3996 2475 potestates,

2398 2511 2453 2558 et
2482 2502 2710 2555 virtutes
2744 2518 2756 2553 :
2783 2515 2850 2553 ex
2876 2511 3105 2567 quarum
3137 2509 3369 2563 persona
3417 2508 3523 2547 non
3557 2490 4000 2547 inconvenienter

2401 2590 2720 2661 intelligitur
2744 2589 2850 2643 dici
2878 2588 2932 2642 in
2963 2586 3207 2642 Canticis
3240 2583 3580 2640 canticorum
3610 2582 3676 2637 ad
3700 2596 3955 2652 sponsam
3984 2598 3999 2634 :

2412 2702 2431 2734 ι
2468 2680 2869 2737 Similitudines
2898 2679 3018 2734 auri
3069 2678 3330 2732 faciemus
3378 2676 3475 2731 tibi
3524 2690 3647 2729 cum
3698 2673 4004 2728 distinctio-

2403 2772 2562 2826 nibus
2609 2769 2817 2840 argenti
2863 2767 3039 2837 quoad
3087 2782 3259 2835 usque
3292 2779 3383 2819 rex
3415 2764 3467 2818 in
3496 2762 3747 2818 accubitu
3777 2777 3875 2817 suo
3916 2771 4001 2818 est

2395 2861 2584 2931 ~(Cant.
2617 2859 2696 2929 t);
2734 2878 2752 2911 ι
2787 2858 2838 2913 id
2870 2866 2971 2923 est,
3001 2857 3178 2926 quoad
3208 2870 3380 2924 usque
3426 2854 3676 2909 Christus
3710 2852 3762 2907 in
3792 2861 4007 2909 secreto

2409 2965 2508 3004 suo
2553 2958 2655 3003 est.
2692 2948 2962 3015 Quoniam
3007 2948 3116 3001 vita
3166 2956 3351 3000 nostra
3399 2945 3717 3000 abscondita
3766 2951 3852 2999 est
3884 2960 4009 3000 cum

2409 3040 2629 3095 Christo
2674 3039 2728 3093 in
2760 3040 2913 3094 Deo:
2949 3057 2966 3089 ι
3001 3036 3136 3093 Cum
3167 3036 3439 3102 Christus,
3469 3036 3663 3105 inquit,
3699 3035 4015 3107 apparuerit

2410 3130 2520 3181 vita
2571 3136 2779 3193 nostra,
2816 3136 2941 3181 tunc
2988 3134 3043 3180 et
3096 3140 3193 3181 vos
3236 3125 3571 3196 apparebitis
3617 3142 3739 3181 cum
3789 3126 3907 3197 ipso
3955 3125 4011 3180 in

2413 3217 2579 3287 gloria
2622 3214 2860 3285 (Coloss.
2902 3216 2964 3285 ι).
3013 3235 3030 3267 ι
3063 3215 3218 3283 Quod
3266 3226 3559 3285 antequam
3615 3217 3725 3283 tiat,
3761 3219 4011 3273 videmus

724 3314 845 3365 dum
876 3319 961 3365 est
991 3308 1305 3379 disciplina;
1350 3308 1475 3377 (illia
1525 3321 1572 3360 SI
1617 3307 1722 3360 Ιιοο
1756 3303 2073 3360 diffundunt
2108 3304 2161 3356 in
2191 3302 2307 3356 νυιο
2335 3306 2378 3368 C
2410 3324 2552 3362 nunc
2576 3323 2672 3379 per
2689 3308 2967 3380 speculum
2992 3308 3043 3361 in
3068 3309 3374 3378 aenigmate,
3404 3308 3507 3363 hoc
3533 3316 3636 3371 est,
3670 3310 3723 3362 in
3755 3309 4007 3364 similitu-

722 3416 838 3473 gns,
867 3411 929 3456 ut
954 3401 1098 3456 Deus
1127 3401 1177 3453 in
1209 3398 1411 3467 aliquo,
1434 3396 1579 3466 quod
1608 3396 1712 3449 dici
1737 3394 1887 3448 nefas
1913 3402 2013 3457 est,
2044 3394 2312 3462 impotens

726 3500 1027 3553 asseratur,
1063 3488 1207 3543 illico
1231 3487 1380 3557 plebs
1412 3486 1623 3540 indocta
1661 3484 2028 3548 confunditur,
2060 3492 2115 3536 et
2150 3482 2311 3536 Chri-

728 3581 900 3634 stiana
938 3579 1075 3633 fides
1121 3592 1228 3641 non
1278 3578 1393 3632 sine
1435 3589 1631 3647 magno
1662 3574 1966 3629 animarum
2003 3574 2317 3630 discrimine

729 3670 1096 3739 perturbatur.

799 3760 893 3814 ιιιο
932 3761 1095 3831 plane
1126 3761 1284 3815 modo
1327 3758 1523 3814 dicitur
1552 3758 1695 3814 Deus
1735 3773 1839 3812 non
1887 3771 2045 3827 posse
2091 3756 2317 3827 aliquid,

734 3863 838 3920 quo
864 3860 921 3905 et
948 3852 1164 3905 nescire
1197 3867 1209 3902 :
1237 3849 1487 3903 videlicet
1511 3848 1770 3917 quidquid
1808 3847 2003 3901 malum
2036 3856 2145 3911 est,
2178 3847 2324 3901 sicut

737 3955 842 3996 non
868 3950 1054 4011 potest
1084 3955 1267 4011 agere,
1292 3941 1366 3995 ita
1396 3940 1569 3994 nescit
1590 3952 1770 4009 agere.
1799 3937 1915 3991 Non
1948 3938 2090 3992 enim
2120 3946 2321 4007 potest,

740 4034 933 4088 autsic
968 4032 1185 4087 mentiri
1210 4071 1225 4095 ,
1258 4031 1343 4086 vel
1393 4029 1667 4100 pejerare,
1700 4029 1783 4085 vel
1832 4028 2084 4097 iniustum
2123 4028 2325 4097 aliquid

742 4119 941 4187 facere,
979 4135 1289 4190 quanquam
1329 4136 1425 4189 per
1454 4120 1769 4188 prophetam
1800 4119 1944 4172 dicat
1975 4136 1986 4169 :
2023 4136 2041 4169 ι
2078 4119 2191 4187 Ego
2221 4118 2328 4172 Do-

740 4212 916 4265 minus
964 4211 1207 4265 formans
1236 4210 1440 4272 lucem,
1475 4218 1530 4263 et
1555 4222 1751 4263 creans
1790 4209 2039 4262 tenebras
2075 4226 2088 4261 :
2122 4207 2329 4263 faciens

740 4313 950 4369 pacem,
996 4308 1051 4353 et
1086 4312 1279 4354 creans
1313 4297 1511 4351 malum
1545 4296 1700 4366 (lsai.
1730 4295 1873 4365 xcv).
1908 4314 1926 4347 ι
1962 4295 2116 4363 Quod
2146 4304 2326 4349 autem

744 4388 871 4442 dicit
912 4389 966 4441 in
1006 4386 1335 4453 Evangelio:
1369 4404 1388 4435 ι
1423 4385 1497 4439 De
1542 4386 1629 4439 die
1674 4394 1854 4439 autem
1906 4384 2029 4449 illo,
2065 4384 2150 4439 vel
2198 4386 2329 4439 hora

748 4490 906 4530 nemo
935 4476 1026 4538 sit,
1064 4489 1239 4545 neque
1285 4474 1459 4543 angeli
1507 4473 1561 4527 in
1597 4474 1759 4539 caelo,
1799 4488 1974 4543 neque
2000 4474 2196 4538 Filius,
2227 4475 2332 4529 nisi

747 4560 908 4617 Pater
934 4562 1152 4633 (Halm.
1182 4578 1344 4627 xxiv;
1372 4560 1541 4615 Marc.
1569 4562 1723 4631 xui);
1760 4581 1777 4613 ι
1814 4563 1916 4616 hoc
1941 4562 2128 4631 procul
2170 4562 2333 4623 dubio

2416 3398 2666 3463 dinibus;
2694 3406 2824 3453 tunc
2854 3406 3034 3453 autem
3064 3397 3202 3452 facie
3239 3397 3305 3452 ad
3338 3397 3531 3453 faciem
3558 3397 3627 3468 (1
3678 3396 3802 3453 Cor.
3852 3400 4017 3470 xui).

2418 3486 2545 3541 llaec
2580 3488 2723 3541 enim
2753 3487 2909 3541 nobis
2942 3487 3332 3556 contemplatio
3362 3488 3702 3558 promittitur
3740 3488 4016 3543 actionum

2419 3577 2660 3631 omnium
2713 3576 2859 3639 ﬁnis,
2910 3586 3072 3646 atque
3111 3586 3313 3632 mterna
3366 3577 3626 3647 perfectio
3674 3579 4015 3650 gaudiorum.

2427 3683 2444 3715 ι
2472 3663 2596 3719 Filii
2642 3664 2785 3719 enim
2834 3665 2928 3719 Dei
2962 3679 3167 3730 sumus,
3217 3675 3273 3720 et
3316 3667 3553 3722 nondum
3590 3669 3841 3739 apparuit
3874 3670 4020 3739 quod

2421 3756 2647 3808 erimus.
2702 3755 2918 3810 Scimus
2965 3756 3091 3824 quia
3143 3771 3266 3813 cum
3316 3758 3652 3827 apparuerit,
3704 3760 3913 3816 similes
3968 3762 4019 3816 ei

2425 3841 2663 3906 erimus;
2696 3845 2952 3912 quoniam
2986 3843 3289 3900 videbimus
3314 3860 3437 3899 eum
3469 3846 3627 3901 sicuti
3660 3857 3744 3903 est
3778 3847 3829 3919 (1
3854 3847 4019 3903 Joan.

2425 3935 2566 3996 vni).
2606 3954 2624 3987 ι
2657 3935 2807 4001 Quod
2842 3936 2986 3988 enim
3037 3934 3176 3988 dixit
3219 3935 3421 3989 famulo
3462 3951 3559 3991 suo
3602 3936 3771 4010 Moysi
3803 3952 3820 3993 :
3856 3957 3875 3991 ι
3909 3939 4025 4011 Ego

2429 4040 2568 4088 sum,
2599 4026 2689 4094 qui
2720 4040 2838 4078 sum
2872 4024 3072 4095 (Exod.
3102 4024 3210 4094 ιιι).
3250 4046 3269 4078 ι
3301 4026 3368 4080 Et
3400 4044 3413 4079 :
3446 4046 3463 4078 ι
3496 4027 3655 4083 Dices
3687 4029 3869 4099 itaque
3899 4030 4031 4086 ﬁliis

2428 4115 2594 4170 Israel
2639 4132 2652 4168 :
2678 4114 2779 4181 Qui
2808 4123 2911 4181 est,
2937 4115 3086 4171 misit
3121 4130 3206 4170 me
3234 4118 3300 4171 ad
3326 4132 3420 4172 vos
3448 4116 3629 4188 (Joan.
3661 4121 3794 4191 xvn)
3828 4138 3843 4176 :
3877 4140 3895 4174 ι
3924 4122 4031 4179 hoc

2432 4205 2955 4275 contemplabimur,
2987 4220 3110 4259 cum
3153 4205 3459 4261 videbimus
3483 4223 3606 4262 eum
3639 4209 3695 4265 in
3740 4220 4027 4269 aeternum.

2431 4298 2508 4351 lta
2541 4297 2740 4367 quippe
2769 4296 2881 4349 ait:
2918 4314 2938 4348 ι
2974 4296 3098 4351 llmc
3122 4304 3206 4351 est
3231 4309 3411 4351 autem
3440 4299 3551 4353 vita
3584 4308 3816 4367 :eterna,
3852 4311 3911 4355 ut
3936 4318 4033 4357 cou-

2435 4394 2699 4456 gnoscant
2743 4396 2794 4441 te
2836 4401 3001 4440 unum
3051 4402 3237 4441 verum
3286 4387 3489 4454 Deum,
3532 4399 3588 4444 et
3631 4406 3790 4461 quem
3837 4393 4037 4448 misisti
4081 4434 4090 4457 .

2436 4476 2620 4531 Jesum
2651 4476 2929 4531 Christum
2971 4475 3022 4545 (I
3054 4474 3178 4529 Cor.
3214 4476 3310 4549 tv).
3343 4497 3360 4529 ι
3394 4478 3506 4534 Hoc
3532 4480 3641 4541 liet,
3676 4496 3799 4537 cum.
3828 4482 4040 4537 venerit

2438 4567 2732 4631 Dominus,
2763 4575 2818 4621 et
2849 4566 3240 4622 illuminaverit
3282 4568 3601 4625 abscondita
3648 4573 3999 4626 tenebrarum
4021 4614 4037 4636 ,

748 4650 1153 4722 intelligendum
1186 4660 1290 4715 est,
1330 4651 1473 4721 qttod
1505 4649 1800 4719 discipulus
1830 4651 1933 4705 hoc
1964 4650 2334 4705 tantummodo
2366 4667 2411 4724 ι)
2440 4671 2563 4711 cum
2618 4656 2858 4711 tenebrae
2909 4657 3259 4712 mortalitatis
3335 4658 3494 4729 hujus
3560 4661 4036 4731 corruptionisque

748 4744 993 4806 nesciat,
1039 4742 1134 4811 qui
1184 4742 1287 4797 sibi
1342 4742 1418 4796 nil
1465 4756 1687 4811 prorsus
1730 4743 1960 4813 ignorat.
2007 4743 2141 4798 Cum
2190 4743 2334 4797 enim

748 4831 925 4899 Jesus,
952 4832 1190 4888 Verbum
1220 4831 1469 4887 videlicet
1496 4831 1694 4897 Patris,
1719 4841 1961 4901 tempora
1993 4841 2187 4887 cuncta
2210 4848 2337 4888 con-

752 4923 968 4990 diderlt,
996 4922 1177 4977 omnia
1209 4922 1473 4990 siquidem
1503 4936 1599 4991 per
1620 4922 1795 4989 ipsum
1825 4922 1968 4977 facta
1999 4931 2127 4977 sunt
2153 4922 2336 4995 (Joan.

754 5012 825 5078 l);
858 5026 962 5081 qua
1000 5011 1408 5081 consequentia,
1438 5012 1535 5081 qui
1562 5020 1731 5066 totum
1760 5013 1928 5076 novit,
1955 5013 2096 5067 diem
2123 5013 2335 5083 judicii,

753 5110 963 5170 partem
1010 5102 1261 5156 videlicet
1307 5103 1607 5173 temporis,
1660 5102 1962 5173 ignoravit?
2013 5103 2119 5157 Sed
2172 5117 2336 5173 super

752 5192 941 5247 eodem
990 5190 1273 5247 Salvatore
1316 5192 1509 5247 scribit
1553 5192 1841 5262 Apostolus
1872 5211 1886 5246 :
1925 5210 1943 5243 ι
1973 5191 2030 5247 ιιι
2065 5208 2171 5262 quo
2209 5201 2338 5247 sunt

753 5293 945 5335 omnes
987 5281 1225 5335 thesauri
1295 5282 1573 5351 sapientiae
1642 5290 1695 5337 et
1742 5283 1984 5338 scient-ia:
2036 5282 2335 5337 absconditi

737 5367 984 5459 .(Colou.
1028 5373 1115 5441 ιι).
1147 5391 1164 5422 ι
1193 5371 1304 5427 Cur
1330 5382 1509 5428 autem
1556 5374 1881 5439 absconditi,
1910 5375 2014 5430 nisi
2055 5375 2179 5446 quia
2228 5390 2335 5429 non

760 5461 935 5527 palam
983 5463 1236 5523 omnibus
1274 5464 1587 5520 manifesti?
1630 5464 1763 5520 Nam
1812 5468 1879 5522 de
1925 5466 2115 5523 eodem
2151 5467 2336 5537 judicii

760 5550 847 5607 die
890 5562 1010 5624 post
1055 5553 1530 5612 Resurrectionem
1565 5572 1749 5613 rursus
1792 5574 1823 5612 a
1864 5558 2143 5627 discipulis
2170 5559 2348 5627 inqui-

764 5639 922 5710 situs,
953 5644 1030 5700 ait
1060 5658 1076 5699 :
1115 5664 1132 5696 ι
1162 5644 1277 5699 Non
1313 5654 1396 5701 est
1434 5654 1673 5702 vestrum
1725 5661 1884 5704 nosse
1935 5657 2210 5718 tempora,
2259 5649 2343 5703 vel

765 5745 1032 5788 momenta
1052 5774 1065 5800 ,
1102 5746 1221 5805 qua:
1250 5734 1410 5792 Pater
1439 5739 1616 5807 posuit
1664 5738 1717 5793 in
1766 5756 1860 5794 sua
1908 5749 2173 5811 potestate
2202 5740 2339 5811 (Act.

766 5822 826 5888 ι).
859 5844 875 5878 ι
903 5826 981 5885 Ac
1005 5826 1050 5883 si
1080 5827 1218 5883 dicat
1252 5845 1263 5882 :
1294 5827 1407 5886 Non
1441 5830 1591 5887 vobis
1622 5833 1723 5889 hoc
1751 5834 1968 5906 expedit
1996 5848 2180 5905 nosse,
2213 5849 2345 5908 qua-

2446 4747 2781 4803 transierint.
2814 4746 2970 4801 Tune
3019 4747 3123 4801 erit
3173 4762 3335 4803 mane
3384 4759 3662 4812 nostrum,
3711 4752 3778 4806 de
3828 4767 3935 4821 quo
3982 4753 4039 4806 iu

2443 4836 2652 4907 psalmo
2680 4836 2880 4891 dicitur
2905 4854 2918 4890 :
2955 4854 2973 4888 ι
3010 4836 3167 4893 Mane
3196 4838 3387 4895 astabo
3416 4838 3534 4907 tibi,
3563 4849 3616 4894 et
3636 4841 3832 4897 videbo
3862 4840 4040 4913 (Ρεαι.

2443 4927 2520 4995 v).
2554 4946 2572 4978 ι
2606 4925 2681 4981 De
2719 4926 2819 4981 hac
2842 4926 3298 4995 contemplatione
3320 4928 3639 4998 intelligitur
3664 4932 3888 4995 dictum,
3914 4947 4040 4988 cum

2442 5015 2725 5071 tradiderit
2756 5030 2979 5085 regnum
3010 5017 3119 5072 Deo
3140 5025 3196 5071 et
3224 5017 3371 5074 Patri
3412 5016 3465 5089 (I
3516 5019 3639 5073 Cor.
3677 5022 3803 5088 xv),
3852 5023 3904 5076 id
3932 5033 4042 5086 est,

2449 5120 2571 5159 cum
2618 5105 2936 5173 perduxerit
2970 5102 3169 5173 justos,
3210 5105 3264 5160 in
3293 5106 3490 5176 quibus
3524 5123 3668 5164 nunc
3709 5124 3773 5163 ex
3812 5110 3917 5165 [ide
3965 5112 4048 5167 vi-

2446 5200 2695 5254 ventibus
2742 5208 2931 5269 regnat
2982 5206 3252 5253 mediator
3304 5199 3397 5254 Dei
3450 5208 3507 5255 et
3552 5200 3834 5257 hominum
3884 5204 4050 5259 homo

2447 5290 2695 5345 Christus
2742 5288 2902 5344 Jesus
2949 5290 3016 5342 ad
3064 5289 3579 5358 contemplationem
3624 5290 3719 5346 Dei
3760 5290 3943 5349 Patris
3991 5292 4043 5359 (1

2451 5380 2587 5434 Tim.
2618 5380 2704 5450 ιι).
2734 5378 2901 5433 Multa
2929 5379 3160 5449 denique
3186 5378 3315 5434 talia
3349 5382 3696 5450 reperiuntur
3726 5385 3777 5437 in
3820 5392 4044 5439 senten-

2452 5469 2541 5523 tiis
2577 5468 3019 5538 Scripturarum,
3052 5483 3172 5538 quae
3217 5469 3264 5523 si
3297 5466 3453 5536 juxta
3498 5470 3801 5526 litterarum
3848 5488 4046 5543 super-

2456 5559 2631 5614 ficiem
2661 5557 2899 5613 contenti
2930 5571 3119 5611 sumus
3159 5560 3424 5627 accipere,
3456 5575 3560 5614 non
3593 5562 3749 5617 nobis
3792 5570 4048 5632 poterunt

2454 5653 2635 5706 lumen
2681 5650 2928 5705 veritatis
2976 5648 3275 5713 infundere,
3325 5650 3419 5706 sed
3471 5651 3815 5707 tenebrarum
3867 5652 4051 5723 potius

2455 5744 2739 5815 caliginem
2787 5741 3078 5813 parturire.
3130 5740 3245 5794 lloc
3286 5756 3416 5812 ergo
3446 5742 3593 5813 quod
3628 5745 3844 5800 dicitur.
3879 5743 4049 5802 Deum

2454 5852 2559 5891 non
2594 5850 2753 5908 posse
2791 5834 2989 5890 malum
3024 5832 3239 5902 aliquod
3270 5834 3353 5889 vel
3395 5836 3635 5903 nescire;
3672 5852 3775 5891 non
3808 5839 4052 5893 referen-
