5664 6654
284 6442 792 6553 -κ

284 32 2867 244 ’βξ

2710 501 2768 555 ε.
2810 501 3005 557 PETRI
3045 501 3324 557 DAlilANl
3358 499 3512 558 OPP.
3553 500 3788 559 TOMUS
3828 495 3959 555 SEU
4002 497 4182 556 PARS
4215 495 4781 558 IIl—OPUSCULA
4818 502 5040 559 VARIA.

2269 609 2393 662 dum
2419 619 2502 662 est
2550 607 2613 662 ad
2647 609 3025 677 ignorantiam,
3053 611 3136 666 vel
3183 612 3665 681 inpossibilitatem
3686 652 3704 677 ,
3734 610 3828 665 sed
3855 619 3905 672 Α
3937 623 4027 672 re;
4056 610 4170 663 sive
4197 614 4436 664 dictante
4460 627 4506 665 τε

3246 612 3665 681 possibilitatem
3686 652 3704 677 ,
3734 610 3828 665 ..αι
3855 619 3905 672 Α
3937 623 4027 672 re;
4056 610 4170 663 sive
4197 614 4436 664 dictante
4460 613 4711 681 :equitate
4726 611 4970 680 justitlc.
4995 623 5052 669 ut
5073 614 5213 684 quod
5240 622 5483 686 tanquam

2267 697 2333 748 ad
2389 693 2681 750 voluntatis
2725 708 2997 766 perpetuae
3047 699 3446 757 rectitudiuem.
3500 700 3630 768 Quia
3684 701 3828 757 enim

2264 781 2460 836 malum
2489 797 2593 837 non
2622 783 2754 845 vult.
2788 796 2932 842 recte
2970 787 3190 852 dicitur,
3220 793 3343 859 quia
3384 806 3557 860 neque
3586 791 3706 855 scit,
3736 809 3829 848 ne-

2262 887 2366 942 que
2391 884 2566 942 potest
2604 874 2820 945 aliquod
2853 877 3071 937 malum.
3102 882 3366 936 Caeterum
3405 883 3664 953 quidquid
3693 884 3827 950 vult,

2259 960 2627 1018 indubitanter
2655 975 2706 1019 et
2732 973 2930 1034 potest,
2962 977 3195 1026 testante
3217 971 3492 1040 Scriptura
3522 991 3536 1026 :
3569 991 3590 1026 ι
3622 972 3700 1028 Tu
3727 991 3826 1031 au-

2258 1061 2367 1106 tem
2395 1054 2701 1110 dominator
2743 1058 2959 1116 virtutis
3002 1078 3124 1117 cum
3172 1063 3557 1132 tranquillitate
3593 1064 3822 1133 judicas,

2257 1148 2310 1197 et
2336 1157 2460 1196 cum
2482 1159 2671 1214 magna
2693 1151 2994 1206 reverentia
3025 1151 3262 1221 disponis
3287 1167 3384 1208 nos
3408 1168 3422 1206 :
3453 1152 3654 1210 Subest
3681 1155 3823 1210 enim

2255 1228 2377 1298 tibi,
2405 1245 2525 1287 cum
2552 1233 2810 1302 volueris,
2834 1255 2991 1309 posse
3015 1240 3161 1309 (ευρ.
3189 1243 3310 1312 an).
3340 1262 3360 1295 ι

2878 1350 3104 1406 CAPUT
3146 1351 3208 1406 ll.

2323 1442 2478 1510 Quod
2522 1447 2756 1502 voluntas
2801 1451 2900 1504 Dei
2928 1454 3164 1532 omnibus
3193 1455 3344 1509 rebus
3385 1472 3545 1512 causa
3584 1468 3660 1512 est
3696 1463 3756 1511 ut

2913 1533 3160 1576 existant.

2317 1599 2580 1659 Voluntas
2617 1605 2814 1676 quippe
2853 1607 2948 1662 Dei
2991 1611 3233 1666 omnium
3267 1629 3469 1677 rerum,
3500 1616 3611 1670 sive
3640 1615 3821 1670 visibi-

2244 1687 2401 1750 lium.
2425 1693 2541 1749 sive
2585 1696 2934 1754 iuvisibilium
2977 1715 3137 1756 causa
3163 1713 3265 1763 est,
3310 1713 3366 1755 ut
3391 1705 3655 1770 existant;
3687 1707 3820 1762 adeo

2243 1790 2306 1835 ut
2330 1785 2546 1838 condita
2585 1801 2830 1856 qumque,
2872 1801 3155 1860 antequam
3183 1794 3250 1846 ad
3273 1792 3566 1848 formarum
3598 1809 3816 1852 suarum

2247 1872 2493 1928 visibiles
2538 1880 2890 1944 procederent
2933 1882 3163 1950 species,
3206 1883 3319 1948 jam
3363 1887 3632 1941 veraciter
3659 1896 3819 1957 atque

3931 697 4037 750 vile
4053 695 4180 766 quid
4201 712 4302 761 per
4324 701 4503 755 carnis
4530 697 4891 755 blandimenta
4921 701 5169 771 projecit,
5193 699 5246 756 id
5280 703 5479 756 instau-

3930 800 4050 839 rare
4075 787 4235 839 etiam
4261 803 4361 856 per
4383 789 4713 856 poenitentiae
4741 789 4971 846 lamenta
5000 807 5104 847 non
5129 792 5296 862 possit
5319 810 5334 847 :
5373 792 5483 849 sive

3928 884 4090 937 certe,
4126 885 4182 928 ut
4205 879 4330 930 dum
4369 877 4421 931 in
4449 893 4508 934 se
4548 879 4716 933 ruinae
4741 895 4852 934 ante
4878 882 5030 953 signa
5061 895 5336 950 superesse
5360 897 5481 937 con-

3926 963 4145 1027 siderat,
4179 967 4482 1022 acrioribus
4515 967 4818 1024 aﬂlictionis
4847 987 4957 1026 sua:
4999 974 5246 1029 remediis
5290 974 5479 1030 lndesi-

3921 1063 4114 1107 nenter
4142 1055 4374 1112 insistat.
4421 1055 4546 1114 Sive
4576 1059 4740 1129 igitur
4783 1060 4896 1124 his,
4925 1062 5038 1116 sive
5064 1063 5185 1118 aliis
5239 1079 5479 1134 superna

3921 1144 4274 1212 providentia:
4307 1149 4508 1214 causis,
4532 1151 4598 1204 ad
4629 1151 4992 1218 integritatem
5038 1153 5320 1222 pristinam
5367 1154 5478 1209 vio-

3921 1231 4030 1287 lata
4062 1233 4212 1304 virgo
4243 1251 4351 1290 non
4395 1238 4617 1292 redeat:
4651 1255 4991 1308 nequaquam
5025 1249 5200 1296 tamen
5237 1243 5476 1313 omnipo-

3923 1331 4043 1375 tens
4069 1322 4206 1378 Deus
4236 1325 4497 1382 dicendus
4523 1339 4605 1383 est
4644 1329 4745 1383 hoc
4796 1345 4900 1386 non
4952 1345 5126 1399 posse,
5170 1333 5262 1386 sed
5303 1333 5475 1400 potius

3921 1411 4084 1473 nolle,
4120 1423 4180 1466 nt
4207 1425 4457 1468 servetur
4495 1417 4778 1472 arbitrium
4827 1419 5146 1490 aequissima:
5195 1419 5469 1485 voluntati,

3920 1513 4024 1553 non
4058 1509 4232 1554 autem
4277 1503 4597 1566 ascribatur,
4631 1506 4773 1573 quod
4818 1506 4978 1569 absit,
5013 1508 5319 1577 impotentia
5362 1521 5474 1562 Ina-

3911 1589 4118 1657 jestati.
4147 1590 4299 1656 Quod
4332 1593 4476 1646 enim
4523 1595 4723 1649 malum
4766 1603 4876 1660 est,
4925 1612 5029 1650 non
5076 1605 5248 1666 potest
5299 1595 5480 1653 facere

3919 1677 4078 1739 Deus,
4110 1681 4232 1747 quia
4262 1695 4359 1735 ucc
4387 1691 4566 1751 potest
4591 1686 4755 1737 etiam
4789 1684 4959 1750 velle;
4994 1685 5134 1753 quod
5172 1695 5346 1740 tamen
5381 1697 5477 1740 ne-

3917 1783 4188 1839 quaquam
4221 1771 4562 1827 rcfcrcndum
4607 1783 4692 1828 est
4739 1776 4804 1829 ad
4854 1775 5351 1844 impossibilitatem,
5380 1776 5474 1832 sed

3917 1858 3983 1911 ad
4014 1859 4309 1911 naturalem
4341 1862 4519 1927 potius
4535 1861 4832 1916 clementia:
4858 1863 5140 1932 singularis
5163 1864 5474 1920 bonitatem.

2240 1963 2603 2019 essentialiter
2654 1967 2897 2022 viverent
2961 1947 3012 2024 in
3075 1973 3154 2026 sui
3210 1947 3426 2042 iopilicis
3485 1947 3759 2032 voluntate
3796 1993 3811 2031 :
3847 1959 3888 2017 Β
3917 1947 4068 2042 0³9⁸³
4095 1964 4219 2042 ""9
4256 1950 4455 2002 bmmm

3235 1973 3426 2042 ,Νηρίς
3485 1947 3759 2032 vol'mm'e
3796 1993 3811 2031 τ
3847 1959 3888 2017 Β
3917 1947 4068 2014 Quod
4095 1964 4219 2002 vero
4256 1950 4455 2002 bonum
4487 1959 4599 2015 est,
4631 1951 4766 2006 velle
4790 1962 4984 2020 potest,
5027 1962 5082 2006 et
5111 1951 5306 2018 facere,
5336 1962 5472 2008 tam-

2244 2068 2265 2100 ο
2298 2051 2451 2117 Quod
2485 2053 2686 2110 factum
2732 2067 2831 2120 est,
2881 2061 2954 2112 ait
2999 2059 3264 2123 Joannes,
3315 2065 3368 2117 in
3414 2065 3529 2134 ipso
3561 2065 3669 2120 vita
3697 2076 3812 2121 erat

2236 2135 2420 2208 (Joan.
2449 2140 2509 2209 ι).
2545 2161 2564 2194 t
2591 2143 2656 2197 Et
2697 2144 2836 2199 idem
2882 2147 2933 2200 in
2979 2150 3296 2219 Apocalypsi
3319 2193 3333 2214 ,
3367 2153 3552 2220 viginti
3585 2166 3816 2224 quatuor

2241 2226 2482 2282 seniores
2506 2230 2705 2285 dixisse
2731 2240 2957 2288 testatur
2987 2253 3000 2287 :
3031 2254 3048 2285 ι
3090 2237 3290 2305 Dignus
3313 2253 3391 2302 es,
3418 2241 3640 2294 Domine
3672 2243 3812 2297 Deus

2238 2324 2448 2379 noster,
2475 2323 2719 2388 accipere
2743 2321 2904 2391 617
2936 2323 3180 2392 gloriam.
3218 2334 3272 2378 et
3312 2326 3591 2389 honorem.
3625 2338 3679 2383 et
3704 2331 3812 2385 vir-

2238 2415 2446 2471 tutem;
2486 2410 2610 2478 quia
2645 2421 2700 2464 tu
2730 2415 2924 2465 creasti
2953 2415 3166 2479 omnia,
3206 2425 3261 2469 et
3306 2427 3525 2486 propter
3565 2420 3811 2474 volunta-

2237 2503 2350 2549 tem
2377 2504 2522 2553 tuam
2566 2509 2738 2564 erant,
2773 2510 2828 2554 et
2866 2513 3047 2557 creata
3094 2514 3220 2558 sunt
3248 2505 3428 2574 (Apoc.
3462 2509 3556 2576 iv).
3592 2527 3610 2559 ι
3653 2508 3808 2564 Prius

2238 2584 2469 2650 dicitur,
2501 2587 2624 2655 quia
2678 2599 2870 2654 erant,
2917 2603 2972 2644 et
3005 2594 3342 2660 postmodum
3393 2594 3558 2650 fuisse
3602 2607 3807 2654 creata.

2237 2674 2374 2742 Quia
2403 2690 2522 2745 qute
2567 2676 2699 2734 foris
2726 2693 2978 2747 expressa
3008 2692 3132 2735 sunt
3161 2698 3257 2750 per
3292 2685 3653 2738 conditionem
3683 2701 3808 2756 ope.

2233 2767 2332 2830 ris,
2357 2766 2469 2834 jam
2494 2769 2635 2822 intus
2665 2779 2821 2822 erant
2858 2773 2912 2835 jn
2943 2773 3275 2840 providentia
3324 2785 3377 2826 ct
3403 2775 3629 2828 consilio
3659 2776 3804 2831 Con-

2235 2857 2447 2910 ditoris.
2481 2855 2645 2910 Porro
2674 2869 2852 2912 autem
2902 2860 3043 2914 sicut
3085 2862 3330 2915 voluntas
3363 2863 3455 2917 Dei
3503 2877 3665 2917 causa
3696 2872 3800 2930 est,

2230 2955 2292 2999 tit
2324 2962 2442 3014 quae
2469 2947 2701 3000 nondum
2735 2957 2859 3002 sunt
2888 2949 3102 3003 condita
3125 2992 3139 3011 ,
3169 2952 3500 3019 originaliter
3528 2953 3687 3018 (iant;
3730 2954 3802 3008 ita

2227 3036 2581 3091 nihilominus
2621 3036 2806 3091 cilicax
2835 3055 2994 3092 causa
3025 3049 3140 3105 est,
3169 3050 3228 3094 ut
3252 3056 3370 3108 qua:
3419 3051 3544 3095 sunt
3572 3043 3800 3112 perdita,

2228 3124 2299 3177 ad
2330 3134 2502 3178 status
2539 3127 2618 3179 sui
2662 3127 2907 3180 ordinem
2935 3128 3175 3182 redeant.
3205 3147 3223 3179 ι
3266 3129 3512 3197 Nunquid
3541 3131 3683 3185 enim
3711 3146 3804 3183 vo-

2228 3212 2453 3269 luntatis
2496 3231 2631 3270 mem
2675 3225 2760 3270 est.
2802 3232 2947 3270 mors
2990 3217 3157 3286 impii,
3201 3218 3330 3271 dicit
3375 3218 3795 3273 Dominus?Sed

2229 3303 2352 3356 volo
2381 3313 2436 3358 ut
2464 3315 2809 3360 convertatur
2833 3315 2887 3359 et
2909 3307 3053 3359 vivat
3076 3305 3288 3371 (Ezech.
3317 3308 3492 3376 xviii).
3521 3327 3540 3358 ›

2298 3391 2369 3449 Ut
2397 3406 2526 3463 ergo
2569 3395 2634 3448 ad
2667 3397 2741 3458 id,
2776 3396 2916 3462 quod
2959 3395 3291 3464 prtelibatum
3340 3406 3442 3456 est,
3476 3411 3656 3450 sermo
3709 3411 3796 3451 re-

2223 3489 2431 3547 currat,
2453 3483 2579 3550 quid
2621 3482 2935 3551 prtejudicat
2981 3483 3089 3537 Deo
3133 3485 3392 3538 suscitare
3433 3498 3592 3554 posse
3640 3485 3801 3555 virgi-

2222 3585 2350 3625 nem
2403 3579 2523 3638 post
2577 3572 2822 3623 ruinam?
2878 3571 3128 3641 Nunquid
3181 3573 3380 3627 idcirco
3432 3589 3537 3629 non
3600 3582 3798 3640 potest,

2227 3663 2352 3730 quia
2383 3676 2488 3714 non
2519 3662 2664 3726 vult;
2696 3673 2748 3716 ct
2776 3663 2978 3716 idcirco
3011 3678 3114 3717 non
3140 3664 3274 3726 vult,
3304 3665 3428 3732 quia
3460 3665 3657 3717 malum
3678 3673 3794 3730 est;

2225 3753 2370 3805 sicut
2393 3751 2592 3805 dictum
2622 3762 2726 3815 est,
2772 3754 3008 3817 mentiri,
3050 3762 3104 3808 et
3128 3751 3399 3822 pejerare,
3446 3763 3499 3806 et
3543 3753 3796 3821 iniustum

2224 3840 2354 3909 quid
2385 3841 2586 3906 facere,
2615 3841 2775 3894 Deum
2803 3858 2901 3897 nec
2931 3842 3082 3904 velle,
3129 3857 3226 3896 nec
3255 3845 3454 3910 posse?
3482 3843 3587 3897 Sed
3632 3842 3792 3907 absit,

2224 3939 2284 3981 ut
2311 3928 2507 3982 malum
2535 3930 2605 3982 sit
2633 3928 2699 3982 de
2725 3930 2944 3993 violata,
2991 3931 3251 4000 virginem
3299 3931 3448 3994 licri;
3508 3931 3616 3984 imo
3655 3931 3795 3983 sicut

2225 4017 2427 4071 malum
2462 4027 2545 4072 est
2572 4019 2834 4087 virginem
2865 4019 3075 4082 violari,
3116 4021 3189 4071 ita
3220 4020 3470 4072 violatam
3520 4019 3694 4074 redire
3739 4022 3793 4073 in

2221 4104 2486 4174 virginem
2514 4105 2700 4172 procul
2731 4105 2890 4158 dubio
2916 4107 3114 4160 bonum
3162 4115 3326 4169 esset,
3366 4107 3410 4159 si
3447 4106 3640 4160 divinm
3681 4107 3792 4161 dis-

2223 4192 2510 4261 positionis
2555 4193 2688 4247 ordo
2727 4194 3083 4258 concederet,
3129 4210 3181 4247 v.
3229 4211 3279 4263 g.
3341 4195 3612 4248 hominem
3674 4204 3794 4265 post

2217 4277 2433 4347 lapsum
2479 4281 2667 4333 mortis
2723 4281 2902 4335 subire
2948 4281 3268 4345 vindictam;
3328 4282 3454 4336 licet
3495 4284 3642 4350 justo
3700 4284 3793 4338 Dci

2221 4369 2425 4435 judicio
2456 4369 2652 4422 malum
2699 4369 2814 4424 fuit.
2869 4371 3092 4426 Mortem
3134 4373 3279 4427 enim
3325 4373 3465 4427 Deus
3502 4389 3607 4428 non
3665 4374 3793 4429 fecit

2226 4461 2380 4530 (Sap.
2417 4467 2476 4531 ι),
2505 4479 2624 4516 cum
2653 4463 2764 4532 ipse
2799 4466 2974 4533 pOLlUS
3003 4465 3074 4518 sit
3104 4481 3246 4519 mors
3275 4467 3464 4520 mortis
3505 4465 3670 4536 (sicut
3697 4481 3792 4535 per

2223 4555 2417 4610 Oscam
2455 4558 2770 4626 proiiliezam
2828 4558 2998 4611 dicit:
3033 4578 3050 4609 ι
3090 4558 3194 4612 Ero
3226 4573 3370 4612 mors
3405 4568 3523 4624 tua,
3562 4575 3594 4613 ο
3645 4574 3793 4613 mors

3915 2038 4014 2092 etsi
4063 2039 4296 2106 quodam
4340 2040 4563 2094 cautelae
4609 2055 4739 2103 suae,
4784 2041 4869 2093 vel
4911 2042 5230 2110 provisionis
5258 2042 5472 2104 intuitu,

3916 2128 4158 2196 quzedam
4190 2128 4352 2191 bona,
4378 2137 4470 2181 aut
4501 2127 4832 2195 raro-faciat,
4860 2140 4952 2184 aut
4993 2146 5261 2200 nunquam
5287 2130 5470 2188 faciat.

3910 2214 4162 2284 Alioquin
4191 2225 4399 2283 poterat
4425 2217 4526 2271 dici
4554 2226 4676 2271 ante
4700 2217 4994 2274 Salvatoris
5018 2221 5318 2286 adventum,
5350 2223 5475 2291 quia

3913 2306 4055 2361 Deus
4081 2322 4268 2361 creare
4296 2323 4401 2362 non
4444 2317 4624 2377 posset
4667 2323 4732 2363 ex
4783 2318 4937 2364 utero
4980 2311 5214 2381 Virginis
5261 2311 5475 2368 Filium.

3912 2392 4198 2458 Nimirum,
4241 2393 4381 2462 quod
4425 2411 4698 2464 nunquam
4730 2395 4951 2460 fecerat,
5005 2399 5099 2452 sed
5153 2413 5218 2452 ne
5260 2399 5473 2466 quidem

3910 2484 4011 2537 nisi
4052 2485 4216 2538 semel
4243 2485 4482 2540 facturus
4509 2496 4648 2541 erat.
4691 2487 4996 2544 Tamenetsi
5039 2505 5304 2559 nunquam
5333 2489 5472 2546 face-

3910 2586 4013 2638 ret,
4047 2585 4101 2630 et
4143 2577 4298 2637 velle.
4347 2588 4401 2631 et
4438 2579 4617 2632 facere
4667 2587 4898 2647 poterat,
4929 2581 5093 2651 618
5119 2582 5244 2650 quia
5271 2582 5468 2637 bonum

3909 2676 4043 2719 erat.
4098 2665 4367 2736 Virginem
4398 2669 4576 2736 itaque
4619 2669 4881 2723 suscitare
4924 2680 5044 2738 post
5075 2670 5304 2734 ruinam,
5335 2684 5463 2740 quo-

3908 2758 4068 2811 modo
4101 2773 4204 2811 nou
4235 2759 4404 2826 possit
4457 2759 4628 2823 Deus,
4674 2775 4795 2815 cum
4843 2761 5027 2829 procul
5073 2761 5234 2816 dubio
5290 2771 5344 2818 et
5382 2760 5465 2816 ille

3905 2847 4243 2913 omnipotens
4267 2847 4369 2912 sit,
4405 2857 4458 2902 et
4487 2850 4588 2902 hoc
4617 2850 4814 2904 bonum
4847 2851 4954 2903 sit?

4514 2960 4738 3016 CAPUT
4776 2962 4860 3015 Ill.

3907 3045 4060 3112 Quod
4085 3048 4276 3116 absque
4304 3048 4464 3101 dubio
4489 3048 4628 3102 Deus
4667 3059 4780 3116 post
4799 3049 5012 3170 {apsum
5045 3067 5286 3120 reparare
5309 3053 5448 3123 τίνῄ-

4530 3134 4644 3170 nem
4671 3134 4806 3170 nosti
4837 3158 4851 3170 .

4530 3134 4644 3171 item
4669 3134 4851 3186 possit.

3973 3204 4244 3274 Virginem
4275 3222 4406 3261 sane
4444 3208 4698 3261 suscitari
4740 3218 4863 3276 post
4891 3208 5092 3279 lapsum
5145 3209 5348 3265 duobus
5384 3211 5464 3266 ln-

3827 3292 3872 3353 C
3907 3295 4160 3365 telligitur
4185 3299 4356 3351 modis
4389 3316 4402 3351 :
4435 3306 4528 3352 aut
4551 3299 4756 3352 scilicet
4780 3299 4932 3366 juxta
4961 3301 5269 3354 meritorum
5299 3301 5462 3370 pleni-

3903 3388 4167 3450 tudinem.
4199 3398 4288 3442 aut
4330 3390 4482 3459 juxta
4530 3390 4710 3443 carnis
4741 3389 5121 3459 integritatem.
5167 3389 5449 3448 Videamus

3904 3479 4083 3546 itaque
4129 3495 4195 3532 an
4246 3487 4532 3547 utrumque
4578 3479 4752 3534 valeat
4798 3479 4956 3534 Deus.
5008 3478 5164 3534 Juxta
5214 3481 5460 3538 meritum

3902 3582 4132 3634 namque
4154 3569 4361 3636 plebem
4378 3569 4609 3622 ﬁdelium
4633 3570 4892 3638 virginem
4914 3569 5139 3638 appellat
5159 3570 5460 3636 Apostolus,

3900 3672 4019 3711 cum
4044 3657 4337 3711 Corinthiis
4367 3659 4496 3712 dicit
4523 3676 4536 3710 ;
4580 3677 4598 3708 t
4632 3657 4897 3727 Despondi
4919 3659 5060 3711 enim
5091 3674 5182 3712 vos
5210 3661 5298 3712 uni
5322 3659 5457 3720 viro,

3898 3748 4160 3816 virginem
4204 3760 4409 3801 castam
4441 3746 4698 3802 exhibere
4745 3747 4962 3802 Christo
5005 3745 5088 3816 (Il
5139 3747 5257 3802 Cor.
5288 3753 5383 3817 si).
5435 3769 5453 3800 ι

3897 3834 4082 3904 Neque
4116 3837 4256 3889 enim
4289 3837 4341 3890 in
4369 3836 4458 3890 illo
4509 3835 4602 3890 Dci
4635 3839 4828 3906 populo
4870 3837 5199 3892 solummodo
5226 3838 5457 3908 virgines

3895 3937 4074 3990 erant,
4105 3929 4196 3980 sed
4225 3929 4406 3982 multm
4433 3929 4692 3998 conjugiis
4715 3929 4960 3997 obligata:
4980 3969 4994 3990 ,
5022 3931 5104 3984 vel
5150 3939 5268 3998 post
5297 3932 5456 4001 virgi-

3897 4019 4082 4070 nitatis
4136 4017 4476 4086 dispendium
4534 4019 4886 4072 continentes.
4938 4019 5005 4072 Et
5060 4019 5312 4073 Dominus
5363 4036 5456 4091 per

3894 4109 4210 4176 prophetam
4263 4120 4278 4159 :
4335 4125 4354 4156 ι
4414 4106 4469 4161 Si
4529 4107 4631 4170 vir,
4686 4107 4882 4175 inquit,
4929 4107 5188 4162 dimiserit
5237 4123 5454 4163 uxorem

3895 4213 4067 4258 suam,
4091 4207 4145 4250 et
4187 4196 4274 4248 illa
4309 4197 4563 4250 recedens
4607 4197 4819 4250 duxerit
4850 4197 5018 4250 virum
5048 4197 5292 4264 alterum,
5321 4214 5454 4252 nun-

3894 4287 4022 4355 quid
4051 4295 4353 4340 revertetur
4384 4285 4450 4338 ad
4480 4299 4597 4338 eam
4633 4285 4807 4338 ultra?
4849 4284 5096 4355 Nunquid
5126 4302 5228 4340 non
5269 4297 5455 4340 conta-

3892 4376 4095 4428 minata
4142 4383 4196 4428 et
4221 4373 4417 4442 polluta
4464 4374 4746 4427 vocabitur
4784 4373 5008 4428 mulier?
5042 4374 5118 4428 Tu
5147 4383 5321 4429 autem
5347 4375 5452 4429 for-

3891 4464 4068 4518 nicata
4096 4479 4154 4517 es
4181 4477 4301 4515 cum
4345 4463 4675 4516 amatoribus
4703 4461 4911 4528 inultis;
4965 4473 5143 4516 tamen
5184 4473 5448 4519 revertere

3891 4553 3956 4606 ad
4011 4567 4120 4615 me,
4166 4551 4297 4604 dicit
4331 4549 4588 4603 Dominus
4624 4550 4754 4618 (Jer.
4803 4551 4904 4618 tu).
4958 4570 4974 4602 ι
5016 4550 5268 4604 Reversio
5296 4551 5448 4620 plane

2217 4645 2708 4716 [Oseexut;1Cor.
2737 4649 2877 4720 μῆ).
2898 4649 3051 4704 alam
3075 4665 3202 4704 vero
3221 4651 3410 4704 saltem
3436 4661 3556 4720 post
3587 4653 3792 4705 redem-
3819 4641 3866 4699 Ι)
3893 4645 3992 4697 ista
4041 4643 4107 4695 ad
4157 4641 4466 4704 Dominum,
4511 4649 4769 4709 quantum
4802 4641 4867 4694 ad
4895 4641 5202 4709 qualitatem
5235 4643 5448 4694 merito-

2216 4739 2417 4804 plionis
2466 4749 2664 4793 nostra:
2721 4742 3055 4810 mysterium,
3113 4742 3382 4795 hominem
3427 4741 3786 4795 immortalem

2216 4827 2341 4882 ﬁeri
2370 4839 2514 4881 certe
2543 4829 2739 4882 bonum
2764 4840 2926 4894 esset,
2965 4831 3007 4884 si
3039 4832 3361 4884 sententiam
3407 4831 3571 4885 semel
3608 4832 3783 4900 prola-

2215 4929 2326 4970 tam
2357 4918 2639 4972 clementia
2669 4919 2847 4972 divina
2887 4919 3221 4973 dissolveret.
3268 4919 3447 4987 Neque
3492 4921 3633 4972 enim
3683 4923 3783 4975 hoc

2214 5008 2556 5074 omnipotens
2602 5007 2744 5060 Deus
2775 5008 2994 5073 idcirco,
3051 5008 3133 5060 vel
3186 5009 3344 5072 nolle,
3380 5008 3459 5064 vel
3506 5024 3660 5076 posse
3704 5011 3782 5064 di-

2215 5098 2420 5148 cendus
2445 5105 2546 5157 est,
2587 5097 2710 5164 quia
2739 5097 2932 5150 malum
2954 5107 3054 5163 est,
3083 5098 3351 5151 hominem
3386 5097 3630 5152 videlicet
3668 5097 3781 5151 ﬁeri

2215 5183 2612 5248 immortalem;
2647 5185 2738 5236 sed
2764 5186 2910 5252 justo
2957 5202 3055 5239 suo
3093 5187 3316 5256 judicio,
3348 5167 3652 5254 noslrteque
3694 5203 3783 5240 sa-

2213 5273 2342 5326 lutis
2369 5286 2678 5341 augmento,
2715 5278 2853 5343 quod
2878 5279 2988 5344 ipse
3016 5280 3192 5343 novit,
3227 5289 3431 5332 tantum
3461 5281 3526 5333 dc
3552 5279 3783 5332 vindicta

2213 5366 2478 5430 redempti
2510 5366 2746 5419 hominis
2773 5367 2935 5420 voluit
2961 5384 3261 5436 superesse.
3305 5371 3411 5424 lloe
3441 5373 3618 5438 itaque
3671 5387 3784 5423 nio-

2217 5454 2285 5506 do
2326 5455 2522 5506 malum
2551 5466 2633 5510 est
2661 5466 2780 5524 post
2827 5467 3069 5528 stuprum
3118 5463 3375 5530 virginem
3425 5477 3544 5516 esse
3597 5477 3782 5519 corru-

2215 5554 2394 5613 ptam;
2427 5547 2620 5600 bonum
2649 5557 2824 5603 autem
2854 5561 2995 5606 esset
3037 5552 3080 5606 si
3139 5555 3462 5621 virginitatis
3510 5554 3650 5608 Deus
3703 5556 3776 5607 si-

2217 5634 2498 5702 gnaculum
2534 5636 2584 5687 in
2618 5652 2679 5690 ea
2708 5637 3048 5695 reformarct.
3083 5641 3189 5696 Sed
3214 5643 3338 5696 licet
3367 5645 3504 5699 Deus
3536 5646 3636 5698 hoc
3661 5645 3780 5698 nul-

2216 5723 2426 5779 latenus
2449 5724 2632 5790 faciat,
2677 5729 2788 5783 sive
2839 5741 2894 5786 ut
2930 5732 3194 5802 virginem
3247 5743 3464 5795 terreat,
3515 5747 3779 5802 quatenus

2219 5827 2462 5876 vereatur
2496 5822 2739 5876 amittere
2764 5825 2901 5892 quod
2924 5823 3262 5893 postmodum
3308 5837 3532 5894 nequeat
3563 5840 3778 5900 repara-

3895 4750 4013 4788 rum
4045 4733 4314 4800 pertinet,
4347 4732 4447 4786 hoc
4477 4740 4579 4796 est,
4611 4733 4676 4786 de
4711 4742 4959 4801 corrupta
4997 4733 5254 4802 integrant
5309 4732 5444 4794 ﬁeri.

3893 4827 3959 4878 dc
3988 4824 4275 4892 prostituta
4301 4821 4563 4892 virginem
4609 4822 4870 4889 reparari.
4923 4821 5031 4875 Cur
5075 4836 5257 4874 rursus
5307 4821 5445 4875 idem

3890 4930 4118 4984 sponsus
4150 4915 4433 4983 loquitur:
4483 4931 4498 4963 I
4553 4913 4618 4966 Et
4663 4914 4900 4966 omnium
4951 4923 5287 4982 peccatorum
5336 4921 5447 4964 tuo-

3891 5021 4008 5060 rum
4035 5004 4147 5072 jam
4181 5021 4388 5059 memor
4418 5019 4522 5057 non
4552 5019 4645 5058 cro
4677 5003 4809 5072 (Jer.
4860 5003 5030 5073 xui).
5072 5023 5088 5054 ι
5125 5003 5177 5056 ln
5221 5003 5444 5058 carnalis

3889 5097 4151 5164 siquidem
4184 5096 4470 5163 sponsione
4497 5095 4808 5161 complexus
4860 5094 4956 5145 virl
4979 5133 4992 5158 ,
5022 5094 5290 5160 corruptio
5330 5108 5443 5145 car~

3886 5189 3991 5248 nis,
4034 5186 4203 5239 fmdus
4235 5187 4454 5248 amoris,
4501 5185 4836 5253 dispendium
4874 5183 5164 5245 castitatis,
5191 5182 5441 5252 virginem

3886 5293 3942 5330 se
3973 5279 4288 5346 plerumque
4337 5273 4584 5328 thalamis
4623 5274 4952 5342 nuptialibus
4980 5274 5158 5336 tradit,
5190 5287 5306 5342 qua:
5332 5273 5441 5342 pol-

3884 5369 3990 5421 luta
4043 5368 4264 5422 recedit.
4332 5366 4372 5420 Ε
4403 5365 4733 5428 contra,cui
4790 5363 5021 5419 cmlestis
5070 5377 5294 5433 sponsus
5347 5363 5439 5416 ad-

3885 5460 4121 5521 haescrit,
4174 5459 4416 5527 protinus
4466 5456 4634 5509 abluit
4679 5455 4916 5508 maculas
4968 5453 5329 5522 turpitudinis,
5387 5459 5438 5505 ct

3888 5554 3951 5606 ad
4017 5552 4200 5605 ﬂorem
4263 5557 4479 5603 revocat
4535 5547 4976 5602 rcdolentissima:
5027 5545 5304 5601 castitatis.
5370 5543 5440 5596 De

3886 5643 4186 5714 prostibulo
4220 5641 4504 5710 virginem,
4537 5641 4602 5694 dc
4630 5639 4970 5708 corruptione
5015 5636 5182 5691 reddit
5226 5632 5440 5701 integri-

3891 5744 4075 5788 tatem.

3959 5824 4108 5880 Unde
4162 5832 4279 5887 est,
4349 5820 4490 5893 quod
4538 5819 4824 5890 plerosque
4872 5816 5118 5875 novimus
5167 5824 5439 5886 utriusque
