5664 6608
735 430 832 488 ωι

1567 425 1808 488 οιιυεε.
1850 425 2089 486 XXXVI.
2129 459 2199 470 —-
2238 429 2328 485 DE
2365 428 2593 488 DlYlNA
2634 426 3168 488 OHNIPOTENTIA.

3888 429 3993 488 60)

736 564 899 606 sexus
923 549 1176 605 homines
1214 555 1334 620 post
1370 544 1761 606 abominabiles
1800 547 2090 619 voluptatis
2132 547 2388 611 illeee-A
2412 549 2561 604 vium
2613 546 2765 620 (Gen.
2814 547 2937 614 vn),
2965 542 3296 616 Pentapolim
3341 556 3439 614 per
3489 542 3628 615 lgnis
3685 543 3995 600 incendium

733 638 877 703 bras,
925 637 994 692 ad
1028 645 1230 693 tantam
1276 636 1539 707 religiosa:
1581 637 1707 692 vitae
1733 637 2047 707 pervenisse
2097 635 2310 692 mundi-

732 731 888 796 tiam,
919 737 979 784 ut
1003 746 1110 785 non
1162 727 1320 784 modo
1345 738 1530 785 castos
1569 738 1731 799 atque
1769 729 1994 799 pudicos
2040 728 2311 800 quoslibet

736 818 788 870 ιιι
809 817 1101 872 sanctitate
1129 816 1524 885 praecederent;
1559 818 1652 873 sed
1680 824 1734 870 et
1769 831 1876 870 non
1916 816 2309 871 contemnenda

733 905 1024 962 multarum
1051 907 1318 976 virginum
1343 908 1535 961 merita
1564 917 1902 976 superarent.
1948 905 2154 973 Quibus
2201 923 2308 975 non

725 992 836 1062 jam
887 996 1001 1050 sola
1054 995 1251 1062 prioris
1307 997 1488 1050 meriti
1540 1009 1790 1050 mensura
1839 997 2174 1065 rependitur,
2217 998 2308 1052 sed

733 1087 919 1156 procul
946 1088 1117 1143 dubio
1150 1104 1272 1145 cum
1299 1090 1616 1145 remissione
1643 1102 1827 1145 reatus
1851 1092 2013 1145 etiam
2065 1092 2310 1148 cumulus

733 1177 1099 1248 superaddita:
1144 1180 1412 1234 mercedis
1453 1189 1698 1250 augetur.
1752 1180 1890 1235 Ecce
1917 1181 2223 1249 probatum,
2251 1190 2312 1239 ut

733 1267 946 1336 opinor,
994 1274 1102 1331 est,
1139 1268 1291 1336 juxta
1323 1267 1576 1321 meritum
1623 1283 1782 1337 posse
1827 1268 1994 1324 Deum
2047 1271 2311 1324 suscitare

731 1353 997 1426 virginem
1023 1365 1146 1425 post
1170 1357 1380 1424 ruinam
1403 1375 1415 1409 :
1435 1355 1588 1424 juxta
1608 1373 1826 1412 carnem
1853 1373 1982 1413 vero
2004 1359 2126 1428 quis
2149 1358 2312 1413 etiam

733 1455 946 1497 vesana:
975 1443 1179 1498 mentis
1207 1444 1486 1499 addubitet
1515 1454 1638 1500 eum
1683 1446 1952 1512 videlicet,
2001 1449 2092 1516 qui
2149 1450 2315 1520 erigit

733 1529 915 1595 elisos,
946 1530 1115 1584 solvit
1134 1532 1466 1601 compeditos
1495 1531 1667 1603 (Psat.
1696 1538 1854 1604 cxcv)
1875 1576 1889 1600 ,
1917 1537 2007 1604 qui
2039 1546 2312 1605 postremo

733 1629 888 1676 curat
933 1636 1155 1676 omnem
1207 1621 1518 1694 languorem
1575 1637 1630 1680 et
1676 1640 1890 1679 omnem
1939 1626 2312 1682 infirmitatem

736 1708 950 1780 (Hatth.
986 1715 1090 1782 tv),
1124 1714 1421 1769 clausulam
1474 1732 1579 1770 non
1631 1733 1788 1786 posse
1835 1733 2091 1789 reparare
2147 1720 2314 1789 virgio

732 1803 924 1854 neam?
953 1802 1248 1858 Enimvero
1274 1805 1363 1874 qui
1411 1820 1607 1876 corpus
1656 1808 1830 1876 ipsum
1877 1809 1942 1863 de
1993 1809 2311 1864 tenuissimo

2411 639 2568 710 (Gen.
2593 641 2730 711 six),
2754 640 2951 710 quibus
2979 636 3234 693 nimirum
3263 636 3344 692 sic
3380 634 3608 691 abstulit
3635 649 3779 702 esse,
3809 643 3864 691 et
3907 633 3994 690 fu-

2410 740 2592 786 turum
2641 746 2803 797 esse,
2850 739 2912 784 ut
2958 743 3301 800 nequaquam
3359 727 3647 790 abstulerit
3693 736 3747 783 et
3805 726 3996 782 fuisse.

2410 816 2729 886 Quanquam
2761 818 2805 873 si
2848 815 2916 871 ad
2961 829 3251 886 pravorum
3305 812 3584 869 hominum
3634 812 3848 877 merita,
3903 813 3999 881 qui

2412 913 2542 960 tunc
2566 907 2725 962 deleti
2753 914 2896 968 sunt,
2922 905 3152 961 solerter
3180 903 3461 974 inspicias.
3498 900 3756 972 quoniam
3783 898 4000 956 vanita-

2411 1006 2494 1051 tes
2518 1007 2568 1051 et
2593 997 2774 1050 inania
2799 995 2992 1050 sectati
3023 1001 3174 1059 sunt,
3199 1002 3262 1047 ut
3287 991 3484 1047 nonad
3507 1005 3650 1054 esse,
3684 991 3778 1045 sed
3806 988 3875 1044 ad
3911 988 3998 1044 ni-

2409 1087 2578 1142 hilum
2611 1086 2921 1150 tenderent,
2953 1100 3047 1140 eos
3083 1085 3279 1139 merito
3327 1097 3431 1137 non
3484 1081 3651 1137 fuisse
3711 1081 3995 1136 decernas.

2403 1176 2549 1232 Hinc
2573 1186 2678 1242 est,
2707 1177 2852 1248 quod
2879 1190 2973 1232 eos
3008 1175 3064 1230 in
3115 1173 3404 1234 atllictione
3451 1173 3673 1241 spiritus
3712 1170 3997 1241 conqueri,

2413 1267 2698 1338 Scriptura
2723 1276 2995 1324 testatur:
3052 1286 3070 1318 ι
3122 1265 3410 1336 Exiguum,
3447 1263 3719 1334 inquiunt,
3773 1273 3827 1317 et
3874 1276 3997 1316 cum

2412 1359 2571 1414 taedio
2596 1368 2680 1413 est
2711 1368 2924 1428 tempus
2956 1357 3079 1411 vitae
3108 1364 3328 1422 nostra),
3346 1364 3400 1409 et
3421 1368 3526 1408 non
3549 1362 3633 1408 est
3654 1351 3996 1422 refrigerium

2411 1449 2464 1506 iu
2495 1449 2600 1504 line
2621 1449 2877 1514 hominis,
2914 1457 2967 1503 et
2989 1463 3096 1503 non
3123 1456 3209 1502 est
3236 1447 3326 1519 qui
3358 1447 3574 1516 agnitus
3625 1450 3696 1499 sit
3742 1458 3998 1500 reversus

2412 1539 2482 1595 ab
2503 1541 2726 1605 inferis;
2761 1542 2888 1608 quia
2916 1556 2987 1594 ex
3031 1539 3204 1594 nihilo
3248 1539 3358 1593 nati
3392 1553 3598 1600 sumus,
3635 1546 3689 1591 et
3721 1546 3841 1606 post
3884 1536 4002 1590 haec

2412 1633 2618 1689 erimus
2648 1631 2801 1701 quasi
2831 1647 2934 1685 non
2964 1629 3246 1684 fuerimus.
3288 1627 3531 1692 Erimus,
3563 1626 3834 1696 inquiunt,
3881 1633 4000 1678 tan.

2412 1739 2575 1794 quam
2598 1723 2642 1777 si
2673 1737 2778 1776 non
2803 1721 3100 1784 fuerimus;
3133 1719 3260 1789 quia
3290 1726 3345 1772 et
3389 1732 3532 1770 nunc
3588 1715 3805 1785 quando
3851 1713 3998 1767 vide-

2413 1815 2613 1868 bantur
2665 1827 2810 1876 esse,
2842 1812 2910 1866 ad
2958 1811 3183 1865 nihilum
3214 1807 3396 1878 potius
3425 1805 3792 1877 pertinebant,
3837 1811 4000 1873 quam

732 1892 957 1946 seminis
987 1891 1198 1960 liquore
1243 1896 1532 1966 compegit,
1563 1898 1615 1951 in
1661 1893 1918 1954 humanae
1959 1899 2150 1956 forma:
2192 1915 2313 1970 spe-
2342 1898 2387 1956 Β
2417 1907 2484 1961 ad
2515 1921 2701 1960 verum
2739 1919 2861 1959 esse
2891 1901 3039 1973 (Sap.
3073 1901 3156 1969 ιι).
3185 1901 3322 1970 Ego,
3348 1899 3443 1964 ait,
3471 1913 3589 1952 sum
3622 1896 3710 1964 qui
3745 1909 3902 1959 sum;
3948 1901 4001 1949 et

732 1978 870 2036 ciem
900 1996 1000 2049 per
1052 1983 1203 2037 varia
1234 1984 1599 2040 membrorum
1655 1987 1983 2044 lineamenta
2037 1992 2311 2055 distinxit,

733 2065 800 2122 ad
824 2082 1097 2123 summam
1149 2073 1379 2126 necdum
1433 2075 1754 2130 existentem
1809 2077 2052 2132 condidit
2099 2090 2317 2137 creatu-

735 2169 870 2220 ram,
903 2159 1227 2214 existentem
1245 2159 1358 2228 jam
1407 2177 1512 2217 non
1558 2165 1754 2233 poterit
1795 2180 2120 2236 recuperare
2160 2167 2318 2223 vitla-

735 2245 884 2300 tam?
910 2246 1113 2301 Fateor
1130 2247 1310 2317 plane,
1342 2249 1536 2317 fateor,
1570 2253 1884 2322 nullumque
1925 2256 2121 2313 timens
2149 2257 2316 2310 cavil-

734 2333 940 2392 latoriat
966 2340 1332 2395 contentionis
1360 2338 1684 2412 'ohloquium
1731 2355 2044 2400 constanter
2073 2345 2310 2414 allirtno;

731 2423 856 2494 quia
883 2427 1030 2482 valet
1072 2430 1412 2499 omnipotens
1444 2431 1583 2486 Deus
1632 2434 1986 2490 multinubam
2022 2437 2316 2505 quamlibet

733 2513 998 2587 virginem
1031 2519 1284 2585 reddere,
1313 2521 1840 2594 incorruptionisque
1889 2527 2226 2596 signaculum
2259 2527 2312 2582 in

732 2604 845 2676 ipsa
867 2605 986 2675 ejus
1019 2623 1202 2672 carne,
1228 2611 1370 2666 sicut
1395 2628 1460 2666 ex
1491 2623 1737 2668 materno
1761 2630 1980 2684 egressa
2012 2626 2098 2671 est
2136 2627 2308 2681 utero,

736 2711 1010 2765 reparare.
1039 2700 1204 2770 619
1226 2702 1350 2756 ilmc
1380 2713 1561 2758 autem
1584 2703 1714 2768 dixi,
1743 2722 1847 2760 non
1877 2717 1934 2761 ut
1959 2707 2021 2763 Β.
2050 2708 2314 2780 llierony-

735 2801 838 2847 mo.
872 2791 964 2859 qui
995 2791 1092 2860 pio
1129 2792 1308 2847 studio
1345 2793 1556 2850 locutus
1608 2806 1711 2860 est,
1743 2798 2060 2864 detraham;
2108 2802 2202 2856 sed
2253 2811 2313 2856 ut

733 2889 859 2940 eos,
919 2880 1016 2946 qui
1073 2892 1138 2932 ex
1198 2882 1486 2936 verborum
1544 2883 1687 2938 illius
1754 2888 2077 2948 occasione.
2141 2889 2311 2944 Deum

735 2977 987 3021 astruunt
1053 2967 1438 3036 impotentem,
1503 2970 1701 3028 invicta
1769 2973 1889 3030 fidei
1951 2977 2161 3031 ratione
2225 2993 2312 3033 re-

735 3053 932 3108 fellam.

1340 3148 1568 3206 CAPUT
1603 3151 1692 3205 IV.

735 3253 1006 3318 Quomodo
1046 3261 1205 3328 possit
1256 3261 1388 3326 ﬁeri,
1415 3277 1484 3400 {ut
1526 3268 1665 3332 quod
1714 3269 1907 3334 factum
1946 3280 2044 3334 est,
2090 3287 2194 3324 non
2239 3275 2307 3324 sit

1441 3347 1633 3386 actum.

1441 3347 1633 3386 actum.

801 3417 880 3471 Ad
913 3418 1044 3472 illud
1085 3429 1380 3488 postremo,
1414 3425 1555 3492 quod
1596 3425 1648 3478 in
1687 3426 1790 3480 hac
1821 3427 2133 3497 disputandi
2185 3446 2302 3483 ma-

733 3506 865 3559 teria
898 3500 1085 3575 plures
1133 3509 1422 3577 objiciunt,
1453 3513 1552 3567 sub
1607 3517 1911 3570 sanctitatis
1962 3528 2064 3571 tum
2102 3519 2306 3586 judicio

732 3598 888 3654 video
918 3603 1377 3670 respondendum.
1406 3603 1567 3660 Aiunt
1607 3610 1748 3660 enim
1787 3628 1796 3658 :
1843 3609 1895 3662 Si
1931 3610 2091 3674 Deus,
2127 3622 2183 3664 ut
2225 3628 2309 3666 as-

734 3690 889 3753 εει-ιε,
922 3692 974 3745 in
1025 3694 1275 3747 omnibus
1320 3698 1662 3764 omnipotens
1713 3710 1812 3759 est,
1850 3703 2088 3768 nunquid
2132 3711 2308 3770 potest

733 3777 830 3833 hoc
861 3796 1045 3848 agere,
1078 3792 1136 3834 ut
1169 3799 1286 3850 quae.
1337 3784 1476 3839 facta
1519 3795 1663 3849 sunt,
1707 3787 1848 3842 facta
1907 3805 2013 3843 non
2071 3789 2307 3846 fuerint?

732 3865 915 3924 Potest
946 3882 1099 3926 certe
1139 3873 1281 3927 facta
1306 3890 1534 3946 qumque
1575 3879 1886 3945 destruere,
1934 3891 1992 3934 ut
2039 3883 2149 3951 jam
2201 3901 2306 3939 non

731 3958 864 4025 sint;
896 3963 991 4017 sed
1020 3963 1190 4019 videri
1221 3982 1326 4021 non
1360 3978 1560 4035 potest,
1594 3985 1699 4036 quo
1745 3984 1902 4039 pacto
1931 3977 2100 4042 possit
2132 3975 2306 4030 ellice-

732 4066 1021 4124 re,ntqu:n
1045 4055 1182 4110 facta
1206 4066 1350 4119 sunt,
1370 4057 1505 4112 facta
1533 4076 1636 4113 non
1665 4061 1884 4116 fuerint.
1907 4064 2089 4120 Potest
2111 4070 2307 4138 quippe

733 4142 869 4209 ﬂeri,
896 4156 956 4200 ut
985 4149 1201 4210 amodo,
1232 4157 1286 4203 et
1316 4151 1569 4220 deinceps
1597 4151 1767 4206 Roma
1818 4170 1922 4208 non
1956 4157 2058 4220 sit;
2113 4160 2204 4212 sed
2251 4169 2309 4214 ut

731 4226 1029 4303 atﬂiqnitus
1064 4251 1171 4289 non
1200 4237 1362 4293 fuerit
1397 4241 1636 4305 condita,
1667 4244 1940 4311 quomodo
1967 4246 2137 4312 possit
2167 4246 2304 4312 ﬁeri,

733 4325 874 4378 nulla
901 4327 1047 4396 capit
1080 4328 1281 4396 opinio.
1319 4329 1622 4400 lnspirante
1669 4335 1777 4389 Deo
1802 4350 2160 4403 responsurus
2189 4355 2304 4392 sum

730 4414 794 4465 ad
820 4414 937 4470 hinc
964 4430 980 4468 :
1009 4416 1060 4468 in
1092 4419 1283 4486 primis
1311 4432 1617 4476 exactorem
1651 4439 1826 4478 meum
1859 4427 2037 4480 verbis
2061 4426 2305 4482 Salamo-

733 4493 813 4558 iiis
841 4507 1243 4562 admonendum
1272 4511 1448 4575 video,
1482 4514 1675 4580 quibus
1701 4516 1776 4569 ait
1807 4533 1820 4569 :
1863 4536 1880 4567 ι
1920 4516 2120 4584 Majora
2159 4529 2207 4572 ιε
2239 4536 2305 4574 ηε

730 4597 1099 4661 ηιιιεεῖει·ῖε,ει
1115 4599 1306 4652 altiora
1328 4610 1376 4654 te
1397 4616 1464 4654 ne
1482 4578 1753 4658 scrutatus
1770 4605 1935 4660 fueris
1951 4578 2138 4674 (Ereti.
2159 4609 2262 4678 ιιι).
2280 4629 2296 4660 ι
2336 4578 2382 4635 D

733 4681 933 4739 Deinde
966 4687 1275 4752 dicendum,
1307 4692 1428 4759 quia
1459 4693 1600 4759 quod
1633 4694 1773 4748 Deus
1799 4696 1945 4762 facit,
1969 4699 2167 4766 aliquid
2191 4709 2302 4754 est:

732 4775 870 4840 quod
909 4776 1060 4832 Deus
1092 4794 1196 4832 non
1233 4779 1378 4846 facit,
1415 4783 1548 4835 nihil
1585 4795 1702 4838 est:
1738 4804 1755 4835 ι
1793 4785 1982 4840 Omnia
2015 4791 2157 4843 enim
2213 4806 2307 4857 per

731 4863 905 4931 ipsum
949 4867 1091 4921 facta
1140 4878 1301 4934 sunt,
1355 4881 1408 4926 et
1467 4875 1582 4928 sine
1636 4878 1748 4944 ipso
1799 4878 1995 4933 factum
2047 4892 2127 4933 εει
2177 4883 2306 4937 nihil

735 4953 913 5023 (Joan.
955 4959 1017 5028 ι).
1063 4977 1082 5010 ι
1133 4961 1209 5015 De
1249 4978 1355 5032 quo
1411 4967 1670 5020 nimirum
1717 4970 1840 5023 alibi
1872 4973 2132 5040 scriptum
2164 4983 2246 5028 est
2288 4990 2301 5026 :

738 5060 758 5096 ι
785 5044 884 5112 Qui
911 5047 1041 5103 fecit
1067 5066 1184 5119 quin
1207 5051 1382 5107 futura
1409 5067 1533 5111 sunt
1563 5058 1758 5123 (Eccte.
1785 5060 1884 5129 ιιι).
1927 5081 1944 5112 ›
1986 5061 2143 5116 Juxta
2169 5065 2309 5132 quod

734 5135 927 5191 etillud
960 5155 973 5190 :
1010 5156 1027 5189 ι
1063 5140 1164 5204 Qui
1195 5143 1323 5196 vivit
1353 5147 1403 5198 in
1426 5152 2123 5214 :cternum,ereavitomnia
2151 5154 2310 5206 simul

746 5223 936 5295 (Eccli.
964 5232 1161 5296 xviii):
1202 5251 1220 5286 ι
1257 5234 1323 5287 Et
1351 5236 1643 5304 Apostolus
1680 5256 1690 5291 :
1730 5259 1746 5289 ‹
1783 5241 1884 5306 Qui
1935 5242 2083 5306 fecit,
2113 5245 2306 5312 inquit,

735 5329 794 5369 ea
824 5334 943 5387 quae
973 5337 1076 5374 non
1104 5335 1231 5376 sunt
1281 5325 1457 5393 (Rom.
1520 5333 1617 5396 tv).
1683 5351 1699 5382 ›
1743 5330 1934 5384 Omnia
1981 5332 2140 5402 plane
2194 5335 2307 5388 hzec

740 5408 1045 5464 testimonia
1101 5411 1503 5484 Scripturarum
1578 5430 1843 5474 testantur
1899 5422 2065 5477 Deum
2117 5425 2307 5480 fecisse

738 5497 877 5562 quod
905 5513 1009 5552 non
1041 5509 1188 5565 erat;
1217 5519 1322 5558 non
1363 5505 1698 5563 destruxisse
1751 5512 1893 5577 quod
1945 5521 2094 5577 erat;
2128 5514 2311 5567 condi-

742 5583 879 5639 disse
910 5590 1112 5656 futura,
1147 5607 1251 5646 non
1306 5595 1604 5653 abolevisse
1647 5589 1942 5669 praeterita.
1992 5603 2308 5673 Quanquam

742 5687 796 5729 et
820 5694 957 5748 saepe
985 5682 1194 5752 legatur
1249 5687 1388 5740 Deus
1415 5689 1612 5759 aliquid
1664 5694 1964 5759 evertisse,
2017 5705 2074 5750 ut
2118 5696 2311 5751 melius

746 5764 938 5838 aliquid
969 5787 1325 5844 procuraret;
1357 5778 1496 5835 sicut
1544 5782 1798 5838 mundum
1829 5799 1924 5856 per
1963 5800 2112 5856 aqua:
2174 5787 2311 5843 dilu-

2417 1995 2534 2051 bmc
2563 1997 2710 2051 dices
2745 1994 2869 2049 ﬁliis
2922 1993 3132 2048 Israel:
3185 1990 3286 2057 Qui
3331 1998 3436 2053 est,
3485 1988 3631 2042 misit
3683 2001 3768 2040 me
3799 1987 3865 2040 ad
3908 1999 4001 2039 vos

2418 2088 2617 2156 (Exod.
2648 2088 2755 2157 ιιι).
2792 2105 2809 2137 ι
2840 2085 2940 2152 Qui
2969 2085 3113 2138 enim
3139 2082 3204 2137 ab
3232 2080 3344 2145 illo,
3367 2079 3460 2148 qui
3491 2092 3619 2132 vere
3638 2085 3742 2141 est,
3777 2073 4002 2140 recedit,

2419 2193 2639 2234 necesse
2667 2188 2750 2232 est
2776 2187 2834 2231 ut
2862 2193 2968 2231 non
2999 2176 3098 2241 sit;
3128 2174 3256 2244 quia
3279 2173 3346 2228 ad
3378 2171 3606 2226 nihilum
3634 2169 3826 2226 tendit.
3868 2167 4004 2224 Hinc

2415 2281 2519 2335 est,
2577 2270 2720 2339 quod
2767 2269 2963 2323 iterum
3014 2277 3294 2336 gementes
3345 2263 3576 2318 dicunt:
3631 2280 3650 2314 ι
3691 2261 4004 2318 Exstinctos

2415 2363 2555 2417 cinis
2606 2361 2712 2414 erit
2747 2374 2944 2427 corpus
2997 2367 3266 2418 nostrum,
3301 2364 3356 2409 et
3390 2354 3616 2424 spiritus
3666 2351 4003 2407 dill‘undetur

2415 2462 2669 2521 tanquam
2698 2449 2876 2504 mollis
2911 2463 3036 2511 aer;
3091 2446 3319 2500 transiet
3346 2446 3457 2499 vita
3504 2452 3691 2497 nostra
3747 2450 4003 2511 tanquam

2416 2542 2644 2612 vestigia
2677 2540 2855 2603 nubis,
2881 2548 2937 2591 et
2968 2537 3106 2590 sicut
3129 2535 3322 2590 nebula
3346 2533 3673 2588 dissolvetur
3693 2547 3814 2602 qua
3851 2530 4004 2602 fuga-

2415 2643 2468 2687 ta
2515 2641 2596 2686 est
2630 2647 2658 2684 a
2707 2629 2860 2683 radio
2903 2627 3065 2692 solis;
3115 2640 3314 2682 nomen
3374 2633 3622 2680 nostrum
3672 2621 4002 2678 oblivionem

2415 2725 2668 2794 accipiet,
2711 2732 2765 2778 et
2816 2721 3096 2792 pertenuis
3143 2720 3349 2774 umbra:
3404 2717 3670 2772 transitus
3723 2725 3808 2768 est
3865 2720 4003 2766 tem-

2414 2832 2516 2885 pus
2539 2823 2783 2869 nostrum
2812 2811 2962 2884 (Sap.
2995 2811 3055 2881 ι).
3094 2831 3111 2864 ι
3149 2811 3299 2866 Unde
3328 2818 3384 2865 et
3421 2809 3685 2879 propheta
3737 2822 3749 2858 :
3803 2823 3823 2857 ι
3873 2803 4001 2859 Om-

2415 2922 2535 2970 nes,
2566 2906 2763 2974 inquit,
2789 2913 2979 2972 gentes
3006 2902 3162 2972 quasi
3198 2916 3306 2955 non
3338 2901 3468 2964 sint,
3511 2900 3593 2953 sic
3639 2907 3766 2952 sunt
3818 2909 3999 2950 corant

2414 3014 2480 3053 eo
2515 3016 2526 3050 :
2560 3006 2614 3052 et
2654 2996 2810 3064 quasi
2855 2994 3084 3048 nihilum
3132 3002 3187 3048 et
3242 2994 3404 3047 inane
3453 2999 3719 3061 reputatae
3778 2996 3907 3044 sunt
3952 2988 4004 3041 ei

2415 3086 2550 3157 (Isa.
2576 3087 2687 3152 XL).
2729 3105 2748 3136 ι

2485 3174 2652 3244 620
2687 3173 2753 3227 Ει
2785 3173 3046 3227 Salomon
3077 3172 3155 3224 ait
3201 3189 3212 3224 :
3257 3188 3276 3221 ι
3333 3170 3618 3239 Tanquam
3665 3173 4003 3220 momentum

2338 3245 2383 3307 C
2416 3274 2656 3328 stateras,
2687 3262 2765 3315 Sic
2793 3270 2922 3316 ante
2964 3270 3015 3314 te
3043 3270 3126 3316 est
3154 3258 3304 3314 orbis
3338 3267 3635 3319 terrarum,
3658 3263 3712 3308 et
3747 3263 4003 3321 tanquam

2411 3363 2557 3424 gutta
2581 3354 2720 3409 roris
2749 3352 3053 3407 antelucani
3086 3351 3240 3420 (Sap.
3270 3352 3370 3418 ιι).
3410 3369 3427 3401 ι
3460 3349 3539 3402 Et
3582 3348 3868 3400 innumera
3915 3354 4000 3399 ta-

2410 3446 2480 3499 lia
2506 3444 2853 3512 reperiuntur
2883 3442 2936 3496 in
2965 3441 3286 3509 Scripturis,
3316 3439 3513 3508 quibus
3540 3439 3689 3506 impii
3729 3435 3996 3501 homines,

2411 3528 2882 3590 auttenuissimis,
2917 3534 3009 3580 aut
3051 3524 3330 3577 vilissimis
3377 3530 3766 3591 comparentur
3815 3518 3999 3582 rebus,

2411 3629 2504 3673 aut
2535 3618 2669 3672 nihil
2699 3632 2818 3671 esse
2865 3618 3135 3677 dicantur,
3169 3614 3334 3668 etiam
3381 3622 3528 3676 tunc,
3581 3627 3702 3666 cum
3752 3619 4002 3681 potentes

2410 3725 2530 3764 esse
2555 3709 2826 3760 videntur.
2870 3705 3025 3761 Unde
3055 3714 3110 3758 et
3141 3704 3307 3757 David
3353 3721 3365 3755 :
3417 3721 3436 3755 ι
3477 3702 3617 3765 Vidi,
3651 3702 3846 3770 inquit,
3896 3703 3998 3756 im-

2409 3797 2555 3866 pium
2583 3793 3041 3864 superexaltatum
3097 3802 3151 3847 et
3183 3792 3452 3847 clevatum
3485 3793 3627 3845 sicut
3670 3794 3863 3846 cedros
3904 3790 3999 3846 Li-

2409 3886 2567 3949 bani;
2603 3894 2656 3938 et
2686 3885 2940 3945 transivi,
2977 3893 3030 3936 et
3071 3899 3200 3937 ecce
3230 3899 3335 3935 non
3387 3891 3506 3935 erat
3555 3878 3730 3951 (Psal.
3786 3882 3920 3951 xvr).
3977 3902 3996 3935 ι

2411 3975 2562 4029 Τιιιιε
2591 3975 2732 4029 enim
2757 3983 2960 4028 etcum
3006 3973 3205 4026 divitiis
3252 3974 3640 4035 intumescunt,
3670 3981 3724 4024 et
3761 3987 3884 4025 cum
3944 3987 4005 4026 se

2408 4081 2572 4135 super
2603 4066 2739 4119 alios
2759 4073 3079 4134 arroganter
3105 4062 3389 4126 extollunt,
3426 4076 3552 4114 cum
3582 4061 3816 4128 denique
3860 4059 3998 4114 infe-

2411 4157 2586 4210 riores
2615 4170 2711 4223 per
2756 4153 3055 4223 tyrannidis
3099 4152 3406 4205 violentiam
3445 4150 3794 4220 opprimunt;
3845 4158 3992 4212 tunc,

2410 4243 2651 4314 inquam,
2678 4260 2742 4298 co
2771 4245 2952 4296 verius
2980 4242 3113 4295 nihil
3137 4250 3288 4308 sunt,
3315 4256 3424 4311 quo
3448 4241 3516 4295 ab
3543 4254 3642 4316 eo,_
3677 4239 3771 4310 qui
3794 4255 3919 4295 vere
3947 4251 4002 4296 et

2409 4350 2618 4390 summe
2649 4344 2751 4397 est,
2787 4333 2975 4401 procul
2997 4341 3144 4387 sunt.

3031 4441 3257 4498 CAPUT
3309 4443 3371 4496 ν.

2411 4537 2486 4591 De
2512 4538 2707 4606 futuris
2746 4535 3156 4606 contingentibus
3205 4545 3254 4587 et
3290 4534 3638 4606 philosophia:
3679 4551 3779 4588 usu
3830 4534 3886 4588 in
3914 4553 3996 4590 sa.

2896 4607 2997 4656 cris
3043 4603 3507 4668 disputationibus.

2481 4694 2586 4749 Sed
2641 4695 2769 4762 quid
2804 4694 2906 4747 sibi
2960 4693 3148 4746 volunt
3203 4693 3322 4745 vani
3379 4693 3603 4761 quilibet
3657 4694 3906 4748 homines
3947 4706 4002 4749 et

2409 4789 2656 4857 sacrilegi
2694 4789 2960 4856 dogmatis
2987 4789 3331 4849 inductores,
3368 4788 3459 4851 qui
3511 4787 3638 4840 dmn
3685 4787 3807 4841 aliis
3853 4803 4002 4855 qum-

2410 4880 2642 4930 stionum
2674 4893 2895 4930 suarum
2927 4877 3224 4931 tendiculas
3247 4886 3486 4940 struunt,
3517 4879 3658 4945 quod
3689 4879 3741 4931 in
3770 4893 3864 4930 eas
3894 4877 4000 4946 ipsi

2411 4979 2534 5022 ante
2564 4970 2872 5038 prrccipites
2915 4978 3193 5031 corruant,
3243 4984 3349 5024 non
3397 4969 3715 5034 attendunt;
3773 4979 3824 5021 et
3870 4969 4001 5022 dum

2415 5059 2736 5126 simpliciter
2765 5058 3136 5126 gradientibus
3159 5059 3412 5112 scandala
3453 5058 3657 5111 frivola:
3701 5058 4001 5126 inquisitim

2415 5148 2502 5201 nis
2537 5146 2821 5213 objiciunt,
2847 5148 2944 5216 ipsi
2976 5151 3151 5216 potius
3183 5149 3233 5201 in
3272 5149 3502 5216 lapidem
3547 5147 3860 5202 offeiisionis
3898 5147 4002 5200 im-

2415 5239 2660 5306 pingunt.
2695 5237 2964 5306 Nunquid,
3003 5240 3272 5306 inquiunt,
3305 5246 3481 5306 potest
3511 5240 3652 5292 Deus
3673 5239 3774 5293 hoc
3815 5253 4002 5305 agere,

2415 5344 2474 5384 ut
2512 5341 2797 5399 postquam
2836 5332 2999 5384 semel
3029 5331 3230 5399 aliquid
3272 5331 3469 5384 factum
3497 5344 3580 5386 est
3609 5373 3623 5396 ,
3656 5331 3858 5386 factum
3893 5346 4002 5384 non

2414 5421 2611 5473 fuerit?
2640 5431 2894 5489 tanquam
2939 5424 2982 5474 si
3020 5422 3422 5491 impossibilitas
3461 5422 3562 5474 ista
3612 5436 3716 5474 non
3751 5421 3880 5474 solis
3915 5420 3998 5473 vi-

2417 5516 2608 5567 deatur
2638 5517 2926 5582 provenire
2958 5515 3267 5584 prmteritis,
3303 5525 3357 5567 et
3387 5529 3490 5568 non
3534 5515 3588 5568 in
3637 5514 3998 5583 praesentibus

2415 5608 2666 5660 similiter
2691 5608 3373 5677 inveniaturtemporibus,
3425 5616 3482 5661 et
3527 5605 3743 5659 futuris.
3779 5605 3910 5658 Nam
3943 5613 3999 5657 et

2413 5699 2674 5768 quidquid
2715 5716 2857 5755 nunc
2884 5709 2985 5763 εει,
3019 5701 3257 5770 quandiu
3287 5710 3390 5764 est,
3422 5714 3526 5753 non
3577 5714 3698 5754 esse
3750 5698 4002 5769 impossi-

2412 5792 2520 5848 bile
2545 5801 2644 5847 est.
2673 5791 2827 5861 ltum,
2868 5795 3009 5862 quod
3056 5793 3297 5848 futurum
3341 5801 3444 5860 est,
3473 5806 3576 5848 non
3609 5792 3848 5846 futurum
3881 5804 4002 5844 esse
