5664 6644
88 4 1763 202 -ν

0 6354 935 6644 5

2268 428 2373 486 605

2728 426 2785 482 S.
2816 424 3017 482 PETRI
3052 418 3333 478 DAHIANI
3367 418 3517 476 OPP.
3549 417 3785 477 τοιιυε
3825 414 3955 474 SEU
3984 417 4160 473 PARS
4190 418 4276 473 ill.
4304 442 4369 457 ηε*
4400 418 4760 476 ορυδεῐωι
4783 420 4965 478 VARI!

3247 418 3333 477 tNl
3367 418 3517 476 OPP.
3549 417 3785 477 τοιιυδ
3825 414 3955 474 SEU
3984 417 4160 473 PARS
4190 418 4276 473 ill.
4304 442 4369 457 και
4400 418 4760 476 ορυδεεωι
4783 419 5013 478 VARIA.
5393 424 5484 484 GM

2228 596 2231 597 ν
2269 536 2599 609 impossibile
2646 544 2734 591 est
2779 552 2791 587 :
2852 547 3155 604 quanquam
3198 530 3453 587 nonnulla
3504 536 3662 592 sunt,
3712 539 3830 594 quae
3859 529 3904 586 Α
3936 542 4041 582 non
4068 538 4225 593 sunt,
4258 528 4434 581 futura
4470 539 4597 585 sint.
4647 530 4727 586 De
4756 546 4862 601 qua
4908 530 5157 587 nimirum
5202 536 5487 604 quastione

2269 628 2518 683 videlicet
2543 623 2822 695 aqualiter
2844 630 3071 693 possunt
3099 609 3342 682 evenire,
3366 629 3422 675 et
3450 633 3555 673 non
3580 616 3827 693 evenire:

2275 720 2416 771 sicut
2441 723 2547 779 est,
2576 728 2661 767 me
2691 712 2849 767 hodie
2876 712 3141 781 equitare,
3168 719 3224 764 et
3248 724 3355 764 non
3382 708 3659 778 equitare;
3697 704 3831 758 ami-

2268 821 2390 861 cum
2420 805 2620 867 videre,
2648 802 2733 858 vel
2758 818 2860 857 non
2887 802 3102 863 videre;
3131 800 3334 868 pluere,
3364 796 3446 850 vel
3470 810 3648 850 aerem
3684 808 3832 848 sere-

2270 909 2396 948 num
2424 908 2565 948 esse.
2596 892 2725 959 Quae
2753 892 2975 954 scilicet,
3006 902 3059 945 et
3085 891 3171 945 his
3216 888 3409 944 similia
3449 886 3606 955 hujus
3650 884 3829 939 saeculi

2269 984 2538 1053 sapientes
2594 989 2989 1035 consueverunt
3048 979 3115 1032 ad
3164 976 3473 1031 utrumlibet
3531 973 3827 1043 appellare;

2268 1075 2395 1143 quia
2428 1074 2771 1141 solentreque
2800 1079 2855 1127 et
2900 1071 3225 1139 contingere,
3254 1076 3309 1122 et
3349 1082 3454 1120 non
3494 1065 3827 1133 contingere.

2271 1140 2377 1219 Sed
2407 1164 2519 1217 haec
2547 1161 2610 1215 ad
2632 1140 2942 1215 utrumlibet
2970 1160 3141 1227 magis
3179 1157 3430 1211 dicuntur
3449 1156 3608 1223 juxta
3655 1153 3830 1206 varia-

2267 1252 2435 1313 bilem
2461 1261 2709 1305 naturam
2752 1264 2953 1313 rerum,
2986 1261 3145 1315 quam
3184 1246 3337 1314 juxta
3384 1243 3825 1311 consequentiam

2268 1339 2583 1393 dictionum.
2614 1337 2915 1392 Secundum
2945 1334 3241 1389 naturalem
3281 1347 3515 1399 namque
3549 1330 3709 1383 varia:
3754 1327 3828 1379 vi-

2266 1428 2597 1484 cissitudinis
2640 1428 2881 1481 orﬂinem
2929 1433 3107 1493 potest
3151 1423 3289 1488 fieri,
3337 1430 3395 1476 ut
3442 1422 3602 1475 hodie
3649 1420 3821 1487 pluat;

2266 1528 2443 1588 potest
2464 1528 2517 1571 et
2538 1517 2682 1580 ﬁeri,
2710 1524 2771 1569 ut
2794 1532 2898 1570 non
2927 1516 3093 1585 pluat.
3131 1514 3236 1569 Sed
3287 1523 3543 1583 quantum
3588 1512 3652 1564 ad
3701 1524 3826 1563 con-

2267 1605 2600 1674 sequentiam
2652 1604 2983 1666 disserendi,
3030 1603 3075 1657 si
3131 1602 3365 1655 futurum
3414 1609 3497 1653 est
3544 1607 3601 1651 ut
3658 1597 3824 1668 pluat,

2263 1713 2484 1753 necesse
2512 1708 2594 1752 est
2613 1698 2832 1751 omnino
2864 1706 2923 1750 ut
2966 1696 3145 1766 pluat;
3198 1711 3261 1750 ac
3318 1710 3412 1764 per
3463 1696 3563 1747 hoc
3607 1708 3827 1762 prorsus

2264 1788 2593 1857 impossibile
2643 1796 2725 1842 est
2778 1796 2833 1841 ut
2880 1803 2983 1841 non
3034 1787 3195 1854 pluat.
3253 1785 3403 1851 Quod
3450 1799 3577 1854 ergo
3629 1784 3828 1838 dicitur

3941 624 4148 675 veteres
4196 616 4496 671 liberalium
4545 618 4741 673 artium
4794 620 5143 687 discussores,
5182 637 5285 677 non
5337 624 5486 682 modo

3938 706 4180 775 gentiles,
4208 704 4300 759 sed
4329 713 4382 759 et
4414 706 4529 760 tldei
4561 706 4880 761 Christianae
4923 710 5207 779 participes
5237 710 5489 781 prolixius

3941 800 4337 856 "notaverunt;
4388 793 4480 847 sed
4521 809 4677 848 nemo
4718 795 4927 848 illorum
4972 798 5023 849 in
5054 799 5187 852 hanc
5226 814 5383 853 ausus
5409 809 5490 855 est

3936 878 4180 949 prosilire
4228 881 4522 944 vesaniam,
4571 891 4628 935 ut
4676 881 4785 937 Deo
4821 894 4999 938 notam
5050 887 5487 953 impossibilitatis

3939 969 4248 1033 ascriberet,
4282 981 4337 1022 et
4363 972 4658 1038 prmsertim
4689 973 4731 1025 si
4759 971 5091 1027 Christianus
5120 973 5233 1036 fuit,
5263 977 5328 1029 de
5354 974 5487 1030 illius

3935 1058 4319 1125 omnipotentia
4370 1060 4676 1115 dubitaret:
4734 1061 4827 1115 sed
4878 1063 4952 1116 ita
5000 1063 5065 1117 de
5112 1064 5481 1132 consequentia

3936 1149 4271 1203 necessitatis
4319 1148 4403 1201 vel
4438 1149 4880 1218 impossibilitatis
4918 1151 5072 1217 juxta
5104 1152 5289 1205 miram
5326 1151 5485 1208 solius

3937 1240 4069 1292 artis
4095 1240 4435 1306 disputavere
4465 1240 4736 1305 virtutem,
4770 1250 4828 1294 ut
4862 1242 5058 1295 nullam
5105 1243 5165 1296 in.
5204 1243 5283 1296 his
5310 1242 5486 1297 conﬂi-

3937 1330 4109 1385 ctibus
4134 1331 4225 1383 Dei
4254 1331 4492 1385 facerent
4520 1331 4861 1386 mentionem.
4892 1331 4981 1387 isti
5012 1342 5208 1397 autem,
5234 1335 5323 1401 qui
5350 1333 5487 1387 anti-

3936 1434 4093 1486 quam
4122 1419 4473 1487 quaestionem
4501 1420 4712 1475 noviter
4736 1419 4982 1485 aﬂ‘erunt,
5031 1422 5153 1475 dum
5188 1421 5370 1476 altiora
5401 1436 5486 1489 ge-

3936 1508 4100 1562 stiunt
4134 1523 4315 1573 nosse,
4343 1524 4502 1579 quam
4533 1510 4772 1579 capiunt,
4806 1511 4983 1579 potius
5013 1512 5180 1566 aciem
5210 1526 5316 1567 sum
5343 1525 5486 1566 men-

3938 1599 4005 1651 tis
4035 1599 4367 1665 obtundunt;
4401 1600 4525 1668 quia
4558 1600 4730 1670 ipsum
4761 1603 4895 1658 lucis
4928 1612 5198 1658 auctorem
5224 1598 5485 1659 olendere

3934 1704 4041 1743 non
4082 1699 4394 1759 pavescunl.
4446 1690 4570 1746 llaec
4622 1693 4781 1763 igitur
4831 1696 5077 1761 quaestio,
5107 1695 5353 1763 quoniam
5381 1707 5486 1748 non

3936 1776 4004 1830 ad
4048 1778 4437 1833 discutiendam
4483 1781 4780 1849 majestatis
4823 1783 5015 1836 divina:
5055 1783 5360 1853 potentiam,
5394 1783 5489 1837 sed

2262 1877 2329 1930 de
2363 1878 2649 1945 praeteritis
2700 1878 2799 1930 hoc
2845 1877 3189 1945 consequitur
3241 1876 3588 1929 nihilominus
3632 1874 3698 1927 de
3749 1888 3825 1926 re-
3857 1861 3897 1917 Β
3927 1868 4102 1933 potius
4139 1867 4203 1919 ad
4248 1868 4381 1922 artis
4425 1868 4720 1924 dialecticae
4760 1872 5018 1939 probatur
5055 1872 5321 1942 pertinere
5353 1871 5493 1941 peri-

2260 1965 2363 2019 bus
2404 1968 2752 2033 praesentibus
2801 1974 2853 2018 et
2906 1965 3101 2019 futuris
3147 1984 3160 2019 :
3235 1967 3530 2028 nimirum,
3580 1974 3635 2019 ut
3688 1966 3825 2019 sicut

2259 2065 2419 2106 omne
2448 2054 2588 2121 quod
2620 2052 2740 2117 fuit,
2774 2054 2938 2109 fuisse
2986 2070 3205 2109 necesse
3258 2066 3380 2119 est,
3422 2058 3526 2118 ila,
3574 2064 3630 2109 et
3669 2068 3827 2109 omne

2260 2141 2402 2211 quod
2432 2152 2553 2206 est,
2585 2144 2821 2211 quandiu
2858 2153 2972 2208 est,
3003 2161 3223 2199 necesse
3266 2147 3335 2199 sit
3372 2161 3492 2200 esse
3525 2164 3537 2199 :
3568 2153 3622 2221 et
3668 2158 3825 2198 omne

2260 2231 2403 2298 quod
2431 2231 2666 2283 futurum
2698 2242 2798 2294 est,
2829 2248 3049 2287 necesse
3092 2235 3159 2286 sit
3191 2234 3427 2287 futurum
3469 2249 3605 2288 esse.
3652 2234 3825 2298 Atque

2261 2316 2385 2369 ideo
2406 2326 2663 2384 quantum
2692 2320 2757 2371 ad
2789 2319 3031 2373 ordinem
3067 2321 3385 2381 disserendi,
3418 2322 3675 2390 quidquid
3705 2320 3822 2384 fuit,

2257 2405 2589 2475 impossibile
2627 2410 2697 2462 sit
2722 2426 2826 2463 non
2857 2411 3051 2475 fuisse;
3097 2422 3151 2465 et
3178 2413 3436 2481 quidquid
3474 2422 3579 2476 est,
3623 2414 3826 2482 impos-

2258 2499 2414 2554 sibile
2436 2501 2504 2555 sit
2528 2517 2633 2556 non
2663 2519 2813 2570 esse;
2844 2515 2896 2556 et
2942 2505 3197 2573 quidquid
3228 2504 3462 2558 futurum
3494 2516 3596 2569 est,
3629 2507 3829 2574 impos-

2256 2586 2413 2645 sibile
2443 2589 2512 2643 sit
2551 2589 2789 2643 futurum
2838 2607 2941 2645 non
2992 2607 3130 2645 esse.
3173 2593 3362 2646 Videat
3402 2608 3531 2661 ergo
3580 2594 3828 2664 imperite

2256 2675 2685 2745 sapientium,et
2730 2694 2867 2731 vana
2924 2681 3281 2748 quaerentium
3330 2696 3469 2735 caeca
3518 2684 3823 2746 temeritas;

2255 2764 2381 2831 quia
2413 2764 2457 2818 si
2491 2764 2603 2818 haec
2637 2778 2756 2832 quae
2781 2767 2846 2818 ad
2875 2777 3050 2820 artem
3094 2768 3690 2833 pertinentdisserendi
3716 2811 3727 2829 ,
3758 2769 3823 2821 ad

2253 2850 2422 2906 Deum
2462 2852 2702 2919 pravilcr
2744 2851 3013 2917 referant;
3077 2854 3185 2922 jam
3215 2870 3319 2907 non
3351 2865 3554 2907 tantum
3603 2856 3653 2909 in
3690 2873 3828 2924 prae-

2253 2941 2449 3006 teritis,
2510 2941 2601 2995 sed
2634 2942 2684 2993 in
2725 2944 3077 3011 przcsentibns
3108 2958 3170 2997 ac
3211 2944 3430 3007 futuris,
3485 2960 3605 2997 eum
3649 2947 3821 3013 impo-

2253 3040 2454 3084 tentem
2504 3031 2735 3098 penitus,
2782 3040 2837 3084 et
2876 3032 3173 3084 invalidum
3217 3032 3468 3085 reddant.
3518 3033 3620 3098 Qui
3669 3035 3830 3087 ninn-

2252 3136 2408 3182 rum,
2439 3121 2563 3188 quia
2618 3122 2844 3174 necdum
2884 3122 3187 3176 didicerunt
3221 3123 3486 3177 elementa
3516 3125 3823 3191 verborum,

2251 3210 2411 3281 621
2444 3226 2538 3277 per
2565 3212 2822 3264 obscuras
2853 3219 3290 3280 argumentorum
3319 3226 3536 3265 suorum
3567 3213 3825 3282 caligines

2252 3300 2509 3353 amittunt
2552 3299 2711 3353 clarae
2760 3301 2881 3354 ﬁdei
2928 3300 3365 3359 fundamentum;
3417 3310 3469 3354 et
3516 3300 3829 3370 ignorantes

2253 3389 2445 3454 adhuc,
2485 3390 2624 3458 quod
2661 3406 2688 3443 a
2726 3391 2902 3458 pueris
2936 3399 3197 3443 tractatur
3240 3392 3292 3443 in
3333 3391 3556 3454 scholis,
3587 3393 3827 3459 querela

2254 3492 2367 3532 sum
2453 3479 2753 3533 calumnias
2838 3480 3034 3534 divinis
3103 3482 3355 3549 ingerunt
3454 3482 3827 3537 sacramentis.

2252 3566 2324 3621 Et
2362 3569 2487 3636 quia
2532 3569 2671 3622 inter
2706 3569 3006 3622 rudimenta
3057 3569 3372 3622 discentium
3417 3570 3500 3624 vel
3544 3571 3680 3625 artis
3726 3572 3829 3625 hu-

2254 3673 2430 3712 mana:
2475 3658 2670 3710 nullam
2727 3658 3127 3726 apprehendere
3174 3659 3445 3728 peritiam,
3500 3659 3829 3713 curiositatis

2253 3761 2363 3799 sua:
2393 3746 2572 3799 nubilo
2621 3746 2935 3814 perturbant
2964 3746 3218 3815 puritatis
3260 3747 3639 3801 ecclesiastica!
3664 3749 3828 3802 disci-

2252 3836 2476 3905 plinam.
2505 3834 2631 3890 Haec
2651 3836 2809 3905 plane
2834 3851 2953 3905 qua:
2983 3851 3047 3889 ex
3074 3836 3505 3900 dialecticorum,
3533 3836 3617 3891 vel
3646 3838 3831 3913 rheto-

2254 3940 2375 3978 rum
2400 3926 2666 3994 prodeunt
2692 3928 3040 3995 argumentis,
3069 3942 3174 3982 non
3202 3928 3362 3982 facile
3392 3929 3590 3982 divinae
3613 3930 3831 3983 virtutis

2253 4023 2383 4070 sunt
2408 4017 2635 4084 aptanda
2670 4018 2973 4085 mysteriis;
3006 4019 3059 4070 et
3082 4033 3198 4085 quae
3232 4019 3297 4072 ad
3326 4020 3427 4073 hoc
3459 4019 3827 4083 inventasunt,

2254 4114 2318 4160 ut
2366 4108 2419 4159 in
2470 4105 2897 4175 syllogismorum
2952 4108 3307 4162 instrumenta
3369 4110 3693 4177 proficiant,
3744 4110 3829 4163 vel

2254 4193 2523 4249 clausulas
2551 4195 2868 4259 dictionum,
2897 4197 3056 4260 absit,
3087 4206 3147 4251 ut
3174 4200 3345 4267 sacris
3393 4199 3596 4269 legibus
3625 4215 3682 4255 se
3708 4215 3832 4268 per-

2254 4284 2509 4339 tinaciter
2536 4285 2773 4339 inferant
2804 4294 2857 4341 et
2891 4287 3087 4341 divina:
3115 4290 3299 4342 virtuti
3333 4290 3692 4345 conclusionis
3723 4305 3831 4344 sua:

2258 4374 2612 4427 necessitates
2658 4386 2944 4443 opponant.
2994 4375 3122 4441 Quae
3173 4387 3349 4431 tamen
3400 4378 3531 4431 artis
3583 4379 3832 4432 humanae

2259 4462 2477 4533 peritia,
2512 4463 2555 4517 si
2583 4465 2799 4531 quando
2832 4467 3123 4519 tractandis
3157 4468 3327 4521 sacris
3356 4468 3583 4537 eloquiis
3604 4469 3829 4524 adhibe-

3930 1956 4089 2019 tiam;
4122 1964 4177 2010 et
4206 1972 4309 2011 non
4343 1956 4409 2010 ad
4439 1958 4714 2022 virtutem,
4746 1958 4828 2011 vel
4858 1959 5135 2014 materiam
5166 1974 5363 2024 rerum,
5395 1959 5490 2016 sed

3928 2047 3992 2102 ad
4020 2049 4234 2113 modum
4282 2058 4336 2102 et
4361 2048 4606 2103 ordinem
4633 2051 4951 2113 disserendi.
4984 2061 5039 2106 et
5060 2050 5491 2120 consequentiam

3926 2136 4240 2201 verborum,
4290 2153 4395 2191 non
4429 2138 4591 2193 habet
4621 2138 4793 2192 locum
4828 2139 4879 2192 in
4908 2139 5159 2194 Ecclesia
5188 2152 5489 2193 sacramen-

3927 2227 4017 2291 tis,
4047 2243 4167 2296 qua:
4201 2243 4227 2279 a
4262 2228 4442 2297 parvis
4488 2226 4826 2282 scholaribus
4852 2229 5143 2283 ventilatur
5186 2227 5238 2281 in
5274 2226 5489 2282 scholis.

3926 2316 4040 2370 Non
4073 2319 4216 2370 enim
4248 2319 4313 2371 ad
4342 2318 4465 2372 fidei
4494 2317 4753 2386 regulam,
4782 2317 4863 2371 vel
4896 2333 5103 2372 morum
5134 2317 5362 2386 pertinet
5393 2315 5485 2371 hoc

3927 2414 4231 2469 nestatem;
4271 2406 4364 2460 sed
4409 2406 4476 2459 ad
4524 2405 4772 2474 loquendi
4821 2404 5054 2474 copiam,
5104 2405 5494 2472 verborumque

3928 2495 4177 2548 nitorem.
4212 2495 4573 2561 Quamobrem
4611 2494 4842 2548 subiciat
4878 2494 5032 2548 nobis
5065 2493 5210 2548 brevi
5240 2505 5492 2560 compen-

3930 2584 4017 2639 dio
4064 2586 4223 2638 fidem
4275 2585 4586 2647 defendere,
4634 2600 4795 2654 quam
4848 2596 5120 2649 tenemus;
5169 2583 5496 2651 sapientibus

3929 2684 4105 2727 autem
4134 2672 4290 2740 hujus
4336 2673 4537 2737 saeculi,
4566 2688 4683 2741 qua:
4710 2688 4804 2726 sua
4833 2683 4957 2726 sunt
4993 2671 5042 2742 (1
5065 2672 5185 2726 Cor.
5212 2675 5317 2741 ιιι)⁹
5349 2671 5491 2726 cedi-

3930 2778 4074 2816 mus.
4124 2763 4403 2827 Habeant,
4452 2764 4544 2831 qui
4590 2762 4812 2828 volunt,
4865 2763 5097 2818 litteram
5148 2762 5495 2821 occidentem.

3928 2850 4216 2905 dummodo
4261 2867 4358 2934 per
4386 2853 4479 2905 Dei
4512 2852 4940 2907 misericordiam
4995 2852 5214 2922 spiritus
5262 2866 5293 2905 a
5336 2849 5492 2905 nobis

3930 2942 4208 2996 viviticans
4239 2958 4346 2996 non
4381 2943 4617 2997 recedat.

4435 3054 4596 3125 522
4635 3052 4861 3109 CAPUT
4906 3052 4993 3108 vr.

3933 3139 4087 3203 Quod
4114 3140 4252 3195 Deus
4282 3142 4419 3194 intra
4444 3142 4733 3209 prmentiw
4762 3158 4871 3195 sua:
4899 3143 5087 3197 sinum.
5122 3142 5293 3195 omnia
5319 3142 5496 3206 simul,

4276 3220 4323 3262 et
4355 3222 4606 3276 tempora,
4635 3220 4680 3262 et
4704 3210 4817 3262 loca
4849 3210 5147 3264 concludat.

3998 3297 4221 3351 Constat
4282 3298 4464 3366 itaque
4509 3298 4676 3352 Deum
4724 3300 5145 3368 omnipotentem
5196 3301 5273 3355 sic
5315 3300 5493 3355 omnia

3930 3388 4122 3441 stecula
4172 3389 4229 3441 in
4254 3398 4468 3443 aeterna:
4512 3389 4786 3457 sapientia:
4832 3406 4942 3445 suae
4990 3391 5239 3449 thesauro
5284 3392 5498 3447 conclu-

3931 3478 4078 3541 dere,
4106 3488 4167 3530 ut
4192 3492 4291 3532 nec
4316 3478 4382 3532 ad
4393 3493 4465 3555 se
4491 3478 4618 3547 quid
4643 3479 4917 3541 accedere,
4947 3494 5045 3533 nec
5073 3493 5102 3531 a
5131 3494 5187 3533 se
5211 3480 5495 3549 quidquam

3928 3582 4027 3636 per
4057 3576 4357 3637 temporum
4388 3577 4657 3621 momenta
4690 3568 4868 3622 valeat
4902 3568 5150 3623 transire.
5192 3567 5249 3621 In
5278 3568 5365 3622 illa
5395 3570 5493 3637 igi-

3931 3666 4020 3711 tur
4077 3657 4330 3715 ineffabili
4386 3673 4496 3712 suae
4542 3656 4840 3725 maiestatis
4892 3672 5019 3713 arce
5063 3658 5374 3728 persistens,
5420 3659 5492 3713 sic

3931 3749 4109 3802 omnia
4146 3750 4198 3803 in
4229 3750 4528 3817 praesentiae
4568 3764 4678 3802 sua:
4720 3751 5007 3804 constituta
5044 3758 5351 3818 conspectu,
5390 3765 5495 3803 uno

3930 3852 3994 3890 ac
4022 3838 4251 3906 simplici
4300 3836 4694 3907 contemplatur
4747 3838 4963 3903 intuitu,
4994 3848 5055 3892 ut
5091 3839 5190 3892 sibi
5225 3853 5494 3907 nunquam

3930 3929 4145 3998 penitus
4186 3928 4268 3982 vel
4306 3927 4578 3997 praeterita
4628 3936 4922 3990 transeant,
4967 3928 5048 3982 vel
5094 3927 5262 3981 futura
5315 3942 5495 3981 succe-

3932 4020 4077 4072 dant.
4109 4017 4206 4072 Cui
4234 4018 4357 4071 dum
4394 4032 4606 4087 semper
4639 4032 4758 4071 esse
4788 4026 4945 4085 atque
4983 4016 5121 4070 idem
5150 4030 5270 4070 esse
5297 4025 5378 4069 est
5405 4030 5498 4085 per

3932 4109 4323 4171 :eternitatem;
4358 4108 4485 4160 dum
4522 4122 4705 4171 omne,
4734 4106 4877 4175 quod
4916 4105 5130 4169 labitur,
5161 4104 5261 4158 circ
5276 4105 5494 4160 .tmsct'i-

3932 4197 4029 4260 bit,
4064 4198 4203 4250 intra
4253 4197 4602 4264 semetipsum
4652 4197 4893 4251 omnium
4939 4209 5127 4249 cursus
5176 4204 5492 4262 temporum.

3934 4287 4149 4340 claudit.
4180 4286 4245 4339 Et
4269 4286 4406 4340 sicut
4435 4286 4573 4341 intra
4604 4300 4660 4338 se
4688 4287 4805 4339 sine
4832 4285 5057 4339 transitu
5087 4284 5297 4338 cohibet
5317 4284 5491 4338 omnia

3936 4386 4192 4445 tempora,
4243 4376 4317 4429 ita
4361 4376 4710 4429 nihilominus
4752 4376 4889 4429 intra
4923 4388 4979 4429 se
5016 4373 5131 4427 sine
5166 4372 5350 4441 spatiis
5377 4372 5487 4426 nni-

3932 4484 4088 4523 versa
4118 4470 4358 4523 continet
4387 4468 4523 4521 loca.
4560 4467 4693 4521 llinc
4722 4477 4803 4521 est
4833 4466 4987 4536 plane
5012 4464 5153 4533 quod
5181 4465 5254 4516 ait
5280 4481 5293 4515 :
5323 4480 5340 4513 ι
5374 4462 5488 4518 (ιω-

2254 4562 2366 4617 tnr,
2411 4568 2514 4607 non
2566 4555 2724 4609 debet
2764 4555 2853 4625 jus
2905 4556 3199 4625 magisterii
3246 4558 3460 4612 sibimet
3516 4569 3831 4630 arroganter
3856 4540 3907 4598 Ῐ)
3935 4559 4041 4613 lum
4065 4567 4119 4611 et
4144 4568 4343 4612 terram
4372 4571 4471 4625 ego
4499 4556 4694 4625 impleo
4722 4556 4851 4624 (Jer.
4872 4554 5014 4623 xm).
5040 4574 5058 4603 ι
5089 4552 5221 4606 Hinc
5246 4561 5327 4605 est
5347 4552 5486 4619 quod

2253 4642 2524 4712 arripere;
2563 4643 2654 4697 sed
2683 4644 2829 4697 velut
2858 4645 3049 4699 ancilla
3086 4646 3314 4699 dominm
3341 4647 3571 4715 quodam
3600 4646 3824 4701 famula-

2256 4739 2346 4786 tus
2382 4732 2639 4799 obseqnio
2680 4734 3005 4797 subservire,
3038 4749 3105 4788 ne
3132 4736 3175 4789 si
3209 4736 3481 4804 praecedit,
3511 4737 3744 4801 oberret,
3775 4746 3829 4790 et

2256 4820 2387 4876 dum
2430 4823 2755 4875 exteriorum
2784 4825 3071 4877 verborum
3105 4826 3349 4893 sequitur
3392 4828 3825 4894 consequentias,

2256 4912 2465 4966 intimae
2490 4912 2703 4966 virtutis
2732 4913 2908 4967 lumen
2961 4925 3013 4968 et
3043 4926 3249 4969 rectum
3282 4916 3525 4970 veritatis
3554 4917 3827 4971 tramitem

2257 5000 2466 5071 perdat.
2499 5000 2629 5066 Quis
2657 5003 2796 5055 enim
2841 5004 3123 5058 manifeste
3158 5021 3259 5059 non
3290 5006 3489 5070 videat,
3514 5006 3638 5074 quia
3667 5008 3712 5060 si
3742 5023 3831 5059 ar-

2254 5090 2748 5159 gumentationibus
2784 5092 2920 5155 istis,
2948 5102 3005 5146 ut
3029 5108 3146 5148 sese
3170 5096 3300 5149 ordo
3327 5097 3612 5149 verborum
3643 5095 3825 5160 habet,

2257 5179 2390 5233 ﬁdes
2431 5179 2736 5243 adhibetur,
2780 5181 2957 5233 divina
2985 5184 3153 5237 virtus
3196 5186 3245 5237 in
3280 5194 3578 5255 temporum
3607 5187 3830 5255 quibus-

2256 5274 2359 5337 que
2393 5270 2679 5323 momentis
2707 5271 2971 5338 impotens
2998 5277 3340 5329 ostendatur?
3374 5276 3508 5331 Nam
3530 5277 3683 5345 juxta
3728 5277 3825 5331 fri-

2258 5360 2391 5412 volae
2414 5360 2722 5428 quaestionis
2748 5361 3075 5430 obloquium,
3096 5381 3197 5417 non
3226 5368 3625 5435 praevaletDeus
3644 5385 3825 5439 agere,

2260 5458 2318 5501 ut
2342 5449 2425 5504 vel
2451 5451 2645 5505 dudum
2674 5468 2790 5521 qnze
2822 5452 2957 5508 facta
2994 5466 3139 5519 sunt,
3171 5457 3306 5511 facta
3348 5476 3452 5513 non
3486 5444 3710 5525 iuerint;
3743 5464 3826 5516 vel

2259 5553 2288 5592 e
2316 5540 2550 5603 diverso,
2582 5558 2697 5609 qme
2736 5542 2876 5598 facta
2923 5560 3026 5598 non
3072 5556 3215 5611 sunt,
3270 5547 3406 5603 facta
3457 5550 3687 5618 fuerint;
3743 5554 3822 5607 vel

2258 5649 2377 5703 quae
2416 5650 2556 5689 nunc
2598 5646 2751 5699 sunt,
2793 5640 3027 5707 quandi"
3078 5654 3223 5705 sunt,
3270 5659 3373 5697 non
3415 5647 3548 5711 sint;
3598 5650 3679 5702 vel
3708 5666 3827 5719 quae

2260 5726 2433 5782 futura
2462 5740 2602 5790 sunt,
2634 5730 2808 5785 futura
2837 5747 2940 5785 non
2966 5734 3096 5801 sint;
3124 5735 3204 5791 vel
3231 5750 3258 5791 e
3281 5745 3620 5807 contra,qn:e
3649 5738 3823 5794 fnlnra

3934 4648 4209 4718 Sapientia
4261 4647 4403 4700 illius
4452 4646 4622 4700 dicit:
4654 4663 4671 4695 ι
4704 4644 4906 4715 Gyrum
4955 4640 5336 4698 cmli.circuivi
5381 4639 5492 4693 sola

3932 4740 4123 4809 (Eccli.
4156 4738 4325 4807 μιν).
4363 4755 4381 4787 ι
4408 4737 4481 4791 De
4509 4750 4610 4805 qua
4643 4744 4697 4789 et
4724 4733 4975 4789 Salomon
5019 4731 5130 4786 ait:
5161 4748 5179 4780 ι
5206 4730 5337 4797 Quia
5365 4742 5486 4784 cum

3932 4832 4002 4884 sit
4034 4846 4159 4892 nua,
4193 4828 4370 4882 omnia
4414 4837 4613 4897 potest,
4644 4834 4698 4879 et
4724 4837 5044 4895 permanens
5085 4823 5135 4875 in
5170 4835 5247 4883 se,
5278 4820 5490 4872 innovat

3932 4924 4113 4974 omnia
4142 4919 4293 4988 (Sap.
4325 4918 4443 4982 vn).
4482 4936 4498 4969 ι
4547 4918 4611 4970 Et
4646 4916 4784 4969 idem
4814 4914 4977 4967 alibi:
5036 4930 5054 4964 ι
5104 4910 5159 4965 Si
5203 4908 5391 4964 coelum
5436 4917 5487 4960 et

3935 5012 4055 5067 cceli
4089 5009 4345 5067 caelorum
4376 5017 4426 5063 te
4452 5022 4645 5076 capere
4676 5021 4780 5059 non
4818 5012 5075 5075 possunt:
5102 5009 5297 5071 quanto
5322 4997 5489 5067 magis

3935 5101 4123 5154 domus
4173 5099 4309 5161 inec,
4356 5111 4514 5165 quam
4560 5094 4819 5149 mdiﬁcavi
4860 5092 4987 5147 tibi!
5024 5088 5154 5160 »(11
5181 5088 5357 5143 Paral.
5388 5087 5486 5153 vi.)

3935 5192 4009 5246 De
4038 5190 4190 5259 cujus
4220 5191 4381 5244 etiam
4418 5187 4621 5257 Spiritu
4656 5186 4912 5254 scriptum
4942 5192 5058 5237 est:
5089 5200 5107 5231 ι
5136 5180 5362 5249 Spiritus
5388 5178 5485 5231 Do-

3935 5280 4063 5333 mini
4095 5279 4319 5347 replevit
4348 5278 4533 5331 orbem
4565 5284 4853 5335 terrarum,
4882 5280 4937 5326 et
4965 5273 5065 5325 hoc
5092 5269 5230 5337 quod
5259 5266 5488 5321 continet

3934 5374 4112 5425 omnia
4158 5369 4305 5441 (Sap.
4350 5370 4410 5440 ι).
4451 5389 4468 5419 ι
4523 5368 4596 5420 De
4644 5382 4750 5434 quo
4798 5379 4982 5418 rursus
5030 5362 5262 5416 dicitur:
5312 5376 5329 5405 ι
5358 5357 5485 5423 Quia

3930 5464 4165 5515 omnium
4194 5471 4275 5515 est
4313 5460 4527 5523 artifex,
4575 5472 4790 5512 omnem
4828 5457 4986 5511 habet
5016 5453 5285 5511 virtutem,
5313 5446 5485 5503 omnia

3928 5554 4262 5622 prospiciens
4292 5550 4442 5621 (Sap.
4473 5549 4590 5615 vn).
4626 5566 4643 5598 ι
4696 5547 4760 5600 Et
4785 5545 5039 5599 Dominus
5065 5557 5158 5611 per
5182 5538 5485 5609 prophetam

3930 5644 4085 5696 dicit:
4119 5642 4352 5697 «leum
4382 5640 4507 5694 mihi
4537 5638 4689 5694 sedes
4708 5647 4807 5701 est,
4836 5647 4975 5689 terra
5003 5645 5174 5689 autem
5201 5628 5482 5685 scabellqu

3930 5736 4119 5808 pedum
4168 5747 4411 5792 meorum
4463 5730 4596 5804 (lea.
4640 5731 4807 5787 vatl.
4840 5747 4858 5780 ι
4928 5728 5261 5798 Rursumque
5307 5720 5370 5774 de
5412 5728 5473 5774 eo
