5664 6594
793 442 898 501 605

1660 439 1904 500 Ol’USC.
1948 437 2199 497 XXXVI.
2241 464 2307 477 -
2346 432 2437 491 DE
2469 431 2703 491 DlVlNA
2740 423 3282 487 ΟΜΝΙΡΟΤΕΝΤΙΔ.

3965 412 4073 468 608

789 559 1061 628 scriptum
1095 567 1222 614 est:
1258 581 1275 610 ι
1306 558 1515 613 Caelum
1566 556 1790 612 metitur
1832 556 2034 625 palmo,
2069 563 2123 608 et
2167 564 2383 607 omnem
2412 554 2460 608 Α
2492 552 2705 600 theatro
2735 546 2961 605 residet,
2997 554 3105 593 non
3152 540 3314 592 stmul
3346 531 3531 588 omnia
3581 528 3752 595 videt;
3795 526 3921 597 quia
3951 540 4074 579 cum

788 658 990 706 terram
1020 650 1223 719 pugillo
1251 650 1524 707 concludit
1550 649 1689 718 (Act.
1715 666 1818 713 vn;
1863 648 1975 701 Ira.
2030 646 2143 715 ιι).
2182 663 2200 697 ι
2247 643 2375 699 Sedi

788 740 1008 809 quippe,
1056 741 1142 795 cui
1187 741 1460 811 prmsidet,
1513 740 1739 795 interior
1788 747 1842 793 et
1888 736 2138 806 superior
2171 744 2375 803 manet.

787 830 929 885 Nam
960 845 1055 901 per
1086 832 1138 885 id
1163 831 1359 885 cmlum
1389 830 1568 900 palmo
1594 831 1840 886 metiens.
1880 839 1934 882 et
1963 837 2163 880 terram
2194 826 2379 896 pugilo

788 923 1144 991 concludens,
1182 924 1487 978 ostenditur
1508 923 1649 991 quod
1694 922 1807 990 ipse
1845 922 1915 975 sit
1956 920 2380 988 circumquaque

792 1012 1009 1069 cunctis
1029 1012 1210 1077 rebus,
1226 1026 1361 1081 quas
1382 1012 1603 1073 ereavit,
1628 1009 1884 1064 exterior.
1910 1009 1965 1061 ld
1984 1022 2217 1076 namque
2237 1006 2380 1074 quod

791 1103 1023 1159 interius
1074 1102 1438 1168 concluditur,
1471 1118 1498 1155 a
1532 1101 1888 1156 coucludente
1923 1099 2161 1153 exterius
2198 1097 2379 1151 conti-

791 1201 975 1247 netur.
1006 1193 1111 1247 Per
1137 1194 1317 1248 sedem
1349 1208 1498 1261 ergo,
1536 1192 1619 1244 cui
1654 1190 1925 1260 praesidet,
1958 1204 2078 1243 esse
2126 1187 2377 1252 interius,

790 1292 851 1337 et
877 1298 1039 1351 supra
1068 1284 1449 1352 perpenditur;
1489 1298 1586 1352 per
1611 1280 1865 1353 pugillum
1894 1296 2045 1345 vero,
2070 1294 2177 1348 quo
2203 1278 2380 1333 conti-

792 1381 912 1437 net,
940 1388 1059 1427 esse
1090 1373 1348 1437 exterius,
1402 1373 1699 1442 subterque
1748 1372 2011 1442 signatur.
2062 1370 2200 1437 Quia
2234 1370 2381 1424 enim

794 1464 917 1533 ipse
942 1472 1125 1517 manet
1160 1463 1305 1517 intra
1333 1464 1538 1529 omnia,
1570 1464 1683 1532 ipse
1712 1474 1866 1517 extra
1897 1461 2099 1527 omnia,
2146 1460 2259 1530 ipse
2284 1474 2381 1513 su-

787 1566 894 1623 per
934 1555 1135 1618 omnia,
1186 1553 1300 1622 ipse
1351 1552 1487 1607 infra
1526 1552 1729 1618 omnia,
1772 1562 1826 1608 et
1881 1552 2130 1627 superior
2172 1562 2255 1606 est
2282 1566 2381 1621 per

788 1640 1114 1710 potentiam,
1163 1650 1217 1695 et
1266 1640 1491 1695 inferior
1536 1650 1618 1695 est
1667 1655 1764 1709 per
1810 1640 2282 1702 sustentationem,
2326 1648 2383 1692 et

788 1729 1030 1783 exterior
1060 1744 1155 1798 per
1184 1730 1628 1799 magnitudinem,
1657 1739 1711 1783 et
1739 1730 1965 1785 interior
1988 1744 2082 1797 per
2108 1728 2379 1784 subtilita-

792 1826 927 1870 tem.
988 1815 1087 1871 Ubi
1140 1832 1269 1887 ergo
1308 1818 1352 1871 si
1399 1818 1602 1886 aliquid
1645 1818 1849 1887 absque
1879 1833 1977 1883 eo,
2008 1818 2252 1887 quicum
2281 1832 2381 1885 per

2482 636 2716 711 intendit
2737 633 2910 687 aciem
2937 638 3072 684 ante.
3090 644 3170 693 se,
3196 642 3301 682 non
3330 624 3478 678 videt
3502 629 3623 693 post
3650 634 3737 685 se;
3772 617 3862 687 qui
3894 623 4075 671 autem

2482 706 2591 783 n‘n
2636 727 2688 780 in
2734 725 2966 788 theatro,
3016 719 3111 774 sed
3154 730 3317 787 super
3365 714 3638 769 theatrum
3683 706 3951 764 excelsior
3980 718 4077 759 su-

2484 815 2803 888 pereminet,
2844 813 3011 867 totius
3037 808 3278 875 undique
3318 803 3633 858 interiorem
3671 797 3867 853 theatri
3900 791 4077 849 ambi-

2484 884 2596 960 tum
2649 918 2757 958 uno
2804 895 3219 969 comprehendit
3283 899 3544 963 aspectu;
3609 889 3685 942 ita
3732 884 4076 954 omnipoten-

2485 998 2648 1058 Deus,
2674 994 2800 1062 quia
2830 989 3103 1051 omnibus,
3141 998 3260 1055 quae
3288 981 3597 1045 volvuntur,
3636 970 4077 1044 incomparabili-

2485 1097 2567 1142 ter
2594 1083 2983 1155 supereminet,
3015 1078 3200 1134 omnia
3230 1072 3395 1130 simul
3440 1070 3554 1127 suis
3581 1067 3824 1136 subjecta
3854 1075 4084 1133 conspe-

2483 1179 2662 1233 ctibus
2707 1172 3125 1247 prmsentialiter
3173 1168 3341 1222 videt.
3379 1164 3464 1227 Et,
3505 1170 3567 1217 ut
3601 1159 3747 1230 quod
3784 1155 4079 1247 loquimur,

2482 1284 2589 1322 non
2624 1242 2784 1320 nio—do
2814 1263 2970 1317 vivax
3001 1258 3277 1330 ingenium
3304 1252 3503 1324 capiat,
3536 1250 3631 1307 sed
3653 1257 3709 1303 et
3732 1248 3890 1316 deses
3914 1242 4079 1312 quili-

2482 1364 2574 1413 bet
2603 1355 2759 1409 facile
2788 1350 3232 1421 comprehendat,
3264 1344 3437 1413 major
3458 1342 3615 1397 nobis
3641 1339 3879 1393 varietas
3909 1342 3996 1389 est
4024 1332 4081 1387 in

2484 1451 2587 1504 hoc
2627 1459 2733 1501 tam
2764 1443 3088 1500 brevissimo
3134 1434 3392 1506 temporis
3422 1442 3642 1503 puncto,
3706 1444 3814 1497 quo
3850 1424 4079 1481 dicimus

2484 1536 2705 1600 coelum,
2774 1548 2936 1603 quam
3003 1530 3115 1584 Deo
3178 1527 3252 1582 sit
3315 1521 3476 1581 simul
3538 1518 3806 1590 inspicere
3868 1510 4083 1568 infinita

2484 1598 2725 1680 omnium
2771 1598 2945 1693 spatia
2990 1616 3352 1687 saeculorum.
3388 1609 3524 1665 Nam
3563 1623 3688 1663 cum
3716 1603 3878 1672 hujus
3913 1598 4082 1671 parti-

2482 1715 2617 1771 cula:
2644 1690 2819 1783 prima
2843 1709 3043 1765 dicitur
3071 1705 3297 1777 syllaba,
3324 1707 3569 1758 remanet
3599 1696 3776 1752 adhuc
3806 1690 4078 1783 secunda;

2483 1817 2538 1863 et
2565 1778 2689 1861 cum
2726 1800 2966 1859 secunda
2997 1806 3177 1860 sonat,
3200 1797 3314 1866 jam
3359 1792 3532 1863 prima
3560 1782 3897 1858 pertransiit.
3936 1778 4082 1835 Deus

790 1907 991 1961 molem
1014 1909 1256 1977 corporis
1292 1922 1558 1976 nusquam
1590 1917 1691 1972 est,
1725 1924 1821 1977 per
1848 1908 2377 1977 iucircumscriptam
2409 1876 2454 1934 Β
2484 1906 2662 1953 amem
2689 1910 2798 1949 υῐιο
2851 1903 3015 1961 alque

1848 1871 2377 1977 iticiicnmscriptam
2409 1876 2454 1934 Β
2484 1906 2662 1953 autem
2689 1910 2798 1949 uno
2851 1903 3015 1961 atque
3045 1886 3300 1943 ineffabili
3318 1898 3437 1940 sua:
3465 1873 3940 1947 contemplationis
3969 1871 4079 1928 ictu

789 1997 1150 2053 substantiam
1195 2014 1459 2067 nusquam
1488 2000 1671 2053 deest?
1716 1999 1789 2053 De
1819 2014 1927 2067 quo
1954 2001 2030 2052 ait
2054 1998 2377 2068 Apostolus:

797 2102 822 2139 ι
851 2084 984 2152 Quia
1019 2089 1070 2139 in
1103 2088 1220 2155 ipso
1249 2096 1499 2141 constant
1524 2088 1729 2141 omnia.
1769 2107 1787 2139 ι
1822 2087 1889 2142 Et
1920 2103 2146 2143 rursus:
2177 2106 2196 2138 ι
2234 2089 2383 2154 Quo-

790 2174 937 2229 niam
976 2190 1041 2229 ex
1078 2175 1211 2243 ipso,
1246 2185 1297 2229 et
1326 2191 1421 2244 per
1466 2176 1658 2245 ipsum,
1688 2185 1743 2229 et
1791 2178 1842 2229 in
1877 2178 1994 2246 ipso
2018 2187 2146 2231 sunt
2197 2178 2382 2233 omnia

788 2263 1019 2337 (Coloss.
1052 2268 1116 2335 1).
1150 2285 1168 2317 ι
1228 2265 1324 2320 Est
1368 2267 1534 2330 enim,
1566 2277 1625 2320 ut
1655 2268 1725 2319 ita
1758 2266 2016 2331 dixerim,
2068 2268 2220 2321 locus
2264 2266 2385 2321 illo—

788 2356 945 2419 calis,
994 2359 1091 2425 qui
1137 2357 1305 2411 sicin
1340 2372 1398 2412 se
1446 2357 1687 2411 continet
1734 2358 1917 2411 omnia
1966 2357 2119 2421 loca,
2175 2365 2234 2410 ut
2274 2372 2381 2410 non

792 2456 1079 2500 moveatur
1114 2445 1227 2515 ipse
1264 2460 1361 2515 per
1406 2446 1521 2501 luca
1549 2462 1561 2497 :
1589 2455 1642 2500 et
1682 2461 1804 2501 cum
1846 2446 2027 2500 omnia
2072 2445 2232 2500 simul
2277 2446 2383 2499 im-

790 2536 960 2608 pleat,
1009 2552 1113 2589 non
1145 2552 1240 2607 per
1286 2547 1469 2606 partes
1514 2537 1596 2591 sui
1627 2547 1855 2605 occupat
1900 2547 2082 2606 partes
2128 2538 2254 2601 loci,
2289 2525 2383 2593 sed

792 2635 939 2682 totus
974 2627 1171 2693 ubique
1208 2635 1314 2690 est,
1354 2641 1457 2681 nec
1499 2641 1595 2696 per
1647 2627 1910 2697 ampliora
1958 2626 2079 2681 loca
2118 2625 2377 2689 diffusior,

790 2732 894 2772 nec
920 2733 1013 2787 per
1041 2720 1352 2787 angustiora
1400 2719 1752 2782 contractior,
1788 2734 1888 2773 nec
1920 2719 2090 2773 altior
2119 2720 2176 2773 in
2206 2720 2383 2775 excel-

791 2808 894 2871 sis,
946 2824 1044 2862 nec
1091 2808 1210 2877 plus
1254 2808 1565 2862 humiliatus
1612 2810 1665 2862 in
1704 2809 1923 2872 inlimis,
1967 2826 2074 2865 non
2126 2811 2296 2878 major
2328 2812 2381 2865 in

792 2896 1021 2966 tuagnis,
1051 2912 1156 2951 non
1188 2896 1367 2951 minor
1408 2898 1460 2951 in
1495 2898 1762 2962 minimis;
1804 2899 1898 2953 sed
1927 2916 2088 2965 unus,
2122 2900 2383 2971 idemque

793 2986 1026 3053 simplex
1057 2994 1111 3039 et
1142 2986 1366 3054 aequalis
1394 2988 1613 3055 ubique,
1642 2987 1786 3039 nulla
1820 2988 2066 3057 indigens
2113 3000 2379 3057 creatura,

794 3074 890 3129 sed
934 3088 999 3127 eo
1044 3074 1251 3143 indiget
1294 3076 1473 3129 omnis
1520 3085 1790 3131 creatura.
1836 3077 1971 3131 Nam
2009 3088 2061 3133 et
2091 3089 2384 3150 antequam

792 3163 1028 3217 virtutes
1067 3163 1337 3234 angelicas
1396 3163 1725 3219 condidisset
1797 3178 2088 3236 antequam
2171 3179 2383 3239 tempus

792 3253 956 3324 623
993 3254 1291 3322 temporale
1338 3255 1536 3323 aliquid
1585 3256 1911 3322 exstitisset,
1942 3260 2161 3327 plenas,
2213 3270 2379 3331 atque

793 3343 1064 3413 perfectas
1127 3344 1549 3399 immortalitatis
1616 3346 1831 3401 divitias
1879 3358 1932 3402 et
1986 3349 2171 3419 gloriae
2216 3352 2390 3421 possi-

794 3430 979 3489 debat.
1020 3432 1104 3486 Ad
1158 3434 1451 3487 creandum
1500 3435 1684 3503 igitur,
1749 3437 1891 3505 quod
1939 3454 2044 3492 non
2090 3449 2228 3506 erat,
2280 3457 2387 3497 non

795 3518 1104 3576 solitudinis
1132 3535 1255 3577 eum
1276 3562 1290 3586 ,
1318 3522 1401 3575 vel
1430 3523 1659 3593 alicujus
1707 3525 1902 3595 inopia:
1942 3530 2241 3584 necessitas
2287 3531 2389 3583 im-

795 3606 953 3674 pulit,
1005 3608 1100 3662 sed
1148 3608 1258 3662 sola
1310 3612 1543 3677 proprize
1593 3610 1895 3665 clementiae
1945 3613 2159 3669 bonitas
2190 3631 2389 3683 provo-

795 3696 957 3750 cavit.
988 3695 1099 3750 Nec
1138 3698 1456 3751 beatitudini
1494 3694 1608 3765 ejus
1643 3713 1821 3753 rerum
1862 3702 2101 3757 conditio
2137 3706 2389 3761 conferre

795 3786 997 3855 aliquid
1052 3790 1248 3857 potuit,
1297 3804 1421 3843 cum
1463 3790 1538 3843 ita
1575 3804 1671 3859 per
1709 3805 1786 3855 se,
1828 3801 1883 3846 et
1913 3793 1967 3845 in
2002 3808 2060 3848 se
2094 3796 2164 3849 sit
2198 3797 2391 3865 plenus

796 3884 959 3943 atque
986 3876 1284 3945 perfectus;
1325 3887 1385 3931 ut
1410 3892 1513 3932 nec
1550 3877 1816 3934 existente
1853 3890 2126 3947 creatura,
2157 3884 2261 3937 sibi
2292 3884 2391 3938 ali-

796 3965 926 4034 quid
983 3967 1223 4031 accedat,
1276 3982 1376 4021 nee
1422 3983 1484 4021 ea
1534 3976 1795 4035 pereunte
1842 3971 2086 4026 decedat.
2147 3992 2164 4022 ι
2196 3972 2388 4027 Omnia

797 4057 1063 4124 siquidem
1095 4056 1317 4111 ﬂumina
1367 4060 1569 4113 intrant
1602 4059 1656 4112 in
1690 4076 1856 4126 mare,
1893 4070 1946 4115 et
1982 4078 2131 4118 mare
2161 4080 2266 4119 non
2300 4079 2389 4118 re—

796 4144 997 4199 dundat
1027 4144 1225 4214 (Eccle.
1256 4146 1317 4216 ι).
1360 4166 1378 4198 ι

1403 4232 1633 4294 CAPUT
1673 4240 1780 4293 ΠΙ.

853 4341 930 4395 De
959 4341 1050 4396 Dei
1081 4345 1305 4411 simplici
1327 4385 1340 4407 ,
1369 4357 1416 4399 et
1451 4364 1577 4410 una,
1608 4350 1855 4403 distincta
1889 4361 2063 4406 tamen
2093 4355 2327 4408 omnium

1158 4430 1329 4467 rerum
1353 4418 1592 4481 sriemia,
1616 4429 1664 4471 et
1682 4420 2025 4485 providentia.

2493 1987 2653 2045 simul
2697 1984 2877 2041 omnia
2922 1977 3209 2047 conspicit,
3254 1984 3310 2029 et
3340 1968 3722 2040 conspicienda
3774 1962 4083 2033 distinguit.

2484 2078 2678 2137 Omnia
2726 2071 3117 2130 circumdando
3159 2072 3431 2138 penetrat,
3488 2070 3544 2116 et
3594 2053 3932 2129 penetrando
3976 2052 4086 2106 cir-

2484 2168 2724 2224 cumdat.
2787 2164 2928 2218 Hinc
2981 2170 3106 2224 est,
3174 2156 3319 2227 quod
3376 2152 3572 2208 Petrus
3632 2147 3708 2202 ait
3773 2140 4081 2215 apostolus:

2491 2283 2510 2315 ι
2540 2262 2719 2318 Unum
2756 2259 2862 2313 hoc
2894 2272 3000 2313 non
3031 2253 3199 2309 lateat
3238 2265 3357 2313 vos,
3386 2243 3718 2310 charissimi,
3768 2239 3896 2310 quia
3944 2249 4086 2291 unus

2485 2354 2601 2409 dies
2657 2351 2795 2420 apud
2841 2349 3035 2410 Deum,
3083 2345 3225 2399 sicut
3270 2340 3417 2396 mille
3464 2336 3627 2401 anni,
3662 2342 3716 2389 et
3747 2331 3892 2387 mille
3932 2325 4085 2391 anui,

2485 2445 2626 2499 sicut
2654 2417 2767 2493 dies
2811 2452 2949 2491 unus
2998 2434 3080 2505 (II
3110 2432 3255 2486 Patr.
3287 2430 3349 2501 ι).
3385 2449 3403 2481 ι
3460 2428 3527 2481 Et
3566 2425 3693 2494 quia
3746 2417 4084 2475 millenarius

2485 2546 2743 2589 numerus
2772 2529 3046 2601 perfectus
3078 2534 3184 2590 est,
3214 2523 3361 2578 mille
3406 2534 3578 2574 annos
3612 2516 3794 2586 posuit
3838 2510 4085 2601 prolon-

2485 2596 2849 2695 gitudine,—et
2893 2616 3205 2687 prolixitate
3254 2612 3500 2667 omnium
3550 2605 3893 2662 saeculorum.
3929 2596 4087 2654 Unde

2486 2688 2540 2769 et
2585 2712 2925 2768 Psalmista:
2976 2727 2993 2760 ι
3044 2706 3207 2769 Mille,
3262 2702 3474 2772 inquit,
3532 2698 3658 2752 anni
3714 2702 3839 2748 ante
3900 2688 4087 2746 oculos

2488 2814 2629 2867 tuos,
2680 2812 2937 2869 tanquam
2977 2797 3092 2852 dies
3128 2797 3405 2858 hesterna,
3454 2805 3575 2860 qua:
3605 2784 3868 2858 prieteriit
3908 2776 4083 2853 (Psal.

2487 2892 2745 2963 Lxxxtx);
2782 2912 2799 2944 ι
2843 2891 2969 2960 quia
2994 2887 3259 2958 quidquid
3288 2902 3318 2939 a
3348 2884 3504 2959 nobis
3527 2880 3768 2936 futurum
3798 2880 4076 2943 exspecta-

2490 2997 2596 3050 tur,
2631 2984 2741 3053 jam
2770 2985 2881 3037 Deo
2912 2996 3007 3051 per
3039 2978 3221 3034 omnia
3278 2983 3490 3039 notum,
3541 2970 3696 3041 quasi
3748 2964 4086 3037 praeteritum

2488 3088 2607 3129 esse.
2632 3072 2963 3127 decernitur.
3012 3070 3106 3123 Est
3158 3066 3332 3129 enim,
3379 3064 3523 3119 sicut
3570 3063 3686 3130 ipse
3713 3059 3779 3113 de
3823 3072 3882 3111 se
3919 3054 4083 3109 dicit:

2497 3184 2515 3215 ‹
2568 3163 2738 3234 Alpha
2783 3172 2839 3216 et
2890 3160 3121 3232 Omega,
3179 3157 3392 3211 initium
3438 3164 3493 3208 et
3540 3153 3662 3206 linis
3714 3150 3897 3220 (Apoc.
3942 3144 4003 3217 ι).
4065 3163 4083 3195 ι

2492 3255 2560 3309 Ει
2610 3266 2711 3323 per
2754 3252 3071 3322 prophetam
3119 3267 3133 3302 ε
3171 3268 3187 3300 t
3238 3250 3378 3302 Ante
3409 3260 3509 3301 ‘mc
3552 3258 3659 3298 non
3703 3250 3788 3297 est
3826 3239 4092 3293 formatus

2493 3345 2680 3408 Deus,
2732 3340 2900 3411 625
2948 3348 3003 3393 et
3045 3348 3165 3408 post
3213 3351 3300 3390 me
3349 3349 3455 3389 non
3502 3334 3609 3386 erit
3659 3330 3795 3395 (lsa.
3845 3327 4023 3397 xun).
4062 3345 4079 3379 ι

2492 3436 2648 3490 Enim
2676 3449 2826 3497 vero,
2859 3431 2986 3500 quia
3026 3431 3081 3483 in
3122 3434 3376 3496 supremo
3422 3440 3605 3480 rerum
3648 3422 3853 3478 vertice
3901 3416 4090 3474 ineﬂ‘a-

2491 3526 2676 3581 biliter
2723 3522 3157 3593 supereminens,
3192 3518 3350 3588 quasi
3397 3517 3631 3587 quodam
3704 3508 4091 3583 profunditatis

2492 3626 2548 3671 et
2586 3612 2778 3668 aeterni
2810 3611 3020 3665 consilii
3049 3610 3131 3663 sui
3168 3607 3375 3662 circulo
3405 3622 3511 3661 non
3544 3604 3705 3659 modo
3730 3610 3924 3657 cuncta
3953 3610 4092 3654 tem-

2492 3718 2685 3772 porum
2724 3700 2924 3768 spatia,
2956 3698 3051 3753 sed
3082 3706 3137 3753 et
3166 3698 3315 3760 loca,
3345 3705 3402 3749 et
3426 3694 3710 3749 universas
3741 3688 4092 3760 amplectitur

2492 3800 2774 3843 creaturas
2794 3828 2806 3851 ,
2838 3796 2893 3841 et
2919 3788 3035 3841 haec
3071 3785 3254 3838 omnia
3284 3799 3394 3838 uno
3449 3780 3928 3850 contemplationis
3952 3775 4089 3842 ictu,

2492 3896 2556 3934 ac
2586 3879 2815 3947 Simplici
2844 3892 3062 3945 semper
3101 3883 3347 3944 aspectat
3387 3874 3619 3937 intuitu;
3656 3887 3764 3926 non
3816 3869 4090 3924 immerito

2490 3972 2640 4026 solus
2666 3979 2881 4040 potens,
2920 3967 3066 4023 so'us
3093 3976 3353 4029 aeternus,
3385 3964 3532 4020 solus
3563 3963 3765 4018 dicitur
3810 3957 4089 4016 immorta-

2490 4064 2575 4117 lis.
2626 4060 2779 4116 Unde
2830 4068 2883 4113 et
2913 4058 3201 4127 Apostolus
3229 4076 3241 4111 :
3274 4076 3290 4107 ι
3324 4055 3482 4125 Regi,
3537 4054 3739 4122 inquit,
3766 4050 4090 4108 surculorum

2492 4151 2786 4206 immortali
2833 4158 2889 4203 et
2938 4147 3219 4213 invisibili,
3268 4147 3369 4201 soli
3396 4146 3507 4201 Deo
3534 4145 3712 4199 honor
3761 4152 3815 4197 et
3840 4142 4008 4214 gloria
4036 4140 4089 4211 (1

2493 4242 2628 4295 Tim.
2666 4243 2727 4311 ι).
2763 4260 2780 4293 ι
2836 4242 2901 4294 Et
2928 4240 3106 4293 idem:
3159 4260 3176 4289 ι
3211 4238 3436 4302 Beatus,
3466 4245 3521 4291 et
3562 4235 3712 4289 solus
3754 4243 3946 4303 potens
3971 4232 4089 4287 Rex

2488 4350 2700 4404 regum,
2725 4344 2780 4388 et
2813 4332 3070 4387 Dominus
3117 4329 3540 4391 dominantium,
3587 4327 3679 4396 qui
3730 4325 3881 4381 solus
3924 4323 4092 4379 habet

2490 4423 2959 4477 immortalitatem
2986 4461 3002 4485 ,
3050 4428 3103 4474 et
3148 4420 3322 4474 lucem
3368 4419 3580 4473 habitat
3628 4413 4087 4476 iuaccessibilem,

871 4498 963 4553 Est
996 4500 1151 4601 plane
1179 4502 1460 4614 Deosicut
1496 4516 1825 4561 coaeteruutn
1866 4512 2047 4564 omnia
2093 4528 2271 4582 posse,
2308 4515 2389 4570 sic
2416 4556 2464 4614 Β
2492 4529 2653 4582 quem
2701 4528 2861 4567 nemo
2907 4510 3188 4565 hominum
3223 4508 3379 4572 vidit,
3414 4522 3515 4562 nec
3543 4505 3729 4560 videre
3776 4511 3955 4573 potest
4000 4499 4088 4577 (II

797 4597 853 4645 et
882 4591 1061 4643 omnia
1091 4607 1268 4656 nosse,
1290 4593 1539 4664 idemque
1564 4612 1775 4667 semper
1802 4600 2056 4655 existere.
2087 4602 2141 4655 lu
2167 4604 2257 4657 illo
2287 4606 2387 4659 ita-

798 4690 904 4746 que
933 4691 1145 4731 summo
1179 4695 1358 4733 rerum
1390 4684 1610 4737 cardine
1641 4696 1957 4741 naturarum
1996 4692 2237 4745 omnium
2260 4692 2386 4760 jura

798 4764 1148 4836 dispensans,
1179 4770 1255 4823 sic
1292 4773 1472 4825 omnia
1508 4783 1770 4843 tempora,
1805 4778 2075 4844 praeterita
2112 4779 2380 4847 videlicet,

799 4859 1083 4931 prmsentia
1124 4870 1179 4915 et
1222 4860 1426 4928 futura,
1477 4863 1614 4917 intra
1664 4881 1775 4918 sua:
1817 4868 2140 4934 provisionis
2182 4885 2381 4925 arcana

800 4948 1197 5017 complectitur,
1229 4961 1287 5005 ut
1316 4966 1416 5007 nec
1447 4970 1642 5007 novum
1675 4956 1883 5025 aliquid
1918 4959 2021 5012 sibi
2052 4961 2265 5027 penitus
2294 4976 2382 5017 ac-

798 5040 987 5105 cedat;
1021 5056 1119 5095 ncc
1148 5042 1347 5112 aliquid
1380 5045 1447 5099 ab
1477 5062 1542 5099 eo
1571 5062 1665 5114 per
1687 5064 1880 5103 cursus
1927 5061 2198 5106 momenta
2232 5069 2384 5108 rece-

801 5128 921 5192 dat;
954 5130 1048 5183 sed
1087 5147 1185 5187 nec
1211 5132 1439 5215 diversis
1475 5135 1749 5192 obtutibus
1797 5139 2007 5194 diversa
2053 5142 2380 5209 considerat,

706 5250 709 5253 η
800 5228 858 5272 ut
886 5236 1006 5273 cum
1036 5223 1264 5277 intendit
1291 5226 1601 5293 przeteritis,
1635 5238 1791 5283 vacet
1825 5245 1853 5283 a
1882 5232 2259 5299 praisentibus,
2299 5235 2384 5289 vel

799 5307 1025 5377 futuris;
1069 5322 1146 5367 tet
1175 5330 1361 5369 rursus
1394 5332 1515 5369 cum
1556 5321 1868 5385 pricsentia,
1908 5325 2020 5375 sive
2048 5322 2227 5376 futura
2256 5340 2383 5378 con-

798 5397 1024 5463 siderat,
1055 5401 1240 5455 oculos
1267 5419 1295 5454 a
1326 5406 1681 5471 praesentibus
1716 5419 1954 5473 avertat;
1995 5412 2087 5465 sed
2114 5427 2220 5465 uno
2246 5414 2380 5467 dun-

800 5496 947 5543 taxat
998 5506 1061 5545 ac
1092 5492 1316 5562 simplici
1348 5498 1781 5563 prtesentissimze
1816 5499 2115 5568 utajcstatis
2157 5504 2374 5571 intuitu,

796 5581 956 5637 simul
990 5584 1168 5637 omnia
1202 5588 1631 5655 comprehendit.
1682 5589 1864 5661 Neque
1890 5594 1991 5647 hoc
2021 5595 2263 5660 confuse,
2294 5605 2376 5650 at—

793 5687 902 5745 que
951 5675 1298 5745 inexplicate,
1337 5680 1430 5733 sed
1471 5682 1651 5736 omnia
1690 5684 1974 5745 discernit,
2029 5696 2190 5756 atque
2223 5688 2375 5757 juxta

788 5767 1185 5843 proprietatem
1224 5785 1374 5825 suam
1404 5787 1626 5845 quaeque
1676 5776 1951 5847 distinguit
2007 5778 2167 5833 Plane
2197 5782 2287 5851 qui
2326 5781 2377 5836 iu

2495 4604 2629 4657 Tim.
2652 4602 2756 4674 vt);
2798 4622 2815 4653 ι
2859 4618 2983 4654 nam
3017 4608 3069 4655 et
3100 4597 3341 4669 angelica
3372 4597 3568 4659 virtus,
3596 4596 3723 4651 licet
3750 4604 3945 4664 potens
3984 4594 4081 4657 sit,

2490 4708 2599 4747 non
2633 4701 2810 4746 tamen
2840 4706 2869 4744 a
2899 4705 2981 4756 se,
3007 4691 3099 4745 sed
3129 4690 3195 4743 ab
3221 4688 3312 4742 illo
3340 4697 3425 4741 est
3450 4702 3463 4739 :
3493 4686 3619 4740 licet
3645 4682 3966 4740 immortalis
3990 4682 4084 4749 sit,

2490 4798 2759 4852 suumque
2806 4780 3024 4834 beatum
3058 4779 3242 4832 vivere
3286 4775 3432 4830 nullo
3459 4789 3684 4845 prorsus
3711 4772 3817 4827 line
3865 4770 4089 4827 conclu-I

2488 4873 2611 4938 dat;
2666 4882 2843 4925 tamen
2890 4870 3018 4940 quia
3068 4877 3124 4922 et
3172 4868 3291 4921 loca
3336 4873 3545 4930 mutat,
3593 4873 3649 4918 et
3680 4873 3945 4931 tempora,
3977 4874 4085 4913 non

2486 4973 2756 5018 coasterna
2787 4976 2887 5015 suo
2918 4959 3146 5015 dicenda
3178 4965 3260 5012 est
3285 4955 3554 5019 Creatori,
3608 4954 3736 5023 quia
3762 4949 4087 5006 naturaliter

2488 5066 2652 5123 atque
2690 5052 3055 5107 essentialiter
3082 5058 3165 5105 est
3201 5050 3315 5119 ipsa
3344 5046 3605 5117 potentia,
3649 5046 3762 5116 ipsa
3805 5044 4087 5099 immorta-

2486 5145 2631 5209 litas,
2690 5145 2802 5215 ipsa
2853 5144 3149 5199 aeternitas.
3191 5142 3345 5197 Unde
3375 5149 3431 5196 et
3465 5139 3721 5209 Moyses:
3752 5156 3771 5189 ι
3802 5137 4084 5202 Dominus,

2486 5235 2684 5303 inquit,
2717 5234 2962 5303 regnabit
3008 5233 3061 5286 in
3092 5240 3379 5297 aeternum,
3412 5237 3467 5285 et
3499 5228 3642 5284 ultra
3675 5227 3876 5299 (Exod.
3905 5225 4022 5294 xv).
4061 5243 4079 5276 ι

2488 5325 2623 5380 Nam
2676 5336 2729 5380 ct
2777 5324 3024 5395 angelica
3071 5324 3352 5380 beatitudo
3396 5324 3554 5393 juxta
3600 5319 3927 5377 conditionis
3974 5334 4089 5373 sua:

2489 5418 2708 5471 modum
2768 5432 2873 5471 non
2928 5416 3198 5470 immerito
3246 5414 3462 5469 videtur
3510 5422 3735 5477 acterna,
3787 5425 3908 5481 qum
3952 5408 4086 5463 nulli

2483 5524 2713 5578 prorsus
2760 5508 2993 5562 termino
3022 5507 3286 5575 probatur
3334 5507 3592 5560 obnoxia.
3627 5505 3696 5559 Et
3722 5502 3921 5559 merito
3951 5500 4087 5555 dici-

2484 5610 2590 5663 tur,
2626 5601 2749 5668 quia
2785 5602 2834 5653 in
2865 5611 3128 5654 :cternum
3160 5598 3313 5665 vivit,
3357 5599 3485 5669 quia
3516 5600 3677 5653 beate
3718 5597 3904 5652 vivere
3943 5608 4084 5647 nuu-

2485 5706 2647 5761 quam
2694 5692 2908 5745 desinit.
2952 5690 3057 5745 Sed
3105 5690 3192 5743 ille
3221 5703 3333 5744 non
3374 5688 3547 5745 solum
3584 5688 3639 5743 in
3671 5695 3958 5747 aeternum,
3987 5682 4084 5737 sed

2488 5784 2541 5838 in
2570 5791 2831 5838 :etcrnaa:
2878 5792 3083 5853 regnat,
3116 5792 3169 5837 et
3200 5781 3363 5852 ultra,
3400 5782 3489 5854 qui
3523 5789 3719 5839 cuneta
3762 5778 4083 5837 stccuiorum

4830 6229 5118 6410 4
