5664 6650
0 6319 1274 6650 Ξ*-

133 0 2769 186 γ

2721 486 2783 543 8.
2819 486 3022 543 ιυετιιι
3059 486 3340 544 DAIIANI
3377 487 3527 545 OPP.
3568 486 3802 546 TOMUS
3839 489 3971 547 SEU
4011 490 4189 549 PARS
4221 494 4308 550 lli.
4335 524 4401 537 -—
4439 494 4800 556 OPUSCULA
4837 495 5068 557 VARIA.

2280 483 2383 542 007

2277 596 2547 653 volumina
2592 599 2733 654 intra
2768 600 3090 668 provisionis
3127 616 3237 657 suae
3271 603 3513 658 continet
3549 602 3840 656 sinum:et
3867 603 3917 663 Α
3945 603 4234 660 immobilia
4289 621 4502 677 semper
4551 608 4828 665 assistunt.
4877 611 4945 666 Et
4999 613 5321 670 tantumdem
5369 626 5493 676 est:

2275 701 2384 742 non
2432 696 2686 757 tanquam
2727 691 3034 758 prmterita,
3075 690 3160 746 vel
3206 691 3412 758 futura,
3451 695 3542 749 sed
3575 701 3629 746 ut
3654 709 3842 750 revera

2270 776 2578 844 praesentia,
2605 792 2809 847 suoque
2835 779 3072 848 subjecta
3103 783 3436 850 conspectui,
3486 783 3844 852 perspicacis-

2266 861 2410 915 simo
2449 865 2857 932 comprehendit
2897 869 3123 934 intuitu;
3156 871 3247 940 qui
3275 887 3384 926 sua:
3413 871 3629 927 ditionis
3671 873 3840 946 impe-

2266 947 2348 1002 rio
2399 951 2535 1020 regit
2583 956 2804 1019 omnia,
2860 957 3013 1026 cujus
3057 957 3264 1028 legibus
3310 961 3684 1029 obtemperant
3729 966 3840 1019 uni-

2264 1047 2445 1101 versa,
2480 1041 2572 1110 qui
2602 1056 2788 1097 omnes
2835 1057 3112 1101 creaturas
3155 1048 3220 1102 ad
3268 1059 3453 1103 nutum
3491 1051 3573 1104 sui
3602 1051 3839 1122 disponit

2265 1124 2510 1193 arbitrii;
2546 1130 2798 1187 omnibus
2825 1133 3038 1189 vivendi
3071 1138 3397 1203 moderatur,
3430 1149 3594 1208 atque
3640 1152 3834 1213 tempe-

2262 1221 2350 1264 rat
2378 1215 2640 1281 ordinem,
2669 1221 2911 1274 Omnium
2945 1222 3148 1277 formas
3177 1225 3480 1295 distinguit.
3511 1245 3576 1284 ac
3604 1235 3832 1301 species,

2260 1301 2538 1367 omnibus,
2569 1317 2726 1374 prout
2756 1309 2887 1374 vult,
2919 1326 3182 1382 congruas
3214 1314 3405 1370 virium
3439 1321 3624 1375 tribuit
3669 1322 3834 1378 facul-

2258 1397 2430 1457 tates;
2459 1409 2487 1448 a
2514 1411 2640 1464 quo.
2668 1407 2722 1453 et
2749 1415 2843 1468 per
2868 1417 3026 1474 quem
3057 1414 3140 1461 est
3167 1408 3428 1480 quidquid
3452 1424 3554 1482 est,
3584 1416 3700 1470 sine
3725 1431 3829 1486 quo

2255 1483 2514 1554 quidquid
2541 1497 2622 1542 est
2645 1492 2830 1559 procul
2863 1492 3023 1548 dubio
3052 1495 3184 1551 nihil
3211 1509 3314 1555 est.

2837 1580 3066 1640 CAPUT
3112 1586 3237 1643 Vill.

2767 1666 2843 1724 De
2862 1673 2960 1725 Dei
2990 1677 3297 1732 aternitate.

2317 1747 2680 1847 qmnipotenti
2719 1758 2900 1829 itaque
2939 1762 3047 1820 Deo
3095 1783 3199 1821 non
3240 1780 3322 1824 est
3358 1771 3474 1828 heri
3499 1814 3516 1840 ,
3547 1777 3632 1832 vel
3678 1795 3822 1847 cras,

2243 1839 2340 1930 sed
2370 1840 2526 1898 hodie
2553 1850 2953 1918 sempiternum,
2992 1859 3076 1909 cui
3110 1859 3240 1912 nihil
3272 1862 3474 1930 deﬁnit,
3502 1839 3641 1923 nihil
3667 1839 3818 1927 accc;

3949 709 3969 744 ι
4021 693 4289 750 Dederunt
4339 696 4391 750 in
4443 712 4624 760 escam
4673 712 4845 754 meam
4891 699 4961 756 fel
5021 699 5188 772 (Prol.
5231 707 5432 777 uvnt),
5473 728 5490 763 ι

3942 796 4197 852 quantum
4218 796 4269 840 et
4294 787 4530 853 dabunt;
4559 797 4612 843 et
4645 789 4784 844 idem
4815 801 4937 846 est:
4973 810 4991 843 ι
5031 792 5296 852 Foderunt
5319 813 5496 856 manus

3940 885 4089 926 meas
4116 881 4168 926 ct
4207 877 4370 943 pedes
4401 893 4549 932 meos
4579 875 4750 948 (Prol.
4779 883 4916 949 ut),
4959 899 4977 932 ι
5003 883 5144 951 quod
5172 883 5388 941 fndient.

4007 962 4122 1017 1am
4157 965 4336 1035 itaque
4366 971 4580 1022 veniant
4613 984 4958 1038 supervacuae
4985 975 5290 1042 quaestionis
5318 985 5494 1033 aucto-

3937 1063 4044 1113 res,
4077 1052 4182 1106 imo
4210 1054 4299 1123 qui
4342 1071 4719 1123 perversorum
4758 1060 5066 1130 dogmatum
5117 1065 5356 1120 nituntur
5383 1082 5492 1126 esse

3933 1139 4189 1206 cultores,
4219 1151 4275 1198 et
4313 1145 4527 1200 dicant:
4556 1146 4805 1216 Nunquid
4853 1159 5030 1218 potest
5074 1151 5211 1206 Deus
5236 1169 5406 1223 agere,
5438 1164 5492 1212 nt

3933 1242 4051 1295 qua:
4077 1227 4213 1284 facta
4247 1241 4372 1286 sunt
4405 1233 4546 1287 facta
4577 1249 4682 1288 non
4715 1234 4943 1292 fuerint?
4971 1237 5174 1304 Quibus
5207 1255 5302 1308 ego
5327 1241 5490 1310 prima

3930 1313 4107 1370 fronte
4135 1319 4449 1388 respondeo,
4484 1321 4608 1390 quia
4645 1323 4748 1378 hoc
4780 1339 4882 1377 non
4917 1336 5020 1390 est,
5051 1326 5170 1394 quia
5192 1328 5380 1383 divina:
5404 1330 5490 1386 bo-

3932 1405 4115 1461 nitatis
4143 1417 4226 1462 est
4268 1411 4332 1464 de
4364 1411 4534 1466 nihilo
4578 1413 4780 1482 aliquid
4823 1430 5005 1485 agere.
5053 1433 5158 1472 non
5204 1418 5268 1474 de
5319 1421 5490 1490 alith

3927 1495 4104 1564 potius
4130 1495 4262 1550 nihil
4283 1496 4526 1566 eﬂicere;
4560 1516 4680 1555 cum
4705 1504 4888 1572 utique
4907 1505 5162 1574 scriptum
5184 1507 5252 1561 sit
5280 1525 5292 1560 :
5325 1526 5342 1558 ι
5368 1507 5487 1565 0m-

3927 1582 4012 1637 nia
4051 1598 4148 1652 per
4177 1585 4348 1653 ipsum
4380 1586 4521 1644 facta
4565 1599 4710 1654 sunt,
4758 1601 4813 1646 et
4862 1593 4980 1647 sine
5023 1595 5136 1664 ipso
5179 1594 5373 1652 factum
5411 1608 5488 1655 est

3924 1673 4056 1726 nihil
4083 1674 4262 1744 (Joan.
4306 1680 4366 1744 l).
4403 1697 4422 1731 ι
4467 1679 4577 1749 Ego
4623 1682 4849 1751 probare
4896 1683 5016 1738 volo
5065 1684 5205 1753 quod
5241 1685 5380 1743 Dens
5423 1688 5484 1743 de

3923 1761 4093 1816 nihilo
4122 1761 4282 1818 faciat
4315 1767 4547 1835 aliquid;
4601 1779 4654 1822 tu
4701 1769 4984 1826 ostendere
5031 1774 5220 1828 niteris
5259 1776 5398 1844 quod
5423 1777 5486 1833 de

3921 1853 4102 1924 aliquo
4148 1854 4309 1911 faciat
4351 1859 4501 1912 nihil.
4549 1859 4656 1915 Sed
4696 1859 4830 1931 jam,
4877 1877 5080 1929 quasso,
5117 1874 5303 1920 cuncta
5333 1865 5482 1922 simul

2243 1926 2355 1992 dit;
2391 1930 2474 1983 cui
2508 1933 2639 1988 nihil
2668 1945 2748 1991 est
2771 1940 3003 2002 varium,
3034 1943 3166 1998 nihil
3207 1962 3235 2001 a
3273 1964 3330 2004 se
3356 1926 3652 2014 diversum.
3686 1926 3814 2015 "md
3845 1951 3892 2012 Β
3919 1960 4106 2001 emove
4147 1966 4158 1999 :
4196 1964 4385 2004 omnes
4446 1953 4686 2020 pestiferi
4756 1955 5028 2025 languoris
5091 1957 5339 2012 humores
5388 1960 5482 2014 sub

2245 2015 2403 2070 hodie
2432 2021 2704 2077 aeternitas
2736 2035 2818 2080 est
2847 2029 3324 2103 incommutabilis,
3358 2040 3698 2112 indefectiva,
3729 2051 3812 2104 in-

2245 2108 2595 2174 accessibilis,
2627 2114 2712 2167 cui
2739 2116 2987 2174 videlicet
3024 2123 3154 2177 nihil
3190 2126 3334 2193 addi,
3373 2131 3506 2186 nihil
3543 2108 3809 2194 valetvim-

2240 2195 2408 2249 minui
2436 2237 2449 2250 .
2475 2207 2529 2253 et
2557 2204 2735 2258 omnia
2763 2221 2882 2276 qua:
2907 2211 3047 2277 apud
3077 2228 3175 2267 nos
3199 2216 3458 2275 elabendo
3479 2223 3805 2293 discurrunt,

2237 2290 2328 2336 aut
2369 2299 2465 2353 per
2510 2297 2809 2356 temporum
2861 2297 3260 2360 vicissitudines
3308 2323 3366 2362 se
3408 2313 3634 2377 variant,
3668 2290 3809 2385 apud

2236 2369 2389 2428 illum
2416 2375 2574 2432 hodie
2598 2391 2745 2436 stant
2793 2394 2845 2439 et
2876 2387 3224 2448 immobiliter
3245 2369 3808 2465 perseverant..lttrlllo

2233 2462 2445 2567 scilicet
2472 2467 2632 2522 hodie
2656 2472 2770 2526 dies
2798 2475 2885 2531 ille
2914 2479 3091 2536 adhuc
3138 2462 3426 2543 immobilis
3459 2503 3562 2560 est,
3617 2499 3668 2550 in
3698 2462 3805 2567 quo

2233 2552 2466 2605 mundus
2510 2556 2613 2610 iste
2653 2565 2884 2631 sumpsit
2916 2569 3210 2638 originem;
3251 2575 3304 2628 in
3349 2552 3592 2646 illojam,
3627 2594 3681 2638 et
3715 2552 3805 2642 ille

2230 2641 2584 2705 nihilominus
2626 2661 2729 2719 est,
2757 2671 2864 2724 quo
2888 2659 3216 2727 judicandus
3259 2678 3341 2722 est
3372 2641 3477 2738 per.
3497 2641 3683 2730 aeterni
3717 2676 3804 2744 ju-

2228 2730 2356 2787 dicii
2398 2740 2726 2806 aequitatem.
2778 2745 2960 2816 Neque
3003 2753 3146 2806 enim
3201 2755 3254 2809 in
3288 2772 3406 2812 eam
3456 2761 3651 2830 lucem,
3683 2784 3802 2835 qua:

2226 2823 2346 2878 sine
2393 2841 2634 2896 accessu,
2685 2849 2768 2898 ea,
2819 2853 2939 2906 quae
2969 2841 3150 2911 elegit,
3199 2854 3252 2899 et
3279 2847 3546 2904 illustrat:
3588 2823 3648 2907 etv
3683 2823 3798 2910 sine

2226 2925 2445 2968 recessu
2475 2931 2556 2981 ea,
2590 2934 2708 2987 qum
2748 2927 2968 2993 respuit,
3002 2927 3224 2996 deserit,
3259 2934 3499 2992 defectus
3529 2944 3798 2998 mutabili-

2221 3003 2351 3057 tatis
2381 3008 2556 3072 venit;
2609 3012 2734 3079 quia
2774 3014 2824 3068 in
2862 3020 3150 3088 semetipso
3185 3039 3504 3091 permanens
3539 3030 3796 3087 immuta-

2218 3089 2364 3155 bilis,
2399 3099 2670 3154 mutabilia
2711 3114 2902 3160 cuncta
2935 3089 3198 3177 disponit;
3222 3115 3417 3184 Sicque
3455 3119 3506 3172 in
3535 3135 3592 3174 se
3620 3133 3795 3178 trans-

2220 3182 2408 3236 euntia
2455 3187 2734 3256 condidit,
2797 3204 2853 3248 ιιι
2905 3198 3046 3264 apud
3095 3215 3153 3254 se
3199 3182 3345 3270 quae
3376 3208 3590 3261 condita
3644 3220 3790 3278 sunt,

3915 2035 4073 2089 unius
4128 2039 4414 2092 conamine
4470 2050 4755 2096 excreatus
4807 2043 5039 2111 ell‘unde,
5091 2055 5149 2100 ut
5207 2047 5478 2118 multiplici

3912 2125 4102 2178 morbo
4140 2127 4298 2178 unius
4325 2126 4550 2181 antidoti
4575 2129 4808 2185 suﬂiciat
4837 2133 5027 2188 haustu
5051 2150 5350 2202 occurrere,
5383 2153 5478 2193 nec

3913 2214 3978 2266 ad
4003 2217 4338 2270 curationem
4367 2218 4442 2272 tui
4493 2219 4737 2286 pluribus
4765 2224 5150 2294 compellamur
5192 2229 5479 2284 confectio-

3908 2317 4035 2358 num
4090 2308 4374 2375 generibus
4429 2311 4690 2381 indigere.
4744 2315 4856 2385 Age
4905 2331 5053 2389 ergo,
5107 2320 5210 2383 dic,
5260 2337 5472 2388 qureso:

3907 2394 4092 2451 Potest
4141 2397 4317 2454 facere
4365 2401 4504 2456 Dens
4534 2403 4598 2457 de
4647 2407 4948 2473 praeteritis,
4994 2418 5052 2462 ut
5093 2411 5231 2478 quod
5269 2409 5472 2468 factum

3906 2493 3988 2538 est
4016 2501 4119 2540 non
4167 2487 4323 2542 fuerit
4369 2489 4570 2544 factum
4597 2508 4610 2555 ;
4641 2495 4721 2546 vel
4770 2494 4834 2548 de
4867 2498 5142 2563 prmsenti,
5165 2499 5305 2568 quod
5336 2517 5472 2557 nunc

3905 2582 4007 2632 est.
4035 2577 4267 2640 quandiu
4308 2586 4408 2640 est,
4442 2587 4499 2630 ut
4542 2593 4646 2632 non
4692 2583 4792 2645 sit;
4827 2583 4910 2636 vel
4968 2593 5026 2636 ιιι
5074 2587 5290 2641 omnino
5334 2592 5470 2657 quod

3903 2659 4143 2714 futurum
4185 2672 4284 2726 est,
4331 2674 4391 2717 ut
4436 2665 4677 2721 futurum
4728 2684 4835 2723 non
4883 2669 4988 2736 sit;
5028 2674 5108 2726 vel
5145 2690 5326 2730 rursus
5361 2676 5470 2734 haec

3903 2749 4082 2802 omnia
4110 2765 4205 2819 per
4229 2755 4603 2809 contrarium?
4629 2757 4756 2823 Quae
4783 2761 4938 2815 nobis
4963 2762 5202 2830 profecto
5222 2780 5467 2822 exsecra-

3901 2835 4030 2888 tioni
4059 2839 4236 2906 potius
4263 2840 4512 2895 videntur
4547 2859 4667 2898 esse
4701 2848 4953 2902 tradenda
4987 2865 5144 2918 quam
5191 2852 5346 2921 stylo.
5379 2854 5468 2909 Dic

3899 2925 4055 2988 mihi,
4091 2938 4321 2981 versuta:
4369 2933 4681 2998 qnmstionis
4719 2933 4976 3000 objector,
5004 2940 5182 2994 credis
5225 2942 5382 2995 etiam
5415 2951 5467 2996 tu

3899 3012 4021 3080 quia
4067 3015 4322 3084 quidquid
4374 3018 4512 3072 Deus
4560 3019 4688 3074 facit
4742 3022 4937 3076 bonum
4987 3035 5091 3085 est.
5136 3035 5292 3096 atque
5335 3031 5463 3083 adeo

3899 3101 4098 3170 aliquid
4125 3115 4223 3169 est,
4259 3117 4311 3158 et
4339 3108 4595 3176 quidquid
4626 3109 4712 3162 ille
4740 3127 4842 3164 non
4872 3111 4997 3166 facit
5025 3115 5154 3169 nihil
5183 3117 5292 3170 est?
5321 3118 5458 3173 Audi

3900 3187 4234 3259 Scriptorum
4268 3211 4280 3246 :
4318 3212 4336 3244 ι
4375 3197 4540 3260 Vidit,
4581 3197 4774 3265 inquit,
4807 3201 4945 3254 Deus
4969 3213 5158 3256 cuncta
5185 3220 5301 3272 qua:
5329 3205 5462 3261 face.

2222 3277 2458 3335 "ausim
2497 3294 2834 3351 nequaquam
2878 3291 3101 3355 possim
3145 3293 3252 3348 Nec
3296 3305 3504 3366 ,empus
3545 3302 3689 3359 intus
3737 3305 3789 3361 in
3820 3296 3863 3356 ς
3897 3287 3997 3340 rat,
4038 3289 4091 3332 et
4119 3290 4276 3333 erant
4311 3282 4464 3335 valde
4494 3283 4630 3336 bona
4674 3283 4821 3354 (Gen.
4853 3294 4911 3355 t).
4953 3307 4970 3338 ι
5002 3289 5057 3343 Et
5090 3290 5252 3344 illud:
5287 3312 5303 3343 ι
5338 3290 5460 3348 Sine

2218 3374 2508 3431 conspectu
2557 3368 2671 3434 ejus
2717 3373 2937 3440 deﬂuit,
2991 3381 3130 3446 quod
3179 3386 3317 3452 apud
3370 3403 3466 3442 nos
3518 3391 3645 3447 foris
3694 3411 3790 3463 per

2213 3450 2378 3540 625
2405 3457 2672 3514 exteriora
2714 3461 2968 3522 decurrit.
3019 3468 3166 3525 Unde
3208 3450 3266 3526 fit
3303 3486 3357 3530 ut
3399 3479 3451 3531 in
3487 3450 3789 3540 :eternil-nte

2213 3537 2334 3607 ejus
2365 3544 2538 3595 omnia
2577 3545 2678 3600 lixa
2710 3564 3078 3619 permaneant,
3129 3577 3247 3628 quin
3289 3581 3392 3618 non
3449 3568 3550 3621 lixa
3585 3574 3789 3626 extrin-

2213 3641 2374 3680 secus
2423 3633 2736 3690 sarculorunt
2782 3642 3046 3698 volumina
3096 3648 3462 3708 indesinenter
3509 3672 3780 3718 emanant.

2211 3711 2324 3768 Deo
2350 3718 2545 3787 quippe
2582 3723 2696 3778 dies
2728 3742 2830 3781 una
2862 3738 2942 3782 est
2990 3736 3261 3790 aeternitas
3307 3755 3425 3806 sna,
3452 3760 3607 3812 quam
3639 3751 3783 3804 vide-

2209 3805 2334 3859 licet
2364 3807 2523 3872 diem,
2562 3828 2659 3868 nec
2695 3816 2800 3871 line
2831 3820 3024 3886 claudi,
3067 3839 3164 3877 nec
3206 3827 3357 3881 initio
3406 3805 3545 3888 videt
3586 3841 3779 3905 aperiri

2207 3888 2487 3951 PSaImista
2516 3939 2532 3964 ,
2578 3916 2697 3956 cum
2755 3905 2884 3959 dicit
2919 3927 2930 3961 :
2971 3930 2987 3961 ‹
3037 3911 3226 3968 Melior
3271 3927 3353 3971 est
3405 3919 3518 3975 dies
3569 3888 3674 3979 una
3726 3929 3779 3980 in

2207 3983 2362 4036 atriis
2394 3988 2496 4040 luis
2524 4004 2684 4059 super
2718 3995 2882 4048 millia
2912 3997 3078 4066 (Psal.
3097 4008 3303 4073 uxxt).
3327 4027 3343 4056 ι
3363 4008 3497 4073 Quid
3522 4025 3604 4066 est
3631 4030 3778 4086 ergo,

2206 4075 2350 4141 quod
2379 4076 2464 4131 ille
2490 4095 2592 4132 non
2617 4083 2790 4138 valeat
2835 4087 2901 4141 de
2944 4093 3227 4156 prmteritis
3253 4099 3502 4154 omnibus
3531 4105 3611 4158 vel
3641 4075 3781 4161 iniu;

2206 4164 2304 4223 ris.
2337 4167 2425 4231 qui
2452 4168 2698 4226 videlicet
2724 4177 2903 4229 omnia
2945 4179 3104 4245 facta,
3134 4185 3213 4237 vel
3255 4187 3493 4244 facienda
3525 4194 3641 4248 sine
3674 4199 3778 4253 ullo

2209 4257 2436 4310 transitu
2453 4261 2650 4331 deligit,
2666 4275 2717 4317 et
2739 4269 2926 4321 statuit
2952 4272 3001 4322 in
3017 4288 3126 4326 sua:
3146 4280 3428 4344 prmsentia
3455 4283 3778 4351 maiestatis?

2205 4343 2300 4400 Cui
2325 4351 2563 4417 profecto
2577 4365 2628 4408 et
2651 4357 2774 4412 illud
2801 4371 3008 4430 tempus
3026 4343 3433 4425 intransibiliter
3448 4343 3616 4439 adest,
3635 4381 3773 4446 quod

2206 4449 2268 4488 ea
2288 4451 2406 4506 quce
2437 4439 2570 4495 facta
2595 4456 2722 4499 sunt
2746 4455 3116 4514 anteeessit,et
3139 4458 3264 4511 illud
3286 4476 3391 4528 quo
3413 4476 3602 4518 cuncta
3626 4468 3773 4521 dein-

2201 4540 2330 4595 ceps
2352 4527 2528 4585 futura
2559 4537 2848 4592 concludit.
2875 4541 3006 4597 Hinc
3028 4556 3110 4598 est
3137 4549 3278 4602 enim
3303 4527 3442 4619 quod
3471 4556 3520 4608 in
3544 4557 3628 4610 his
3656 4575 3772 4626 qum

3894 3367 4010 3436 ipso
4041 3367 4243 3422 laetum
4276 3380 4359 3424 est
4395 3370 4526 3424 nihil
4558 3371 4737 3440 (Joan.
4771 3374 4831 3441 t).
4875 3394 4894 3426 ι
4939 3374 5041 3429 Sed
5073 3378 5194 3446 quia
5234 3379 5334 3434 hoc
5363 3395 5459 3436 Ite-

3891 3471 4017 3526 gare
4060 3474 4162 3511 non
4206 3469 4380 3529 potes,
4435 3463 4720 3526 assentior,
4753 3463 4953 3533 inquis.
5005 3465 5081 3520 Τιι
5117 3468 5292 3538 itaque
5333 3469 5458 3526 dum

3890 3547 4086 3614 qumris
4145 3562 4306 3601 unam
4353 3551 4704 3619 eamdemque
4756 3568 4864 3607 rem
4910 3565 4964 3608 et
5017 3551 5195 3620 fuisse,
5247 3569 5299 3612 et
5351 3574 5456 3614 non

3887 3629 4079 3698 fuisse;
4117 3650 4256 3699 esse,
4287 3646 4342 3691 et
4371 3655 4473 3692 non
4506 3653 4654 3703 esse;
4689 3641 4923 3695 futuram
4964 3659 5102 3708 esse,
5143 3655 5194 3699 et
5226 3645 5456 3702 futuram

3886 3741 3989 3778 non
4019 3743 4169 3792 esse;
4205 3729 4392 3781 niteris
4419 3730 4661 3798 profecto
4692 3746 4914 3800 qumque
4939 3734 5077 3788 facta
5107 3737 5184 3789 vel
5214 3735 5454 3792 facienda

3881 3817 4045 3886 626
4082 3816 4434 3881 confundere,
4459 3830 4511 3872 et
4538 3821 4678 3875 inter
4722 3838 4840 3875 esse
4877 3833 4930 3876 et
4967 3841 5072 3878 non
5115 3842 5232 3880 esse
5261 3836 5450 3882 nutan-

3884 3905 3956 3956 tia
4010 3906 4402 3961 demonstrare.
4465 3907 4617 3973 Quod
4666 3921 4811 3965 certe
4863 3928 5043 3965 rerum
5098 3925 5286 3968 natura
5345 3932 5451 3971 non

3883 3994 4065 4047 habet.
4094 3994 4235 4048 Nihil
4263 3998 4405 4049 enim
4458 3999 4617 4051 simul
4665 4011 4840 4068 potest
4881 4018 5000 4056 esse
5049 4015 5100 4057 et
5151 4021 5253 4058 non
5297 4022 5447 4072 esse;

3880 4083 3971 4135 sed
3997 4084 4136 4150 quod
4160 4085 4210 4136 in
4245 4099 4422 4138 rerum
4458 4095 4647 4139 natura
4680 4104 4781 4140 non
4803 4099 4902 4150 est,
4933 4091 5113 4158 procul
5137 4093 5293 4148 dubio
5317 4095 5447 4150 nihil

3877 4184 3979 4225 est.
4010 4170 4217 4236 Quaeris
4239 4189 4364 4241 ergo
4385 4188 4413 4224 a
4433 4175 4562 4236 Deo,
4585 4175 4750 4230 durus
4771 4189 5010 4241 exactor,
5043 4190 5099 4233 ut
5125 4181 5282 4235 faciat
5306 4183 5446 4250 quod

3877 4275 4033 4314 suum
4064 4279 4166 4317 non
4193 4273 4293 4326 est,
4329 4264 4431 4318 hoc
4478 4273 4561 4318 est
4607 4267 4754 4319 nihil.
4809 4269 4911 4323 Sed
4957 4286 5083 4325 ecce
5118 4274 5442 4340 evangelista

3876 4359 4060 4404 contra
4115 4360 4164 4404 te
4195 4362 4333 4415 stat,
4381 4353 4602 4408 dicens:
4638 4355 4774 4419 Quia
4821 4360 4932 4412 sine
4978 4361 5087 4429 ipso
5131 4365 5322 4428 factum
5369 4372 5444 4417 ut

3877 4437 4007 4489 nihil
4037 4455 4048 4466 ·
4079 4439 4218 4493 Deus
4243 4441 4418 4494 adhuc
4451 4457 4556 4496 non
4594 4445 4778 4497 didicit
4822 4445 4998 4501 facere
5034 4449 5180 4501 nihil.
5215 4450 5288 4503 Tu
5317 4465 5439 4505 eum

3874 4526 4109 4597 dot-e,et
4143 4530 4372 4597 praecipe
4426 4539 4478 4582 ut
4533 4533 4624 4585 tibi
4671 4531 4835 4588 faciat
4876 4537 5026 4589 nihil.
5076 4538 5259 4595 Adhuc
5293 4549 5436 4607 peto,

2203 4618 2515 4683 pmphetico
2563 4627 2751 4693 spiritu
2800 4630 2939 4684 dicta
2996 4645 3120 4688 sunt
3165 4638 3218 4689 in
3273 4618 3583 4708 scripturis,
3630 4618 3769 4714 saepe
3801 4625 3848 4684 D
3877 4618 4246 4714 ’ξδυοηξηθεῇε
4284 4618 4440 4672 credi

3196 4653 3218 4689 rt
3273 4618 3583 4708 scripturis,
3630 4618 3769 4714 sipo
3801 4625 3848 4684 D
3877 4618 4246 4714 ’ξεροηςιοειξε
4284 4618 4492 4681 Credis,
4524 4635 4722 4714 quiteso,
4758 4632 4812 4676 et
4855 4625 4995 4692 quod
5043 4624 5303 4693 Propheta
5340 4642 5433 4680 can

2205 4711 2546 4772 reperiuntur
2569 4720 2837 4782 praeterita
2867 4736 2962 4789 pro
3003 4723 3193 4779 futuris
3219 4730 3364 4796 poni,
3390 4740 3442 4784 et
3473 4733 3627 4803 longe
3653 4749 3774 4804 post

2202 4799 2406 4862 agenda
2439 4803 2576 4856 velut
2603 4803 2711 4870 jam
2761 4817 3029 4866 transacta
3069 4819 3298 4870 narrari.
3343 4820 3489 4874 Unde
3518 4833 3598 4876 est
3629 4828 3768 4892 quod

2199 4897 2459 4952 passurus
2511 4906 2606 4957 per
2655 4900 2964 4965 prophetam
3017 4903 3271 4959 Dominus
3317 4911 3387 4961 ait
3432 4931 3443 4963 :
3489 4931 3506 4962 ι
3564 4914 3768 4985 Corpus

2196 4990 2378 5029 incum
2409 4980 2525 5034 dedi
2555 4989 2994 5054 percutientibus,
3038 5003 3090 5047 et
3130 5012 3294 5064 genas
3340 5014 3483 5054 meas
3520 5005 3763 5058 vellenti-

2198 5063 2329 5128 bus,
2364 5068 2550 5125 faciem
2588 5091 2758 5131 meam
2801 5095 2906 5135 non
2944 5087 3110 5138 averti
3136 5063 3139 5064 ν
3163 5087 3230 5140 ab
3281 5088 3676 5159 increpantibus
3713 5106 3765 5150 et

2198 5163 2614 5224 conspuentibus
2656 5169 2711 5220 in
2751 5186 2834 5223 me
2863 5173 2995 5241 (1.5a.
3049 5176 3120 5246 ι).
3155 5198 3170 5229 ι
3205 5178 3627 5236 Resnrreeturns
3669 5203 3762 5239 an-

2198 5251 2304 5298 tem
2328 5263 2338 5296 :
2361 5267 2375 5295 ι
2398 5247 2773 5319 Resurrexi,et
2802 5262 2974 5314 adhuc
2996 5279 3110 5318 sum
3133 5274 3306 5321 tecum
3332 5269 3501 5338 (Psal.
3527 5273 3711 5342 LXVII).
3740 5294 3757 5326 ι

2196 5331 2269 5390 De
2311 5351 2600 5395 ascensuro
2649 5361 2858 5416 quoque
2909 5360 3064 5420 atque
3103 5355 3333 5425 Spiritus
3389 5363 3560 5415 sancti
3621 5364 3759 5417 dona

2195 5428 2422 5483 missuro
2471 5431 2708 5487 dicitur:
2755 5439 3108 5497 rAscendens
3153 5447 3203 5499 in
3255 5448 3440 5513 altum,
3490 5453 3760 5521 captivam'

2194 5514 2347 5568 duxit
2393 5523 2776 5590 captivitatem,
2819 5530 2965 5585 dedit
3014 5535 3148 5588 dona
3202 5537 3498 5596 hominibus
3542 5514 3756 5612 (.Ep/ies.

2194 5603 2292 5673 tv),
2336 5625 2354 5658 ι
2387 5610 2507 5676 quia
2539 5614 2774 5670 videlicet
2807 5619 2860 5671 in
2899 5621 3065 5676 oculis
3102 5624 3243 5679 illius
3284 5631 3568 5696 sapientim,
3617 5635 3756 5687 unde

2194 5706 2292 5750 ista
2327 5700 2633 5770 manabant,
2661 5711 2836 5764 omnia
2888 5721 3128 5781 tempora
3178 5718 3333 5770 simul
3368 5731 3528 5785 stant,
3576 5723 3754 5778 futura

2191 5796 2350 5862 atque
2396 5797 2686 5866 praeterita,
2739 5811 2794 5856 ut
2850 5819 3032 5861 revera
3081 5812 3386 5881 praesentia,
3444 5815 3542 5868 lixa
3595 5824 3754 5872 atauo

3875 4708 3972 4770 nit,
4004 4709 4090 4761 cui
4125 4709 4325 4763 scilicet
4355 4713 4535 4764 omnia
4563 4711 4960 4783 Scripturarum
4989 4717 5284 4770 testimonia
5309 4733 5436 4774 con-

3872 4800 4092 4853 cinunt:
4132 4817 4150 4850 ι
4189 4801 4398 4865 Omnia,
4442 4802 4631 4871 inquit,
4662 4819 4780 4871 qua
4809 4806 4972 4858 voluit
5017 4807 5288 4874 Dominus,
5310 4807 5436 4864 fecit

3869 4891 3923 4945 in
3958 4889 4092 4943 cmlo
4127 4899 4181 4943 et
4208 4891 4258 4943 in
4300 4901 4459 4953 terra,
4495 4894 4545 4945 in
4572 4895 4704 4946 mari
4737 4903 4787 4947 et
4819 4895 4868 4946 in
4890 4895 5135 4949 omnibus
5151 4898 5386 4966 abyssis?
5409 4919 5427 4951 ι

3871 4977 4046 5049 (Ρδαι.
4098 4983 4338 5048 cxxxrv.)
4395 4981 4501 5035 Sed
4551 4983 4649 5035 hoc
4694 4983 4852 5036 etiam
4907 4999 4938 5036 ιι
5008 4993 5057 5038 le
5101 4988 5280 5055 negari
5326 5002 5430 5042 non

3870 5083 4026 5136 posse
4059 5069 4395 5124 manifestum
4428 5080 4526 5124 est.

3939 5181 4070 5233 Cum
4099 5197 4226 5251 ergo
4253 5183 4396 5236 Deus
4419 5183 4597 5236 omnia
4619 5186 4805 5252 possit,
4830 5201 4924 5241 cur
4952 5188 5232 5243 addubitas
5263 5189 5430 5244 Deum

3868 5268 3966 5322 hoc
3999 5286 4102 5323 non
4135 5285 4310 5337 posse,
4340 5283 4394 5324 ut
4421 5273 4618 5341 aliquid
4648 5275 4803 5328 simul
4835 5277 4902 5330 sit
4931 5288 4982 5332 et
5007 5294 5108 5333 non
5135 5280 5223 5341 sit,
5254 5281 5295 5333 si
5328 5281 5431 5335 hoc

3867 5359 3977 5412 lieri
4010 5361 4204 5414 bonum
4247 5361 4363 5414 est?
4400 5361 4565 5417 Porro
4614 5366 4655 5417 si
4703 5367 4888 5420 inutile
4913 5377 5012 5427 est.
5045 5384 5128 5421 res
5166 5371 5428 5436 quaslibet

3865 5450 4003 5504 inter
4033 5468 4150 5506 esse
4198 5462 4382 5507 etnon
4432 5471 4548 5508 esse
4595 5457 4868 5522 confundi,
4919 5458 5053 5512 Deus
5097 5470 5271 5514 autem
5321 5475 5425 5516 nan

3865 5539 4088 5604 inutilia,
4146 5543 4238 5595 sed
4282 5542 4415 5596 bona
4465 5545 4642 5598 omnia
4690 5545 4842 5610 fecit;
4885 5549 4991 5602 imo
5021 5550 5062 5602 si
5096 5549 5286 5602 malum
5318 5560 5422 5612 est,

3863 5645 3922 5683 ac
3949 5648 4040 5699 per
4078 5635 4175 5686 hac
4213 5635 4341 5686 nihil
4373 5645 4474 5688 est.
4521 5635 4631 5688 Hoc
4679 5635 4818 5690 Deus
4865 5638 5081 5690 omnino
5125 5654 5226 5691 non
5259 5639 5418 5692 facit-z

3867 5742 3882 5771 ι
3922 5723 4050 5786 Quia
4103 5723 4216 5775 sine
4246 5724 4358 5793 ipso
4406 5723 4602 5778 factum
4650 5735 4728 5779 est
4783 5726 4912 5780 nihil
4943 5712 5118 5796 (joan.
5160 5730 5218 5797 ι).
5259 5749 5276 5779 ι
5310 5727 5422 5781 Huc

3860 5815 4083 5881 accedit,
4119 5816 4238 5885 quia
4274 5816 4514 5871 voluntas
4556 5818 4746 5871 summi
4774 5827 4823 5871 et
4869 5819 5241 5887 omnipotentis
5271 5817 5420 5889 opill-
