5664 6598
776 419 882 479 θος

1620 405 1863 465 OPUSC.
1904 401 2143 460 XXXVI.
2184 430 2251 439 —
2291 397 2381 452 DF.
2421 390 2656 450 DlVlNA
2696 386 3237 446 OMNIPOTENTIA.

3958 392 4067 450 810

781 530 861 583 τε,
895 534 1005 582 tam
1047 526 1237 583 eme“
1266 537 1430 590 me”
1467 530 1554 579 εει
1583 521 1836 575 omnibus
1879 518 2042 573 rebus
2084 512 2375 569 esistendi,
2406 518 2452 578 Α
2481 518 2643 574 quam
2677 508 2745 559 ad
2772 510 3017 556 extrema
3064 500 3373 561 deveniunt.
3429 507 3556 555 tunc
3583 499 3718 555 nihil
3760 499 3929 569 nant;
3976 506 4071 561 sed

782 618 869 673 vel
894 633 998 672 non
1027 614 1319 679 existendi,
1342 623 1401 668 ut
1431 611 1573 681 quod
1618 610 1709 663 ille
1752 609 1868 663 vult
1895 621 2037 671 esse,
2072 619 2177 659 non
2206 601 2376 672 possit

783 726 891 765 non
919 724 1060 772 esse,
1092 717 1147 763 et
1177 706 1318 776 quod
1365 718 1473 758 non
1513 703 1627 756 vult
1672 713 1811 763 esse,
1864 712 1971 752 non
2017 696 2195 750 valeat
2233 707 2373 748 esse.

782 796 971 853 Virtus
988 798 1185 867 quippe
1213 794 1305 849 Dei
1342 792 1469 847 fecit
1499 801 1558 847 ut
1584 792 1727 862 quod
1770 787 2053 844 constituit
2079 799 2222 849 esse,
2261 782 2374 851 jam

782 903 892 943 non
941 890 1116 941 vatem
1167 901 1276 940 non
1322 883 1520 948 fuisse;
1577 893 1631 935 et
1675 877 1817 949 quod
1861 876 2144 932 constituit
2187 873 2374 937 fuisse,

784 981 1020 1051 quandiu
1052 987 1154 1043 est,
1188 992 1292 1031 non
1318 977 1496 1030 valeat
1524 987 1627 1027 non
1658 986 1812 1034 esse;
1843 978 1897 1024 et
1922 968 2065 1037 quod
2094 964 2379 1021 constituit

783 1083 908 1125 esse
951 1068 1212 1130 futurum,
1254 1066 1367 1133 jam
1419 1080 1522 1119 non
1566 1061 1744 1116 valeat
1786 1059 2029 1112 futurum
2076 1070 2181 1109 non
2233 1068 2375 1107 esse.

790 1155 945 1214 Unde
982 1171 1112 1227 ergo
1142 1157 1235 1211 Dei
1281 1156 1450 1209 virtus
1500 1152 1776 1221 potentior
1817 1158 1874 1204 et
1914 1146 2214 1201 mirabilior
2260 1157 2381 1198 esse

784 1246 1156 1318 perpenditur,
1205 1244 1329 1299 inde
1368 1258 1397 1296 a
1439 1243 1603 1297 stulte
1637 1238 1974 1310 sapientibus
2012 1238 2065 1291 in
2095 1251 2194 1289 suo
2223 1248 2381 1304 posse

787 1337 1022 1393 invalida
1064 1334 1384 1403 iudicetur?
1439 1332 1530 1387 Sic
1560 1333 1703 1386 enim
1744 1329 2002 1399 quidquid
2026 1336 2130 1392 est,
2164 1326 2233 1379 ab
2262 1326 2379 1395 ipso

785 1436 894 1484 est.
941 1427 1059 1499 lpse
1112 1425 1274 1479 rebus
1321 1424 1468 1478 hanc
1510 1424 1618 1475 vim
1675 1418 1979 1475 existentla:
2018 1415 2267 1478 contulit,
2321 1424 2380 1468 ut

788 1528 1077 1587 postquam
1136 1512 1305 1568 semel
1368 1511 1718 1573 exstiterint,
1772 1524 1881 1562 non
1941 1506 2218 1561 exstitisse
2271 1519 2378 1559 non

791 1605 1026 1677 possint.

1401 1693 1629 1749 CAPUT
1666 1692 1760 1747 IX.

863 1802 1017 1872 Quod
1047 1803 1188 1858 mala
1220 1802 1441 1857 dicenda
1488 1813 1609 1882 sunt
1642 1802 1813 1871 potius
1859 1817 1959 1855 non
1999 1817 2109 1856 esse
2148 1817 2306 1871 quam

1465 1882 1706 1926 existere.

862 1960 999 2018 Mala
1044 1970 1222 2016 autem
1262 1962 1551 2032 qntelibet,
1603 1963 1743 2017 sicut
1786 1968 1914 2016 sunt
1962 1961 2281 2030 iniquitates
2328 1970 2385 2016 et

790 2056 1019 2121 scelera,
1049 2060 1213 2113 etiam
1254 2074 1377 2113 cum
1405 2060 1656 2113 videntur
1676 2072 1818 2124 esse,
1860 2073 1965 2111 non
2006 2066 2167 2121 sunt,
2199 2058 2323 2126 quia
2354 2072 2384 2112 a

791 2147 907 2205 Deo
930 2161 1033 2201 non
1055 2156 1204 2210 sunt,
1233 2162 1297 2201 ac
1320 2156 1605 2215 propterea
1629 2146 1764 2201 nihil
1790 2156 1950 2210 sunt;
1980 2146 2106 2216 quia
2135 2146 2387 2200 videlicet

790 2237 938 2294 Deus
988 2239 1212 2294 omnino
1258 2255 1367 2294 non
1399 2240 1547 2306 fecit,
1598 2240 1716 2295 sine
1742 2254 1851 2309 quo
1888 2240 2089 2296 factum
2130 2247 2215 2294 est
2250 2237 2387 2293 nihil

793 2326 979 2401 (locu.
1010 2328 1071 2399 ι).
1104 2329 1443 2400 Quapropter
1477 2331 1523 2385 si
1573 2331 1701 2401 quid
1751 2332 1878 2387 boni
1930 2331 2129 2387 factum
2182 2340 2268 2386 est
2317 2332 2386 2388 ab

794 2416 1124 2483 hominibus,
1153 2422 1380 2490 perdere
1411 2437 1567 2476 suum
1597 2437 1719 2477 esse
1764 2434 1820 2477 et
1851 2422 2019 2478 fuisse
2048 2439 2153 2478 non
2184 2432 2383 2493 potest,

790 2507 920 2577 quia
949 2522 1083 2578 Opus
1107 2509 1200 2565 Dei
1224 2520 1324 2573 est,
1354 2512 1567 2566 etiamsi
1603 2528 1699 2582 per
1743 2514 1987 2568 homines
2033 2513 2235 2568 factum
2282 2522 2384 2569 est.

794 2595 951 2654 Unde
974 2601 1230 2669 propheta
1274 2601 1451 2657 dicit:
1492 2620 1511 2653 ι
1551 2602 1747 2657 Omnia
1792 2603 1937 2657 enim
1988 2618 2153 2672 opera
2202 2614 2388 2658 nostra

792 2700 1047 2759 operatus
1093 2706 1153 2745 es
1203 2692 1256 2746 in
1308 2693 1463 2748 nobis
1508 2693 1648 2763 (lsa.
1713 2696 1887 2764 xxvi).
1920 2713 1939 2745 ι
1968 2696 2162 2749 Omnia
2190 2694 2389 2764 quippe

792 2777 937 2831 bOna
975 2788 1029 2832 et
1078 2778 1171 2833 Dci
1220 2790 1348 2834 sunt
1387 2792 1442 2836 et
1482 2792 1691 2848 nostra,
1723 2782 1979 2851 quoniam
2015 2783 2103 2839 ille
2132 2794 2390 2853 operatur

794 2864 854 2919 in
880 2866 1051 2932 nobis,
1078 2868 1168 2937 qui
1192 2867 1442 2924 effectum
1470 2872 1659 2927 tribuit
1680 2875 1962 2943 operandi.
1994 2875 2061 2929 Et
2091 2874 2344 2932 Salomon
2371 2895 2384 2929 :

803 2971 822 3005 ι
854 2954 911 3009 ιη
944 2972 1102 3011 manu
1129 2957 1289 3024 illius,
1325 2961 1517 3030 inquit,
1546 2972 1601 3017 et
1630 2978 1751 3027 nos,
1783 2974 1837 3017 et
1877 2980 2159 3019 sermones
2189 2968 2387 3031 nostri,

796 3055 852 3099 et
880 3048 1057 3102 omnis
1087 3050 1370 3118 sapientia,
1410 3061 1462 3106 et
1492 3068 1714 3121 operum
1749 3056 2000 3117 scientia,
2027 3064 2079 3109 et
2104 3056 2387 3124 disciplina

796 3138 953 3207 (Sap.
986 3140 1101 3203 vn).
1145 3158 1163 3190 ι
1198 3140 1253 3193 ln
1282 3142 1373 3194 illo
1401 3144 1588 3201 etiam.
1621 3144 1763 3197 sicut
1792 3148 1869 3198 ait
1905 3143 2217 3214 Apostolus,
2250 3162 2267 3195 ‹
2308 3145 2387 3197 vi-

799 3228 995 3291 viiuus,
1047 3244 1327 3283 movemur
1374 3238 1428 3284 et
1476 3246 1663 3286 smnus
1719 3234 1855 3302 (Act.
1908 3234 2064 3302 xvn).
2104 3252 2123 3286 ι
2159 3234 2311 3298 Quod
2341 3235 2386 3288 si

797 3315 998 3371 malum
1030 3316 1229 3371 factum
1280 3328 1385 3382 est,
1420 3320 1585 3373 etiam
1628 3330 1751 3375 tunc
1794 3322 1922 3376 nihil
1954 3332 2093 3389 erat,
2123 3338 2242 3377 cum
2271 3338 2391 3378 esse

799 3404 1100 3461 videbatur.
1132 3406 1268 3460 Hinc
1295 3416 1381 3461 est
1407 3412 1548 3477 quod
1582 3410 1726 3477 ipsos
1758 3410 1978 3482 malitia:
2003 3426 2069 3465 ac
2098 3412 2389 3479 pravitatis

800 3501 1049 3548 auctores
1078 3497 1217 3565 apud
1268 3496 1471 3551 inferos
1517 3499 1775 3567 conqueri
1804 3499 2084 3568 Scriptura
2118 3510 2345 3554 testatur
2375 3518 2388 3555 :

803 3579 1169 3651 Transierunt,
1222 3586 1498 3656 inquiunt,
1540 3590 1716 3641 omnia
1748 3588 1841 3641 illa
1880 3598 2129 3659 tanquam
2182 3592 2390 3656 umbra,

798 3682 1121 3743 ettanquam
1173 3677 1387 3731 nuntius
1422 3694 1769 3747 pra’currens,
1820 3687 1868 3733 et
1922 3688 2175 3748 tanquam
2224 3681 2392 3745 naris,

799 3778 918 3832 quc
945 3766 1245 3833 pertransiit
1282 3767 1621 3835 ﬂuctuantem
1660 3784 1874 3836 aquam,
1903 3769 2056 3837 cujus
2104 3785 2223 3822 cum
2278 3786 2398 3838 per-

801 3854 1068 3906 transierit
1111 3856 1380 3923 vestigium
1426 3872 1527 3909 non
1556 3865 1631 3909 est
1659 3857 1891 3910 invenire
1930 3873 2093 3926 neque
2122 3859 2286 3928 627
2310 3875 2395 3911 se-

802 3938 982 3993 mitam
1004 3942 1198 3996 carina:
1219 3942 1361 3997 illius
1385 3943 1437 3996 in
1458 3944 1704 4011 ﬂuctibus
1728 3945 1883 4014 (Sap.
1915 3946 1989 4013 ν).
2018 3945 2223 4001 Semita
2248 3963 2400 4002 nam-

803 4042 909 4096 que
934 4030 989 4082 in
1017 4027 1265 4084 ﬂuctibus
1305 4028 1447 4085 facta
1495 4046 1619 4107 mox
1662 4031 1865 4087 deficit.
1914 4033 2067 4089 Unde
2100 4049 2290 4089 rursus
2318 4035 2398 4089 di-

802 4125 969 4169 cunt:
999 4133 1017 4167 ι
1054 4117 1162 4169 Aut
1189 4125 1446 4187 tanquam
1491 4117 1608 4171 avis
1654 4134 1773 4189 quae
1802 4121 2099 4176 transvolat
2149 4122 2201 4175 in
2248 4136 2398 4189 aere,

806 4221 912 4261 non
953 4206 1119 4261 ullum
1171 4208 1447 4263 invenitur
1485 4210 1696 4264 itineris
1741 4210 1883 4265 illius
1936 4221 2333 4282 argumentum.
2373 4232 2393 4265 ι

805 4294 1044 4350 Tertium
1068 4311 1279 4366 quoque
1308 4312 1413 4352 non
1438 4299 1699 4353 dissimile
1727 4298 1811 4354 his
1839 4316 2029 4355 rursus
2058 4303 2345 4370 apponitur
2374 4319 2388 4357 :

810 4405 829 4437 ς
861 4386 967 4440 Aut
997 4398 1248 4457 tanquam
1280 4389 1475 4459 sagitta
1509 4391 1705 4445 emissa
1738 4391 1792 4445 in
1831 4391 1909 4445 lc“
1939 4406 2008 4445 :m
2039 4392 2395 4459 destinatum,

804 4476 1008 4531 divisus
1034 4491 1128 4531 aer
1161 4480 1418 4534 continuo
1458 4481 1509 4533 in
1541 4496 1599 4536 se
1628 4482 1871 4535 reclusus
1897 4492 2000 4547 νει,
2028 4492 2079 4535 et
2111 4482 2395 4551 ignoratur

806 4566 1068 4620 transitus
1116 4567 1255 4621 illius
1297 4568 1505 4639 (Ibid).
1547 4588 1564 4621 ι
1597 4568 1893 4641 Vestigium
1942 4579 2089 4626 certe
2132 4575 2306 4635 navis,
2341 4582 2394 4625 et

807 4657 943 4717 avis,
973 4666 1025 4709 ct
1056 4659 1265 4726 sagitta:
1294 4660 1551 4713 transitus
1579 4674 1700 4714 mox
1741 4660 1897 4719 fiunt.
1929 4662 2072 4716 illico
2105 4662 2396 4717 recludun~

810 4754 923 4808 tur;
980 4747 1058 4800 sic
1108 4746 1334 4814 quilibet
1386 4748 1577 4818 iniqui,
1615 4764 1739 4804 mox
1779 4760 1838 4803 ut
1884 4752 2165 4821 incipiunt,
2196 4760 2394 4821 praesto

807 4833 1086 4889 deﬁciunt.
1123 4836 1275 4892 Unde
1311 4839 1635 4910 sultjungunt
1665 4859 1678 4893 :
1718 4859 1737 4891 r
1772 4840 1861 4897 Sic
1890 4852 1945 4897 et
1979 4857 2077 4898 nos
2116 4845 2227 4899 nati
2260 4858 2390 4899 con-

815 4925 966 4979 tinuo
1001 4926 1294 4983 desivimus
1340 4944 1486 4995 esse;
1524 4951 1540 4981 ι
1567 4932 1677 4987 imo
1718 4932 1835 5001 ipso
1868 4944 2142 4988 momento
2173 4949 2280 5003 quo
2318 4935 2396 4987 vi.

814 5015 1011 5067 dentur
1058 5030 1201 5081 esse,
1254 5032 1359 5071 non
1409 5027 1553 5085 sunt,
1610 5021 1736 5091 quia
1782 5020 1848 5073 ab
1890 5022 1977 5076 illo
2007 5024 2097 5091 qui
2137 5038 2265 5078 vere
2314 5034 2394 5079 est

812 5100 971 5171 longe
1022 5113 1166 5157 Sunt.
1224 5105 1341 5170 Quo
1390 5117 1577 5161 contra
1640 5113 1704 5163 de
1769 5111 1886 5164 viro
1937 5110 2081 5178 justo
2135 5113 2331 5168 dicitur
2378 5132 2391 5167 :

818 5208 839 5241 ο
883 5191 1297 5249 Consummatus
1338 5195 1393 5249 in
1423 5198 1593 5261 brevi,
1646 5199 1880 5269 explevit
1929 5211 2167 5271 tempora
2203 5204 2393 5269 multa,

811 5281 937 5349 quia
982 5281 1179 5351 placita
1214 5295 1371 5341 erant
1398 5286 1627 5342 Domino
1656 5303 1819 5359 opera
1860 5292 2005 5347 illius
2051 5282 2201 5365 (Sep.
2236 5296 2332 5364 tv).
2370 5312 2389 5347 ι

814 5367 887 5424 De
941 5372 1045 5425 illis
1102 5384 1281 5428 autem
1324 5393 1337 5430 :
1389 5396 1408 5428 ι
1461 5377 1715 5446 Dejecisti
1771 5395 1867 5435 eos
1913 5382 2043 5437 dum
2098 5384 2396 5439 allevaren-

812 5468 900 5512 tnr
926 5461 1098 5530 (Psal.
1129 5466 1319 5533 Lxxu).
1354 5484 1373 5517 ι
1406 5466 1521 5520 Non
1562 5468 1658 5534 ait,
1682 5483 1966 5541 postquam
2012 5472 2222 5528 allevati
2252 5485 2397 5542 sunt,

815 5551 926 5613 sed,
956 5552 1080 5605 dum
1105 5553 1491 5622 allevarentur,
1531 5560 1655 5628 quia
1684 5577 1779 5630 per
1810 5564 1913 5617 hoc
1944 5562 2278 5629 inanescunt,
2305 5581 2404 5636 per

813 5643 953 5709 quod
998 5644 1398 5713 intumescunt;
1451 5650 1575 5704 inde
1626 5668 1909 5720 corruunt,
1953 5656 2093 5709 unde
2143 5657 2400 5713 sublimes

813 5731 966 5790 fiunt.
998 5732 1112 5787 Non
1154 5736 1330 5803 itaque
1381 5740 1481 5794 hoc
1523 5744 1869 5799 asserendum
1921 5756 2023 5813 cst,
2073 5747 2215 5806 quod
2262 5755 2401 5816 post-

2480 604 2606 649 tnnc
2635 592 2822 662 procul
2849 591 3013 646 dubio
3047 598 3175 645 sunt
3210 590 3365 656 nihil,
3402 605 3528 645 cum
3554 591 3811 647 videntur
3841 593 4066 664 aliquid.

2476 682 2619 738 Nihil
2664 682 2803 751 apud
2836 681 3201 735 testimonium
3249 679 3520 744 veritatis,
3556 679 3759 749 aliquid
3792 682 3845 735 in
3879 683 4069 739 umbra

2478 774 2744 843 ealiginis.
2795 770 2988 825 Adhuc
3035 770 3282 824 fortassis
3318 770 3641 838 epulabatur
3679 771 3767 827 ille
3794 772 4077 842 splendide

2479 863 2632 934 (Luc.
2660 862 2794 931 svr),
2828 861 3152 914 iniciebatur
3180 861 3369 929 cuneis
3399 860 3835 930 obsequentium,
3864 865 4069 919 ambio.

2478 954 2639 1007 batur
2666 952 2972 1023 agminibus
3013 951 3362 1013 bellatorum,
3397 965 3555 1018 quem
3584 953 3843 1020 propheta
3878 968 4074 1023 supcr-

2480 1044 2775 1097 exaltatum
2806 1050 2861 1095 et
2891 1041 3158 1096 elevatum
3189 1040 3323 1093 vidit
3360 1032 3495 1111 (Isa'.
3557 1038 3745 1113 xxxvi)
3784 1059 3797 1094 :
3847 1051 3899 1095 et
3948 1058 4073 1098 mox

2482 1136 2548 1189 ad
2581 1135 2991 1203 contemplanda
3035 1148 3243 1187 summa
3300 1133 3698 1203 pertransiens,
3745 1149 3908 1204 quem
3956 1150 4077 1189 ma-

2482 1240 2644 1293 gnum
2675 1224 2878 1293 aliquid
2918 1223 3061 1277 forte
3108 1223 3438 1287 crediderat,
3485 1222 3618 1277 nihil
3655 1238 3777 1278 esse
3806 1225 4075 1294 cognovit.
4106 1288 4107 1291 η

2481 1311 2617 1367 llinc
2646 1323 2730 1367 est
2765 1314 2912 1368 enim
2935 1313 3078 1381 quod
3121 1312 3381 1380 scriptum
3429 1320 3551 1365 est:
3586 1331 3604 1362 ι
3634 1311 3901 1378 Quoniam
3951 1330 4078 1384 spes

2483 1401 2632 1469 impii
2669 1409 2926 1471 tanquam
2975 1400 3170 1470 lanugo
3220 1410 3323 1462 est,
3357 1415 3473 1468 qua:
3498 1415 3527 1454 a
3557 1410 3718 1455 vento
3766 1403 3999 1457 tollitur:
4026 1412 4083 1459 et

2484 1498 2743 1559 tanquam
2773 1506 2963 1559 spuma
2987 1490 3227 1559 gracilis,
3254 1506 3375 1560 qua:
3402 1506 3430 1543 a
3453 1491 3687 1561 procella
3718 1492 4079 1562 dispergitur;

2483 1588 2536 1633 et
2568 1590 2821 1649 tanquam
2858 1580 3062 1645 fumus,
3109 1582 3253 1649 quia
3290 1590 3451 1635 vento
3474 1580 3699 1637 dimisus
3728 1594 3840 1648 est;
3871 1594 3925 1637 et
3958 1594 4081 1638 tan-

2483 1684 2646 1737 quam
2695 1671 2956 1725 memoria
3019 1671 3251 1741 hospitis
3313 1671 3472 1725 unius
3532 1671 3637 1725 diei
3700 1674 4083 1741 praetereuntis

2443 1758 2639 1829 -(Sap.
2683 1762 2761 1828 v).
2814 1779 2833 1813 ι
2882 1760 3152 1830 Νηιηυὶ
3212 1770 3290 1815 tot
3339 1771 3844 1815 momentanearum
3899 1774 4083 1817 rerum

2407 1851 2454 1910 Β
2482 1847 2726 1917 exempla
2757 1849 3050 1920 congessit,
3084 1865 3190 1903 non
3239 1859 3349 1903 tam
3395 1849 3501 1903 vile
3548 1850 3677 1919 quid
3712 1865 3837 1905 esse
3864 1865 4084 1907 omnem

2486 1939 2840 2007 reproborum
2869 1940 3119 2008 gloriam,
3148 1955 3309 2009 quam
3340 1940 3475 1994 nihil
3502 1955 3623 1994 esse
3650 1940 3908 2010 signavit.
3941 1941 4081 1997 Mala

2488 2047 2614 2101 ergo
2638 2033 2801 2085 etiam
2835 2046 2957 2087 cum
2989 2032 3242 2086 videntur
3287 2045 3425 2094 esse,
3456 2046 3561 2085 non
3607 2040 3765 2096 sunt;
3809 2040 3866 2086 et
3910 2033 3979 2089 ab
4018 2048 4085 2089 eo

2484 2121 2577 2187 qni
2606 2134 2731 2174 vere
2760 2130 2813 2173 et
2840 2135 3053 2174 summe
3100 2129 3183 2174 est
3223 2120 3412 2188 procul
3443 2129 3590 2174 sunt.
3622 2119 3770 2176 Bona
3798 2131 4001 2187 autem,
4031 2122 4085 2178 id

2488 2218 2572 2263 est
2601 2224 2664 2263 ea
2690 2225 2811 2279 qua:
2843 2210 3018 2265 bonus
3039 2208 3237 2263 artifex
3278 2208 3543 2273 condidit,
3572 2223 3693 2277 qua:
3733 2218 3791 2265 ut
3837 2219 3890 2264 tu
3929 2212 4086 2280 quis-

2486 2300 2609 2369 quis
2632 2314 2711 2362 es,
2743 2302 2963 2369 qumris,
3003 2315 3123 2356 esse
3152 2300 3312 2354 simul
3332 2312 3387 2354 et
3410 2314 3515 2355 non
3537 2314 3660 2356 esse
3690 2317 3795 2356 non
3827 2312 4083 2371 possunt,

2487 2394 2613 2461 quin
2638 2393 2690 2447 in
2726 2409 2908 2448 rerum
2936 2404 3152 2461 natura,
3183 2408 3346 2463 quam
3376 2394 3717 2449 rationabilis
3746 2394 3942 2451 artifex
3966 2409 4087 2451 esse

2491 2483 2795 2547 constituit,
2827 2483 3110 2539 alternitas
3160 2485 3263 2539 ista
3312 2498 3418 2538 non
3449 2484 3657 2539 invenit
3700 2484 3899 2539 locum.
3952 2484 4088 2551 Quia

2492 2575 2636 2627 cnim
2665 2576 2805 2628 inter
2829 2589 2951 2629 esse
2989 2584 3044 2629 et
3087 2589 3192 2628 non
3221 2588 3341 2628 esse
3380 2572 3638 2628 confundi
3671 2575 3869 2628 malum
3899 2584 4001 2641 est,
4026 2590 4091 2631 ac

2486 2665 2669 2733 potius
2696 2664 2828 2717 nihil
2868 2673 2972 2727 est.
3016 2666 3220 2722 idcirco
3257 2680 3287 2717 a
3319 2665 3460 2719 bono
3483 2663 3761 2730 Creatore,
3810 2667 3899 2735 qui
3946 2666 4090 2721 bona

2488 2753 2669 2806 omnia
2704 2751 2854 2815 fecit,
2888 2753 3217 2807 alternitatis
3241 2754 3347 2807 ista
3377 2752 3624 2807 confusio
3669 2754 3814 2808 facta
3843 2770 3949 2809 non
3982 2765 4085 2809 est.

2490 2840 2547 2892 In
2580 2840 2738 2894 malis
2755 2852 2937 2895 autem
2961 2850 3139 2910 potest
3176 2850 3453 2910 utcunque
3482 2842 3649 2897 videri
3678 2844 3793 2897 hzcc
3815 2844 4091 2899 confusio-

2492 2935 2577 2989 nis
2610 2935 2913 2999 alternitas,
2939 2950 3058 3006 qum
3079 2945 3229 2990 certe
3256 2937 3510 2990 videntur
3537 2950 3679 2999 esse,
3712 2944 3765 2989 et
3808 2952 3913 2992 non
3942 2950 4090 3001 sunt,

2491 3035 2653 3094 atque
2681 3026 2802 3080 ideo
2827 3027 2983 3093 quasi
3015 3036 3161 3091 sunt,
3190 3036 3245 3081 et
3282 3042 3386 3081 non
3421 3036 3567 3081 sunt.
3604 3027 3743 3081 Sunt
3779 3030 3994 3097 quidem
4037 3030 4093 3085 in

2492 3113 2778 3181 superﬁcie
2812 3114 3031 3177 coloris,
3066 3129 3171 3167 non
3220 3125 3399 3168 autem
3451 3116 3502 3168 in
3546 3114 3753 3183 judicio
3794 3119 4085 3173 veritatis:

2492 3220 2798 3273 quanquam
2821 3205 3193 3275 etipsismalis
3219 3221 3323 3260 non
3352 3210 3787 3275 possumushanc
3809 3210 4093 3265 diversita:

2492 3304 2602 3348 tem
2634 3305 2822 3349 exacte
2872 3302 3214 3360 concedere,
3260 3306 3319 3349 ut
3349 3297 3510 3351 simul
3559 3300 3669 3353 sint
3709 3308 3765 3354 et
3812 3315 3918 3356 non
3965 3301 4096 3365 sim,

2492 3385 2614 3455 quia
2645 3384 2896 3437 videntur
2920 3398 3060 3448 esse,
3093 3384 3185 3440 sed
3229 3401 3334 3440 non
3368 3396 3515 3451 sunt,
3539 3400 3702 3457 atque
3745 3389 3866 3444 ideo
3912 3392 4096 3448 verius

2494 3476 2746 3530 dicuntur
2792 3490 3005 3545 semper
3042 3494 3150 3532 non
3188 3493 3327 3542 esse,
3379 3493 3543 3548 quam
3571 3494 3694 3535 esse
3725 3489 3915 3539 etnon
3954 3496 4096 3541 esse.

3126 3569 3357 3627 CAPUT
3397 3570 3464 3626 Χ.

2500 3666 2653 3733 Quod
2675 3669 2850 3722 omnia
2882 3665 3026 3721 Deus
3050 3676 3236 3736 potest,
3284 3669 3390 3721 sive
3416 3670 3579 3735 faciat
3629 3672 3731 3723 sive
3778 3688 3880 3725 non
3907 3674 4099 3749 faciat.

2570 3754 2913 3810 Manifestum
2954 3764 3037 3810 est
3076 3754 3240 3827 igitur
3284 3756 3654 3813 alternitatem
3682 3760 3866 3825 istam,
3898 3764 3964 3818 de
3989 3779 4098 3835 qua

2499 3844 2784 3911 quzeritur,
2817 3844 3046 3907 scilicet,
3084 3854 3266 3898 utrum
3298 3847 3471 3915 possit
3498 3847 3667 3917 628
3694 3849 3895 3917 aliquid
3932 3851 4099 3911 fuisse

2500 3931 2660 3986 simul
2686 3940 2742 3986 et
2776 3947 2881 3986 non
2914 3931 3108 3996 fuisse;
3137 3948 3275 3997 esse,
3308 3942 3482 3989 etnon
3505 3949 3653 3999 esse;
3690 3936 3930 3995 futurum
3955 3957 4104 4010 esse.

2500 4026 2556 4073 et
2610 4019 2848 4073 futurum
2883 4035 2988 4074 non
3024 4036 3146 4075 esse
3178 4060 3193 4085 ,
3235 4021 3446 4077 naturis
3497 4023 3852 4080 existentium
3914 4044 4101 4088 rerum

2502 4111 2647 4166 nulla
2677 4125 2834 4180 posse
2873 4113 3083 4167 ratione
3112 4127 3447 4183 congruere;
3492 4115 3560 4168 ad
3589 4115 3732 4169 solas
3761 4126 3943 4173 autem
3979 4134 4101 4176 ver-

2502 4203 2694 4259 borum
2740 4219 2969 4272 pugnas,
3032 4220 3151 4274 qua:
3180 4205 3248 4260 de
3282 4204 3582 4261 disserendi
3634 4221 3700 4261 ac
3738 4206 4098 4267 ratiocinandi

2503 4291 2636 4345 fiunt
2672 4294 3080 4362 consequentiis
3107 4294 3401 4363 pertinere.
3460 4294 3827 4360 Quamobrem
3885 4299 4103 4357 indubi-

2504 4382 2653 4436 tabili
2687 4383 2791 4437 ﬁde
2813 4384 3139 4438 credendum
3163 4392 3289 4449 est,
3334 4384 3501 4439 Deum
3544 4386 3727 4439 omnia
3766 4402 3945 4455 posse,
3984 4394 4103 4447 sive

2502 4470 2687 4533 faciat,
2719 4472 2832 4525 sive
2862 4486 2965 4525 non
2998 4471 3183 4527 faciat.
3209 4472 3343 4527 Nam
3370 4474 3513 4543 quod
3545 4476 3744 4529 malum
3769 4486 3870 4540 est,
3919 4481 4100 4549 potius

2500 4563 2662 4618 debet
2684 4564 2789 4617 dici
2819 4563 2976 4627 nihil,
3005 4580 3167 4633 quam
3191 4564 3415 4633 aliquid,
3446 4574 3608 4635 atque
3640 4566 3759 4620 ideo
3791 4569 3922 4621 nihil
3956 4585 4099 4638 prte-

2492 4652 2721 4720 iudicat,
2752 4655 2796 4708 si
2822 4654 3064 4708 dicamus
3099 4656 3268 4709 Deum
3318 4656 3497 4709 omnia
3549 4671 3727 4723 posse,
3786 4657 3909 4711 licet
3956 4662 4096 4716 mala

2498 4743 2679 4798 omnia
2706 4758 2809 4797 non
2832 4744 3194 4813 possit;cum
3223 4743 3363 4799 mala
3410 4760 3516 4799 non
3558 4746 3699 4801 intra
3748 4750 3951 4814 omnia,
4005 4754 4101 4808 sed

2500 4842 2653 4887 extra
2688 4835 2868 4888 omnia
2911 4835 3093 4902 petius
3146 4835 3379 4891 debeant
3432 4837 3737 4905 supputari.
3800 4838 3936 4895 llinc
3991 4852 4096 4908 est,

2501 4926 2649 4995 quod
2679 4940 2821 4994 saepe
2856 4927 3031 4982 divina
3061 4928 3239 4981 virtus
3263 4937 3503 4981 armatos
3530 4927 3938 4985 dialecticorum
3989 4935 4100 5005 syl-

2506 5015 2779 5085 logismos,
2808 5027 3103 5084 eorumque
3134 5017 3407 5073 versutias
3430 5017 3687 5084 destruit;
3728 5027 3785 5072 et
3807 5033 3926 5088 quae
3950 5023 4095 5091 apud

2506 5119 2600 5159 eos
2638 5105 2945 5159 necessaria
2987 5103 3099 5172 jam
3152 5114 3313 5177 atque
3362 5106 3693 5162 inevitabilia
3738 5107 4096 5178 judicautur.

2505 5195 2744 5248 omnium
2773 5195 3217 5266 philosolihorum
3250 5207 3568 5265 argumenta
3598 5196 3902 5257 confundit.
3957 5200 4097 5256 Audi

2504 5285 2874 5354 syllogismum
2906 5303 2917 5337 :
2952 5285 3006 5339 Si
3049 5285 3251 5355 lignum
3283 5288 3459 5353 ardet,
3492 5286 3736 5357 profecto
3763 5292 3969 5352 uritur;
4002 5294 4097 5348 sed

2507 5376 2691 5440 ardet,
2723 5390 2854 5445 ergo
2877 5385 2936 5429 et
2967 5378 3162 5430 uritur.
3198 5376 3304 5431 Sed
3336 5393 3461 5433 cccc
3486 5379 3697 5448 Moyses
3729 5380 3873 5435 videt
3905 5381 4099 5436 rubum

2508 5469 2723 5532 ardere,
2768 5479 2824 5525 et
2862 5485 2969 5524 non
3011 5470 3253 5525 comburi
3288 5469 3483 5542 (Exod.
3515 5470 3622 5539 tu).
3651 5469 3874 5542 {Rursus
3896 5510 3912 5535 ,
3960 5472 4005 5527 si
4038 5472 4103 5525 li-

2508 5576 2669 5631 gnum
2723 5562 3009 5631 prmcisum
3058 5573 3181 5628 est,
3229 5577 3333 5614 non
3392 5560 3702 5625 fructiﬁcat,
3755 5562 3849 5615 sed
3904 5562 4099 5629 praecl-

2508 5667 2626 5705 sum
2681 5662 2809 5716 cst,
2880 5668 3007 5723 ergo
3055 5669 3161 5707 non
3219 5654 3533 5708 fruetiticat.
3600 5652 3706 5707 Sed
3766 5667 3891 5708 ecce
3945 5654 4098 5724 virga

2509 5744 2688 5798 Aaron
2717 5742 2774 5801 in
2806 5744 3175 5810 tabernaculo,
3212 5756 3399 5800 contra
3429 5753 3639 5799 natura:
3668 5744 3915 5799 ordinem
3948 5758 4099 5815 repe»
