5664 6662
84 6379 871 6587 ,ιν

2213 416 2310 472 6H
2693 408 2750 464 S.
2791 408 2992 464 PETRI
3034 406 3310 461 DMllANl
3351 406 3499 462 OPP.
3543 402 3774 460 TOMUS
3802 403 3931 460 SEU
3961 407 4138 464 PARS
4176 401 4262 462 Ill.
4301 434 4372 445 —
4407 401 4764 461 OPUSCULA
4806 399 5033 456 VARIA.
5348 401 5447 462 6i!

2213 530 2352 586 ritur
2381 525 2678 595 amigdalas
2749 521 3035 591 protulisse
3086 519 3277 588 (Num.
3337 522 3492 584 xvn).
3547 517 3794 583 Alioquin
3825 526 3869 579 Α
3903 521 4048 573 fonte
4073 521 4221 573 rivus
4254 526 4487 572 arescat.
4519 520 4596 571 Ad
4653 515 5028 570 aflirmandum
5058 527 5285 582 namque
5315 515 5450 584 quod

2211 600 2346 689 quid,
2371 626 2451 671 est
2481 625 2555 668 tot
2580 615 2630 666 in
2670 611 2897 680 Egypto
2922 610 3187 663 Pharaoni
3220 609 3507 678 magnalia,
3555 621 3614 657 ac
3642 607 3791 671 signa

2223 706 2575 775 portendere;
2608 701 2838 754 filiorum
2869 698 3032 753 Israel
3088 709 3334 752 catervas
3381 696 3643 765 IEgyptiis
3695 709 3791 760 pe-

2211 796 2514 857 reuntibus,
2529 807 2625 861 per
2639 792 2863 844 divisum
2883 803 3030 842 mare
3047 788 3337 842 transferre
3352 785 3788 852 (Exod.vu,xiv),

2208 887 2510 958 largissima
2534 883 2730 936 ﬂuenta
2752 895 2815 934 ex
2838 880 2972 932 aridi
2990 880 3101 931 saxi
3131 893 3258 946 rupe
3281 872 3782 944 producere(E.rod.

2206 990 2341 1039 x-vu;
2356 969 2707 1038 Psalmxxvn)
2719 965 3166 1032 ,etlerichontina
3181 965 3374 1018 muenia
3389 977 3493 1015 non
3507 962 3674 1013 armis
3686 959 3789 1013 fre—

2204 1063 2499 1123 mentibus,
2524 1060 2615 1114 sed
2647 1058 2787 1110 tubis
2815 1057 3188 1125 clangentibus
3213 1095 3227 1117 ,
3259 1052 3558 1120 dissipare?
3605 1051 3789 1118 (Josue

2203 1148 2306 1218 vr.)
2362 1148 2660 1209 Postremo,
2693 1145 2834 1213 quod
2879 1147 2929 1196 in
2984 1153 3255 1210 stuporem
3284 1141 3525 1193 omnium
3567 1138 3788 1191 sarculo-

2207 1253 2356 1301 rum,
2421 1237 2589 1290 solem
2630 1236 2681 1288 in
2711 1234 2850 1288 caalo
2874 1233 2940 1286 ad
3003 1231 3285 1299 imperium
3312 1227 3475 1282 Josue
3506 1244 3605 1296 per
3629 1228 3786 1280 unius

2206 1323 2314 1381 diei
2351 1328 2583 1396 spatium
2631 1326 2818 1378 sistere
2851 1323 2983 1392 (λοι.
3045 1322 3129 1388 x);
3185 1336 3278 1389 per
3323 1321 3609 1373 Ezechiam
3658 1333 3786 1371 vero

2204 1418 2394 1469 decem
2425 1416 2488 1467 ad
2540 1414 2803 1466 orientem
2844 1410 2998 1463 lineis
3035 1424 3293 1463 revocare
3335 1408 3437 1478 (ιγ
3477 1407 3603 1474 Reg.
3673 1422 3781 1468 xx,

2202 1502 2316 1556 lsa.
2345 1499 2755 1567 xxxvnl);circa
2783 1508 2890 1551 tres
2919 1511 3112 1564 pueros
3138 1495 3362 1550 furentis
3393 1494 3621 1549 incendii
3647 1495 3785 1545 vires

2203 1590 2569 1656 exstinguere,
2598 1588 2741 1639 circa
2789 1584 3062 1637 Danielcm
3110 1599 3236 1636 vero
3284 1590 3535 1637 cruentos
3569 1581 3780 1634 leonum

2207 1680 2400 1741 rictus,
2455 1686 2509 1730 et
2562 1676 2859 1728 rabidaora
2914 1673 3223 1727 refrenare?
3305 1671 3474 1738 (Dan.
3550 1687 3630 1732 ιιι,
3675 1671 3778 1738 γι.)

2201 1767 2364 1834 Quid,
2394 1767 2635 1834 inquam,
2663 1765 2777 1817 haec
2805 1764 2982 1816 omnia
3017 1770 3162 1824 sunt,
3190 1761 3292 1814 uisi
3316 1759 3505 1813 frivola
3560 1762 3778 1828 sapien-

3894 610 4034 664 Deus
4058 620 4287 678 nequeat
4318 611 4578 678 virginem
4613 621 4864 674 reparare
4892 616 5007 674 post
5034 605 5256 674 lapsum,
5293 605 5444 672 quasi

3893 711 4286 766 consequenter
4313 697 4576 764 adjiciunt
4611 715 4622 748 :
4658 696 4907 764 Nunquid
4957 695 5057 748 hoc
5104 704 5277 762 potest
5313 694 5448 750 Dens

3890 805 4075 859 agere,
4120 799 4179 842 ut
4207 792 4348 858 quod
4378 790 4578 844 factum
4617 797 4700 842 est
4724 804 4828 841 non
4856 787 5056 840 fuerit?
5084 787 5353 854 Tanquam
5403 787 5446 841 si

3890 879 4054 932 semel
4083 882 4443 933 constetutsi
4487 880 4648 932 fuerit
4692 878 4841 946 virgo
4891 886 5164 944 corrupta,
5205 875 5314 944 jam
5357 890 5449 931 ne-

3889 977 4051 1035 queat
4091 967 4207 1021 fieri
4242 978 4300 1021 ut
4324 984 4510 1022 rursus
4541 969 4609 1022 sit
4644 969 4869 1037 integra.
4915 966 5065 1031 Quod
5113 974 5257 1019 certe
5287 979 5450 1032 quan-

3891 1066 4000 1108 tum
4027 1057 4091 1108 ad
4125 1066 4372 1109 naturam
4427 1072 4609 1110 verum
4640 1064 4743 1119 est,
4788 1063 4998 1122 statque
5027 1053 5322 1118 sententia;
5367 1051 5446 1106 fa-

3887 1156 4029 1200 ctum
4064 1163 4277 1215 quoque
4306 1145 4506 1215 aliquid
4539 1146 4723 1208 fuisse,
4766 1153 4818 1199 et
4862 1145 5062 1199 factum
5109 1159 5211 1198 non
5263 1143 5444 1208 fuisse,

3886 1253 4050 1290 unum
4086 1239 4334 1306 idemque
4358 1237 4584 1291 inveniri
4611 1252 4715 1291 non
4743 1233 5233 1303 potest.Contraria
5257 1235 5447 1302 quippe

3887 1328 4116 1381 invicem
4156 1338 4299 1390 sunt,
4359 1329 4491 1382 adeo
4522 1337 4582 1380 ut
4608 1328 4654 1381 si
4683 1343 4846 1381 unum
4901 1327 4989 1388 sit.
5049 1325 5272 1379 alterum
5329 1338 5445 1378 esse

3888 1434 3989 1470 non
4014 1419 4201 1486 possit.
4233 1417 4364 1471 Nam
4387 1419 4526 1487 quod
4555 1417 4654 1470 fuit
4698 1432 4804 1470 non
4837 1424 5012 1486 potest
5035 1430 5157 1470 vere
5183 1415 5284 1468 dici
5312 1415 5436 1483 quia

3885 1523 3988 1560 non
4015 1508 4148 1569 fuit;
4205 1518 4259 1561 et
4282 1523 4311 1562 e
4334 1509 4574 1572 diverso,
4613 1506 4755 1575 quod
4786 1523 4891 1560 non
4916 1505 5038 1571 fuit,
5067 1521 5169 1559 non
5197 1514 5340 1560 recte
5365 1504 5445 1560 di-

3885 1597 4029 1650 citur
4059 1599 4184 1665 quia
4238 1597 4356 1651 fuit.
4392 1598 4524 1664 Qua:
4572 1597 4717 1652 enim
4763 1597 5033 1650 contraria
5083 1605 5206 1650 sunt
5243 1596 5294 1648 in
5340 1609 5442 1648 uno

3883 1687 4182 1754 eodemque
4203 1687 4446 1755 subjecto
4475 1700 4774 1756 congruere
4802 1693 5090 1753 nequeunt.
5137 1685 5257 1738 Hmc
5286 1699 5442 1752 porro

3887 1777 4291 1846 impossibilitas
4367 1787 4514 1832 recte
4548 1777 4765 1846 quidem
4811 1775 5026 1840 dicitur,
5067 1776 5110 1829 si
5152 1775 5216 1827 ad
5246 1782 5445 1826 natura:

2201 1868 2316 1912 lum
2347 1854 2504 1921 11⁸11³18
2533 1853 2714 1908 mundi
2743 1867 2896 1908 sensa
2936 1850 3288 1913 confundere:
3337 1859 3390 1903 ει
3437 1863 3624 1904 comm
3683 1866 3776 1902 "3'
3810 1851 3852 1908 Β
3884 1867 4153 1921 referatur
4180 1868 4414 1935 inopiam
4451 1885 4462 1917 :
4518 1866 4658 1919 absit
4680 1873 4884 1927 autem,
4915 1872 4974 1917 ut
5004 1863 5070 1917 ad
5117 1864 5445 1932 majestatem

2193 1956 2338 2001 tura:
2365 1944 2801 1998 consuetudinem
2831 1941 3023 1994 divina:
3049 1941 3263 1994 virtutis
3294 1941 3519 2009 gloriam
3570 1949 3768 1993 morta-

2198 2037 2338 2090 libus
2367 2032 2637 2088 revelare?
2663 2030 2894 2084 Veniant
2922 2031 3210 2094 dialectici,
3236 2034 3349 2084 sive
3373 2031 3571 2099 potius,
3596 2041 3652 2083 ut
3682 2046 3777 2097 pu-

2197 2132 2404 2185 tantur,
2432 2121 2688 2188 hazretici,
2727 2121 2825 2190 ipsi
2855 2122 3090 2174 viderint
3120 2137 3133 2184 ;
3177 2122 3394 2175 veniant
3429 2162 3443 2185 ,
3514 2122 3730 2188 inquam
3758 2160 3772 2181 ,

2193 2213 2360 2268 verba
2399 2213 2744 2275 trutinantes,
2783 2213 3111 2280 qumsliones
3157 2227 3281 2266 suas
3321 2212 3505 2265 buccis
3554 2227 3775 2264 concre-

2195 2302 2458 2372 pantibus
2511 2301 2857 2365 ventilantes,
2907 2311 3287 2369 proponentes,
3329 2311 3684 2364 assumcntes,
3723 2310 3775 2355 et

2196 2402 2259 2445 ut
2285 2391 2391 2446 illis
2424 2392 2635 2445 videtur
2673 2393 2998 2445 inevitabilia
3024 2393 3426 2456 concludentes,
3461 2408 3524 2446 ac
3556 2395 3769 2447 dicant:

2193 2483 2239 2535 si
2271 2482 2499 2549 peperit,
2522 2481 2964 2536 concubuitzsed
3003 2484 3226 2550 peperit,
3271 2498 3402 2551 ergo
3454 2483 3767 2537 concubuit.

2196 2570 2448 2638 Nunquid
2473 2572 2572 2625 hoc
2594 2580 2718 2623 ante
2744 2572 3130 2639 redemptionis
3161 2574 3408 2625 humana:
3458 2575 3773 2641 mysterium

2195 2677 2303 2716 non
2343 2661 2624 2715 videbatur
2650 2663 3077 2731 inexpugnabilis
3103 2665 3315 2717 roboris
3359 2667 3776 2732 argumentum?

2194 2751 2262 2805 Et
2294 2751 2508 2820 quidem
2547 2762 2761 2819 poterat
2802 2752 2960 2815 Deus,
3023 2763 3078 2806 et
3127 2754 3297 2806 fetare
3340 2755 3601 2822 virginem
3650 2765 3774 2809 ante

2196 2842 2430 2903 ruinam,
2470 2852 2523 2895 et
2545 2857 2794 2909 reparare
2818 2844 3074 2911 virginem
3117 2853 3237 2910 post
3266 2844 3497 2896 ruinam.
3552 2845 3770 2898 Utrum-

2197 2947 2305 2999 que
2339 2931 2544 2985 scilicet
2564 2935 2762 2985 bonum
2803 2942 2942 2996 erat,
2985 2934 3078 2986 sed
3107 2933 3230 2985 licet
3262 2943 3489 2986 eatenus
3517 2945 3772 2987 neutrum

2199 3022 2432 3084 fecerat,
2473 3030 2761 3086 utrumque
2810 3030 2986 3074 tamen
3041 3037 3200 3090 posse
3254 3023 3431 3077 facere
3477 3024 3774 3077 credendus

2198 3119 2337 3163 erat.
2367 3109 2432 3162 Et
2453 3117 2598 3163 certe
2622 3109 2917 3164 mirabilius
2948 3119 3051 3172 est,
3087 3120 3141 3162 et
3170 3111 3328 3163 valde
3373 3113 3767 3180 prmccllentius

2211 3199 2470 3265 virginem
2494 3200 2857 3265 incorruptam
2904 3213 3125 3251 manere
3149 3207 3272 3266 post
3316 3208 3549 3265 partum,
3609 3214 3767 3266 quam
3799 3191 3842 3250 C

2193 3297 2502 3356 corruptam
2535 3289 2602 3340 ad
2625 3288 2885 3356 virginale
2910 3289 3072 3340 decus
3113 3289 3288 3340 redire
3342 3297 3461 3356 post
3506 3287 3710 3356 lapsum
3748 3305 3762 3350 ;

2195 3379 2325 3446 quia
2351 3387 2405 3431 et
2433 3377 2605 3444 majus
2627 3388 2728 3442 est,
2757 3377 3045 3444 quemlibet
3069 3377 3268 3430 clausis
3304 3376 3485 3444 januis
3538 3379 3766 3445 ingredi,

2193 3483 2357 3538 quam
2384 3481 2496 3530 eas,
2523 3481 2643 3534 quae
2664 3466 2955 3534 patuerint,
2976 3467 3170 3533 januas
3199 3465 3395 3518 claudi.
3427 3464 3482 3518 Si
3514 3480 3640 3534 ergo
3675 3481 3770 3517 na-

2195 3569 2283 3611 tus
2304 3574 2372 3611 ex
2391 3557 2611 3622 Virgine
2660 3556 2986 3623 Redemptor
3030 3565 3216 3608 noster
3260 3555 3393 3624 (lsa.
3441 3556 3763 3619 vn;Matt/i.

2193 3663 2246 3707 ις
2275 3645 2400 3698 Luc.
2434 3645 2495 3711 ι),
2525 3645 2666 3712 quod
2702 3645 2872 3712 majus
2902 3654 3002 3706 est,
3031 3653 3082 3697 et
3108 3645 3262 3710 longe
3285 3646 3645 3712 praestantius,
3685 3644 3764 3698 fe-

2190 3735 2295 3796 cit;
2331 3731 2471 3800 quod
2494 3733 2667 3785 minus
2709 3740 2813 3796 est,
2841 3739 3149 3799 corruptam
3195 3732 3504 3798 quamlibet-
3533 3733 3766 3785 redinte-

2201 3843 2361 3898 grare
2393 3843 2495 3880 non
2525 3827 2758 3895 poterit?
2811 3825 2990 3880 Potuit
3023 3826 3163 3879 Deus
3192 3827 3352 3880 homo
3384 3841 3451 3880 ex
3491 3836 3644 3879 utero
3666 3825 3767 3876 vir-

2197 3917 2380 3986 giuali,
2407 3915 2550 3969 salva
2605 3915 2956 3982 virginitate,
3012 3915 3336 3983 procedere;
3402 3930 3506 3968 non
3571 3913 3768 3980 poterit

2198 4008 2408 4060 violata:
2441 4007 2763 4076 virginitatis
2794 4006 3125 4072 dispendium
3149 4003 3434 4070 reparare?
3487 4002 3764 4068 Quomodo

2193 4111 2322 4160 ergo
2354 4103 2682 4148 restauratur
2707 4093 2996 4154 homicida,
3027 4101 3082 4144 ut
3103 4100 3221 4160 post
3255 4091 3468 4159 dignam
3493 4091 3761 4157 poeniten-

2197 4185 2325 4237 tiam
2347 4180 2457 4248 jam
2486 4196 2590 4233 non
2627 4182 2697 4232 sit
2722 4181 3026 4232 homicida?
3049 4180 3324 4244 Quomodo
3359 4178 3461 4240 fur,
3496 4178 3764 4246 quomodo

2198 4274 2476 4345 periurus?
2499 4274 2763 4340 quomodo
2791 4273 3005 4339 raptor?
3032 4271 3300 4339 quomodo
3331 4271 3571 4323 omnium
3618 4277 3764 4322 certe

2194 4364 2359 4436 629
2380 4364 2665 4417 criminum
2706 4362 2780 4413 rei
2829 4371 3107 4428 postquam
3162 4376 3216 4413 se
3274 4361 3541 4414 veraciter
3595 4360 3764 4413 corri—

2195 4460 2345 4520 gunt,
2367 4449 2477 4516 jam
2511 4464 2614 4500 non
2640 4457 2782 4511 sunt,
2805 4450 2893 4516 qui
2927 4448 3171 4500 fuerunt?
3205 4448 3349 4500 Unde
3371 4449 3625 4514 scriptum
3656 4457 3758 4500 est:

2205 4543 2353 4596 Verte
2377 4542 2581 4608 impios,
2611 4551 2655 4591 et
2687 4556 2787 4590 non
2813 4550 2982 4591 erunt.
3037 4538 3139 4592 Sed
3162 4539 3316 4591 -dicis
3347 4555 3357 4588 :
3392 4538 3588 4590 Fateor
3622 4577 3633 4600 ,
3686 4538 3763 4589 in-
3791 4522 3840 4580 D

2197 4645 2379 4696 quam,
2412 4630 2535 4696 quia
2559 4637 2808 4696 corrupla
2838 4627 3087 4694 qua-libet
3115 4637 3234 4696 post
3260 4626 3761 4694 poeuitentiamjam

2197 4734 2303 4772 non
2328 4728 2409 4770 est
2437 4733 2553 4783 qua:
2584 4715 2703 4778 fuit,
2761 4725 2816 4767 ut
2849 4716 3097 4769 videlicet
3152 4716 3525 4780 fornicationis
3575 4717 3762 4768 subeat

2195 4817 2374 4861 notam
2402 4824 2413 4858 :
2446 4813 2812 4858 verumtamen
2835 4805 2902 4857 ad
2929 4806 3169 4858 veritatis
3210 4805 3321 4872 jam
3374 4821 3478 4858 non
3533 4807 3760 4859 reverti-

2195 4910 2281 4952 tur
2311 4899 2559 4968 gloriam.
2619 4898 2686 4950 Et
2725 4914 2823 4968 ego
2856 4914 2885 4951 e
2913 4907 3101 4951 contra
3153 4900 3449 4967 respondeo
3497 4900 3622 4968 quia
3670 4900 3758 4968 qui

2197 4988 2367 5054 potuit
2387 5004 2451 5040 ex
2480 4997 2726 5041 materno
2752 4998 2907 5042 utero
2936 4987 3094 5042 illmsa
3110 4990 3415 5056 virginitate
3446 4990 3757 5058 procedere,

2199 5075 2344 5128 valet
2377 5077 2561 5138 etiam,
2594 5078 2639 5130 si
2677 5077 2811 5140 vult,
2865 5078 2917 5130 in
2944 5077 3136 5131 violata
3172 5077 3408 5146 qualibet
3438 5079 3759 5148 virginitatis

2195 5163 2529 5236 signaculum
2565 5163 2877 5220 reformare.

2812 5254 3033 5310 CAPUT
3062 5257 3151 5311 XI.

2235 5343 2387 5408 Quod
2415 5352 2616 5397 natura:
2640 5345 2879 5397 conditor
2899 5357 3098 5400 natura
3126 5348 3188 5399 sit
3210 5350 3364 5402 etiam
3389 5350 3713 5403 immutalor.

2271 5431 2606 5500 Proponatur
2635 5436 2808 5488 adhuc
2849 5439 3233 5506 superstitiosa:
3264 5443 3572 5508 qumstionis
3599 5443 3753 5497 oblo-

2200 5521 2382 5588 quium
2415 5537 2426 5572 :
2456 5522 2694 5575 videatur
2720 5526 2898 5587 etiam,
2917 5540 2978 5579 ex
3003 5542 3105 5595 qua
3129 5529 3198 5580 sit
3219 5530 3396 5583 radice
3415 5533 3755 5598 productum,

2198 5622 2460 5680 quatenus
2504 5629 2570 5666 ne
2616 5617 2871 5684 praecipiti
2927 5629 3078 5687 raptu
3126 5620 3317 5675 uberes
3371 5622 3590 5677 sincera:
3637 5625 3758 5678 fidei

2196 5698 2377 5773 .‘ruges
2420 5703 2635 5771 obruat,
2690 5707 2781 5762 scd
2836 5709 2982 5765 hiatu
3037 5722 3198 5768 terrm
3254 5715 3444 5784 dignus
3483 5731 3600 5772 cum
3643 5718 3758 5789 ipso

3881 1957 3950 2010 sit
3977 1955 4293 2024 applicanda
4323 1956 4579 2008 divinam.
4609 1953 4708 2019 Qui
4755 1953 4897 2008 enim
4930 1962 5134 2006 natura:
5161 1952 5305 2006 dedit
5329 1951 5440 2005 ori-

3881 2049 4079 2114 ginem,
4102 2046 4282 2110 facile,
4318 2062 4438 2099 cum
4473 2047 4602 2108 vult,
4632 2054 4838 2099 natura:
4884 2043 5020 2097 tollit
5050 2043 5440 2098 necessitatem.

3881 2137 4014 2189 Nam
4043 2137 4134 2203 qui
4170 2136 4335 2190 rebus
4365 2136 4617 2203 praesidet
4646 2135 4902 2197 conditis,
4937 2133 5144 2202 legibus
5185 2146 5287 2184 non
5317 2131 5445 2186 sub-

3874 2227 4019 2294 jacet
4059 2226 4357 2279 conditoris
4389 2242 4399 2274 :
4435 2234 4485 2278 et
4516 2224 4604 2293 qui
4639 2233 4890 2276 naturam
4930 2221 5187 2283 condidit,
5221 2228 5440 2272 natura-

3881 2317 3984 2370 lem
4035 2318 4280 2370 ordinem
4315 2317 4378 2369 ad
4411 2331 4524 2370 sua:
4563 2314 4850 2368 deditionis
4902 2311 5182 2366 arbitrium
5234 2311 5438 2365 vertit:

3877 2406 4187 2474 quicunque
4215 2415 4394 2459 creata
4422 2404 4675 2472 qualibet
4697 2403 4990 2458 dominanti
5007 2411 5208 2454 naturre
5226 2401 5436 2455 subesse

3877 2495 4181 2559 constituit,
4214 2510 4324 2547 sua:
4370 2493 4751 2548 dominationis
4792 2493 5016 2561 imperio
5050 2499 5252 2543 natura:
5289 2488 5431 2544 obse-

3877 2585 4090 2652 quentis
4118 2584 4478 2636 obedientiam
4509 2582 4825 2638 reservavit.
4873 2581 5243 2634 Consideranti
5283 2577 5441 2647 plane

3877 2673 4082 2739 liquido
4131 2680 4278 2740 patet
4334 2672 4587 2738 quoniam
4643 2671 4712 2723 ab
4762 2671 4876 2738 ipso
4945 2669 5126 2722 mundi
5177 2666 5442 2722 nascentis

3875 2759 4100 2814 exordio
4130 2773 4308 2812 rerum
4336 2759 4582 2812 conditor
4627 2757 4679 2810 in
4717 2757 4844 2825 quid
4892 2756 5056 2809 voluit
5088 2765 5289 2808 naturce
5311 2753 5433 2820 jura

3876 2850 4124 2906 mutavit.
4181 2849 4286 2901 imo
4310 2849 4481 2915 ipsam
4522 2855 4790 2909 naturam,
4831 2857 4892 2900 ut
4922 2848 4994 2900 ita
5024 2847 5268 2908 dixerim,
5298 2860 5433 2914 quo-

3875 2939 4160 2992 dammodo
4205 2946 4390 2990 contra
4428 2947 4673 2990 naturam
4715 2939 4958 2990 mutavit.
5008 2935 5256 3004 Nunquid
5284 2936 5428 2989 enim

3875 3042 3980 3080 non
4013 3036 4199 3079 contra
4241 3036 4492 3077 naturam
4549 3035 4634 3078 est
4682 3025 4940 3077 mundum
4967 3039 5032 3077 ex
5079 3023 5243 3076 nihilo
5272 3022 5433 3076 fieri:

3887 3117 4027 3169 unde
4057 3124 4112 3168 ct
4140 3130 4166 3166 a
4195 3113 4528 3182 philosophis
4557 3113 4755 3165 dicitur
4812 3112 5020 3181 (Amsr.
5051 3127 5065 3162 ι
5101 3111 5258 3179 Phys.
5303 3119 5432 3164 text.

3873 3203 3961 3269 54)
4004 3219 4015 3252 :
4049 3221 4066 3249 ι
4111 3201 4246 3264 Quia
4282 3201 4414 3252 nihil
4449 3214 4514 3252 ex
4565 3200 4731 3252 nihilo
4759 3200 4849 3262 fit;
4902 3219 4918 3250 ι
4955 3199 5204 3252 animalia
5234 3213 5335 3251 non
5369 3215 5434 3252 ex

3873 3289 4215 3352 animalibus,
4248 3289 4339 3342 sed
4369 3304 4434 3341 ex
4479 3287 4688 3342 stolidis
4714 3288 5016 3352 elementis,
5050 3286 5164 3342 solo
5181 3283 5434 3354 jussionis

3874 3378 4102 3446 imperio
4124 3379 4334 3439 creari;
4378 3376 4732 3430 dormientem
4760 3376 5032 3430 hominem
5070 3385 5273 3430 costam
5315 3391 5435 3444 per-

3873 3467 4020 3529 dere,
4049 3479 4148 3518 nec
4181 3464 4399 3527 doiere;
4434 3464 4499 3517 de
4525 3463 4640 3517 solo
4670 3465 4785 3516 viro
4815 3463 5065 3518 feminam
5093 3465 5208 3516 sine
5239 3462 5430 3514 femina

3870 3554 4006 3615 fieri,
4035 3562 4088 3605 et
4115 3553 4167 3605 in
4193 3567 4297 3604 una
4335 3561 4478 3605 costa
4509 3553 4694 3605 omnia
4725 3551 4955 3605 hominis
4980 3549 5217 3606 membra
5242 3549 5431 3602 distin-

3870 3645 3990 3712 gui;
4049 3653 4234 3697 mutuo
4288 3657 4346 3697 se
4385 3643 4554 3696 nudos
4609 3643 4868 3711 aspicere,
4909 3651 4962 3695 et
5005 3656 5110 3695 non
5142 3641 5297 3694 modo
5327 3654 5431 3694 non

3869 3737 4210 3796 erubescere.
4248 3733 4341 3787 sed
4364 3733 4652 3806 nequidem
4681 3747 4836 3787 nosse
4861 3730 5012 3802 (Gen.
5065 3732 5124 3801 ιι)
5145 3748 5159 3795 ;
5184 3741 5237 3784 et
5266 3730 5426 3784 multa

3871 3824 3975 3875 alia
4000 3838 4118 3890 quae
4141 3824 4391 3891 persequi
4419 3823 4634 3890 longum
4665 3829 4766 3875 est.
4807 3821 4943 3887 Quid
4974 3836 5101 3890 ergo
5133 3823 5324 3874 mirum
5349 3829 5430 3873 est

3872 3914 3917 3966 si
3946 3914 3991 3966 is
4019 3913 4108 3980 qui
4132 3922 4336 3964 natura:
4364 3911 4533 3980 legem
4565 3912 4710 3965 dedit
4735 3919 4788 3965 et
4811 3913 5075 3974 ordinem,
5113 3927 5271 3979 super
5289 3925 5430 3964 cam-

3869 4003 3993 4056 dem
4044 4010 4292 4054 naturam
4347 4001 4428 4053 sui
4490 4009 4651 4052 nutus
4689 3992 4940 4054 exerceat
4991 3999 5266 4062 ditionem,
5296 4007 5354 4053 ut
5380 3998 5429 4053 ei

3869 4103 4074 4144 natura:
4100 4092 4393 4144 necessitas
4425 4105 4528 4143 non
4565 4089 4779 4142 rebellis
4817 4089 5062 4151 obsistat,
5094 4088 5136 4140 si
5165 4085 5277 4154 ejus
5304 4087 5429 4141 sub-

3868 4188 4037 4235 strata
4063 4179 4289 4246 legibus,
4322 4179 4468 4231 velut
4500 4178 4694 4231 ancilla
4743 4177 5044 4230 deserviat?
5084 4177 5199 4245 Ipsa
5237 4176 5430 4244 quippe

3869 4287 4046 4326 rerum
4076 4280 4270 4323 natura
4299 4271 4461 4323 habet
4497 4279 4744 4324 naturam
4773 4269 4934 4339 630
4967 4284 5142 4331 suam,
5188 4267 5280 4321 Dei
5325 4267 5430 4321 sci-

3866 4362 3988 4414 licet
4023 4361 4377 4421 voluntatem,
4406 4367 4461 4412 ιιι
4489 4360 4782 4412 sicutillius
4805 4360 4950 4424 leges
4975 4357 5227 4424 qualibet
5247 4365 5427 4410 creata

3867 4460 4210 4513 conservant,
4241 4452 4318 4502 sic
4352 4450 4437 4502 illa
4470 4466 4590 4503 cum
4612 4449 4828 4516 jubetur
4867 4449 4946 4502 sui
4978 4448 5113 4514 juris
5133 4447 5316 4507 oblita,
5343 4445 5426 4497 di-

3871 4544 4006 4594 vina:
4049 4541 4310 4595 voluntati
4349 4550 4658 4593 reverenter
4691 4539 4926 4594 obediat.
4959 4536 5092 4601 Quid
5129 4544 5213 4588 est
5261 4535 5424 4593 enim.

3869 4632 4137 4697 hodieque
4167 4633 4308 4697 quod
4355 4632 4651 4694 cernimus,
4698 4630 4950 4696 quoniam
4997 4626 5343 4680 Salamandra
5372 4625 5426 4678 in

3870 4719 4082 4790 ignibus
4110 4719 4256 4782 vivit,
4287 4727 4342 4772 et
4366 4734 4472 4773 non
4513 4719 4669 4773 modo
4698 4719 4967 4773 laesionem
5002 4716 5279 4770 adustione
5318 4730 5424 4769 non

3867 4810 4094 4878 patitur,
4126 4810 4217 4862 sed
4273 4817 4525 4876 tanquam
4565 4808 4819 4862 fomentis
4864 4809 5078 4875 insuper
5117 4804 5427 4874 vegetatur?

3867 4900 4094 4966 Quidam
4117 4915 4328 4968 quoque
4357 4899 4636 4952 verlnieuli
4662 4899 4714 4950 in
4750 4896 5160 4952 ferventissimis
5181 4895 5332 4963 aquis
5369 4905 5423 4947 et

3867 4997 4158 5042 nascuntur
4179 4999 4232 5042 ει
4255 4991 4456 5041 vivunt.
4475 4988 4613 5054 Quid
4636 4996 4718 5040 est
4743 4989 4882 5056 quod
4911 4987 5064 5056 palea
5091 4995 5195 5038 tam
5237 4984 5423 5053 frigida

3868 5091 3971 5145 est,
3999 5082 4298 5135 utobrutas
4336 5079 4637 5134 diutissime
4677 5080 4829 5132 nives
4867 5086 5075 5140 servet;
5128 5075 5320 5139 calida,
5371 5085 5426 5129 ut

3867 5187 4021 5240 poma
4051 5170 4302 5240 quaelibet
4333 5169 4524 5224 acerba
4549 5168 4964 5234 maturet?Quid
4991 5177 5096 5232 est,
5122 5168 5260 5235 quod
5283 5165 5423 5234 ignis

3865 5277 3983 5315 cum
4015 5263 4126 5329 ipse
4149 5262 4218 5313 sit
4244 5261 4474 5324 lucidus,
4506 5258 4759 5326 quaeiihet
4780 5261 4821 5313 si
4851 5258 5051 5312 fuerint
5079 5257 5146 5309 ab
5177 5271 5238 5310 eo
5274 5255 5421 5308 adu-

3864 5366 3964 5420 sta,
3997 5356 4344 5424 nigrescunt;
4376 5362 4576 5406 etcum
4609 5353 4723 5419 ipse
4751 5351 5108 5421 resplendeat,
5157 5347 5421 5418 quidquid

3859 5456 3910 5498 et
3934 5446 4100 5499 ambit
4128 5453 4181 5497 et
4203 5442 4412 5505 lambit,
4434 5441 4827 5509 pulcherrimus
4853 5437 5156 5493 decolorat?
5191 5434 5405 5489 Verum-

3863 5543 4039 5589 tamen
4065 5534 4268 5604 lapides
4293 5533 4414 5602 igne
4439 5533 4703 5586 candente
4734 5531 4989 5602 percocti,
5035 5541 5090 5583 et
5134 5528 5233 5597 ipsi
5285 5536 5411 5581 sunt

3864 5629 4106 5690 candidi;
4157 5637 4215 5680 et
4240 5626 4490 5695 quamvis
4525 5625 4611 5678 ille
4642 5625 4810 5692 magis
4846 5626 5054 5681 rubeat.
5088 5622 5160 5674 illi
5197 5619 5418 5673 flammis

3867 5718 4176 5782 albescunt;
4215 5715 4317 5770 luci
4341 5723 4517 5770 tamen
4547 5716 4796 5783 congruit
4835 5715 5039 5782 album,
5071 5711 5304 5766 tenebris
5333 5711 5415 5764 ni-
