5664 6590
715 419 819 475 613

1551 402 1793 462 OPUSC.
1840 397 2079 455 XXXVI.
2119 426 2187 436 —
2227 394 2315 449 DE
2354 390 2585 449 DlV'INA
2624 383 3027 446 OllNlPOTEN
3047 382 3167 438 l'lA.

3900 372 4007 432 6M

713 540 891 598 grum.
934 522 1189 591 Cumque
1221 517 1360 588 ignis
1397 515 1452 569 in
1498 512 1665 583 lignis
1698 510 1910 573 ardeat,
1966 506 2169 575 lapides
2210 516 2303 556 co—
2338 506 2385 565 Α
2413 500 2549 555 utin
2579 487 3709 598 caeteris-ascenduntur.esstiuetre?PQiiis
3749 490 3800 544 in
3841 488 4009 591 Eg?-

712 590 866 686 qnat,
899 590 1212 669 contrarios
1241 608 1403 663 habet
1430 604 1485 659 in
1511 620 1617 659 non
1642 597 2138 686 contrariis-rebus
2176 590 2307 648 effe-

712 684 852 758 ctus.
880 703 1039 756 Licet
1064 699 1209 753 enim
1241 696 1349 750 sint
1372 692 1601 763 lapides,
1633 698 1689 745 et
1730 690 1879 757 ligna
1915 684 2154 744 diversa,
2182 694 2309 733 con-

712 803 823 848 stat
856 802 1047 846 tamen
1072 804 1180 843 non
1216 802 1340 840 esse
1372 782 1665 845 contraria,
1701 779 1845 833 sicut
1892 775 2076 829 album
2123 780 2179 825 et
2220 769 2304 822 ni-

712 900 896 958 grum,
933 894 1172 952 quorum
1196 878 1250 931 in
1276 875 1544 940 lapidibus
1568 884 1761 933 unum,
1798 863 2037 958 inlignis
2078 858 2309 958 exhibet

712 949 969 1032 alterum:
1002 971 1129 1025 Illos
1148 968 1290 1023 enim
1314 963 1598 1025 clariﬁcat,
1627 962 1742 1014 haec
1783 954 2033 1018 oll'uscat,
2063 952 2200 1005 dum
2252 949 2306 1001 in

714 1068 822 1123 iliis
865 1065 1099 1120 omnino
1144 1059 1417 1118 deﬁceret.
1471 1054 1574 1108 nisi
1635 1052 1689 1105 in
1755 1049 1877 1103 istis
1925 1047 2146 1099 viveret.
2199 1042 2309 1095 Cur

712 1155 966 1213 etiamin
994 1148 1322 1206 carbonibus
1344 1150 1490 1197 tanta
1534 1139 1842 1201 inﬁrmitas,
1893 1142 1952 1187 ut
1988 1134 2100 1187 ictu
2143 1129 2308 1183 levis~

712 1244 853 1299 simu
904 1241 1253 1306 frangantur,
1284 1245 1475 1301 pressu
1508 1226 1765 1283 facillimo
1815 1226 2197 1282 conterantur;
2232 1225 2306 1306 et

713 1340 866 1389 tanta
896 1302 1158 1387 ﬁrmitas,
1186 1331 1247 1375 ut
1274 1319 1421 1373 nullo
1445 1319 1670 1371 humore
1691 1316 2127 1378 corrumpantur,
2156 1302 2305 1358 nulla

712 1436 938 1493 prorsus
962 1424 1126 1471 astate
1154 1412 1457 1472 vincantur,
1479 1420 1651 1475 usque
1674 1403 1829 1467 adeo,
1851 1409 1909 1454 ut
1933 1413 2039 1493 eos.
2054 1396 2307 1493 subster—

715 1487 845 1566 nere
876 1506 1117 1568 soleant,
1155 1502 1247 1571 qui
1279 1499 1478 1553 limites
1508 1498 1699 1565 ﬁgunt,
1732 1502 1999 1562 quatenus
2030 1487 2304 1555 litigantes

714 1614 903 1655 eorum
934 1591 1250 1650 ostentione
1286 1587 1627 1645 convincam,
1682 1584 1727 1635 si
1775 1580 1867 1649 qui
1920 1588 2043 1647 post
2097 1587 2303 1628 annosa

715 1705 780 1745 ac
810 1688 1077 1742 diuturna
1107 1691 1411 1750 temporum
1442 1672 1713 1730 curricula
1746 1670 1916 1724 ﬁxum
1961 1665 2193 1735 lapidein
2244 1663 2309 1714 li-

716 1780 902 1834 mitem
932 1792 1044 1829 non
1074 1787 1196 1827 esse
1222 1766 1588 1824 contendant?
1613 1763 1745 1830 Quis
1770 1761 1915 1816 enim
1946 1774 2041 1814 eos
2076 1755 2310 1811 infossus

2408 598 2501 659 pto
2524 586 2829 656 huiusmodi
2850 584 3011 638 ﬁcum
3032 581 3336 644 constituit,
3362 580 3517 648 cujus
3545 578 3774 648 lignum,
3802 592 3925 631 cum
3951 577 4008 633 in

2408 678 2606 733 ﬂuenta
2638 677 2942 747 projicitur,
2979 689 3085 727 non
3133 673 3200 727 ad
3230 672 3497 747 lignorum
3553 669 4006 726 consuetudinem

2406 770 2587 840 potius
2619 746 2822 831 enatet,
2855 764 2949 821 sed
2977 766 3030 817 in
3060 762 3326 834 profunda
3374 746 3691 831 mergatur;
3742 758 3999 829 quodque

2408 869 2495 913 est
2524 859 2850 921 mirabilius,
2876 864 3163 926 postquam
3196 855 3249 908 in
3294 868 3402 907 uno
3451 853 3742 921 aliquando
3786 866 4003 906 manse-

2410 950 2504 1013 rit,
2572 950 2697 1004 inde
2748 949 2815 1002 ad
2896 962 3051 1017 aquae
3107 945 3450 1015 superﬁciem
3500 960 3689 999 rursus
3737 946 3993 1013 emergit,

2407 1038 2626 1108 quando
2649 1038 2855 1091 scilicet
2878 1036 3241 1090 madefactum
3270 1034 3519 1089 humoris
3542 1035 3783 1103 pondere
3814 1034 4003 1089 debuit

2408 1129 2775 1199 praegravari?
2814 1128 2955 1195 Quid
2985 1138 3069 1183 est
3107 1129 3251 1197 quod
3276 1129 3328 1201 in
3371 1128 3516 1181 arvis
3549 1126 3797 1182 Sodomae
3828 1142 3993 1197 poma

2410 1218 2718 1286 gignuntur,
2747 1233 2868 1287 quae
2896 1218 2962 1270 ad
2985 1218 3320 1271 maturitatis
3335 1217 3551 1286 quidem
3571 1218 3807 1286 speciem
3824 1233 4000 1287 usque

2408 1307 2762 1374 perveniunt;
2794 1306 2889 1360 sed
2915 1321 3119 1371 morsu,
3143 1320 3404 1373 pressuve
3429 1314 3656 1371 tentata,
3686 1307 3737 1358 in
3769 1305 3998 1371 fumum,

2409 1398 2494 1452 vel
2522 1398 2759 1452 favillam
2785 1398 2933 1453 corio
2962 1398 3648 1461 fatiscente,evaneseunt?
3669 1397 3807 1464 Quid
3831 1401 4000 1452 etiam

2410 1488 2637 1556 quod'in
2678 1487 3035 1556 Cappadocite
3066 1486 3267 1540 ﬁnibus
3302 1502 3455 1554 equre
3493 1501 3555 1540 cx
3598 1497 3761 1540 vento
3809 1488 3990 1541 conci-

2410 1576 2590 1645 piunt,
2638 1576 2911 1644 iidemque
2938 1574 3081 1628 fetus
3120 1574 3337 1628 nonnisi
3371 1576 3437 1630 ad
3489 1575 4001 1643 triennium‘usqne

2412 1668 2639 1721 vivunt?
2676 1666 2827 1721 Unde
2862 1667 3057 1721 Thilon
3085 1667 3247 1721 Indiae
3276 1666 3471 1732 insula,
3513 1665 3818 1733 huiusmodi
3852 1667 4001 1721 vires

2414 1758 2599 1822 habet,
2638 1766 2698 1811 ut
2725 1773 2917 1813 omnes
2940 1760 2991 1810 in
3014 1773 3077 1811 ea
3108 1759 3243 1811 rami
3280 1759 3538 1812 arborum
3586 1774 3860 1827 nunquam
3904 1775 4001 1813 nu-

715 1870 953 1925 humida:
979 1869 1173 1930 foveas,
1204 1864 1295 1918 ubi
1348 1861 1489 1932 ligna
1540 1864 1934 1929 putrescerent,
1973 1852 2162 1909 tandiu
2208 1851 2305 1904 du-
2337 1851 2379 1909 ll
2411 1849 2603 1903 dentur
2630 1849 2863 1918 tegmine
2896 1847 3185 1903 foliorum?
3241 1847 3395 1902 Unde
3421 1858 3475 1903 et
3510 1858 3651 1902 terra
3713 1848 3800 1901 illa
3850 1851 3995 1904 oeci.

723 1976 848 2015 rare
878 1954 1371 2025 incorruptibiliter
1400 1960 1603 2021 posset,
1637 1948 1739 2003 nisi
1768 1961 1947 2000 rerum
1982 1943 2069 1998 ille
2114 1957 2305 1997 corru-

717 2059 841 2120 ptor
861 2048 1004 2117 ignis
1026 2040 1447 2100 efﬁceret?Calx
1464 2052 1677 2107 quoque
1692 2041 2015 2104 conceptum
2033 2034 2211 2103 ignem
2230 2039 2309 2083 at-

719 2153 824 2208 que
835 2138 1077 2206 sopitum
1096 2134 1172 2188 sic
1183 2130 1546 2186 occultissime
1559 2136 1760 2190 servat,
1781 2134 1841 2179 ut
1857 2140 2015 2179 nemo
2045 2121 2319 2192 tangendo.

719 2230 941 2291 sentiat,
968 2228 1067 2282 sed
1093 2242 1215 2281 cum
1243 2223 1628 2291 exstinguitur,
1679 2229 1806 2273 tunc
1861 2218 2199 2280 accenditur,
2256 2224 2310 2269 et

721 2322 997 2375 sentitur:
1028 2326 1088 2371 ut
1120 2316 1263 2370 enim
1310 2313 1428 2367 calx
1486 2313 1591 2365 vim
1640 2308 2004 2378 occultiignis
2050 2306 2305 2377 expellat,

723 2426 859 2480 aqua
890 2407 1273 2479 perfunditur;
1304 2412 1358 2459 et
1384 2419 1506 2457 cum
1537 2410 1663 2455 ante
1694 2399 1886 2469 frigida
1914 2398 2001 2459 sit,
2036 2397 2162 2451 inde
2201 2396 2307 2449 fer-

722 2500 909 2562 vescit,
958 2498 1104 2551 unde
1134 2494 1399 2549 ferventia
1449 2500 1645 2547 cuncta
1675 2489 1996 2560 frigescunt.
2018 2488 2089 2541 At
2129 2486 2171 2541 si
2206 2502 2311 2541 non

723 2609 884 2662 aqua,
910 2591 1007 2647 sed
1060 2589 1262 2652 oleum,
1295 2586 1439 2656 quod
1471 2587 1657 2655 utique
1695 2584 1866 2639 fomes
1895 2592 1979 2637 cst
2010 2583 2170 2651 ignis,
2214 2583 2311 2635 ad~

726 2685 973 2747 hibetur,
1003 2680 1153 2736 nulla
1180 2678 1299 2747 ejus
1332 2676 1601 2733 infusione
1628 2676 1778 2731 calor
1805 2674 1889 2731 vel
1922 2674 2179 2729 minimus
2223 2689 2311 2727 ex-

728 2772 948 2827 citatur.

796 2862 935 2928 Quid
965 2876 1098 2931 ergo
1128 2860 1347 2923 mirum,
1380 2858 1422 2913 si
1458 2857 1802 2927 omnipotens
1836 2858 1976 2910 Deus
2006 2856 2061 2909 in
2097 2855 2311 2924 magnis

727 2968 954 3022 magnus
976 2949 1316 3012 ostenditur,
1341 2964 1463 3003 cum
1505 2949 1670 3002 etiam
1694 2947 1746 3000 in
1770 2946 2010 2999 minimis
2038 2952 2313 3014 alquecx-

729 3043 919 3097 tremis
954 3040 1266 3111 quibusque
1301 3039 1461 3092 rebus
1511 3048 1619 3091 tam
1669 3036 1994 3090 mirabiliter
2018 3033 2315 3103 operetur?

730 3133 865 3199 Quid
902 3131 1050 3184 enim
1083 3129 1243 3183 vilius
1274 3127 1407 3195 pelle
1446 3125 1691 3181 colubri?
1721 3124 1765 3177 si
1817 3133 1996 3177 tamen
2043 3123 2163 3177 oleo
2205 3122 2311 3175 fer-

729 3230 982 3276 vescente
1002 3218 1343 3287 decoquitur,
1369 3216 1505 3269 mire
1533 3231 1627 3284 per
1651 3229 1770 3267 eam
1794 3213 1948 3267 dolor
1976 3212 2189 3266 aurium
2214 3212 2315 3265 mi-
2340 3191 2383 3250 (ἶ

730 3314 954 3382 tigatur.
983 3309 1125 3378 Quid
1149 3306 1374 3360 inferius
1399 3303 1624 3359 cimice?
1656 3302 1714 3358 Si
1766 3302 2092 3372 sanguisuga
2146 3299 2315 3354 fauci-

739 3400 840 3454 bus
867 3398 1108 3461 hmserit,
1154 3395 1301 3448 fumo
1327 3391 1448 3460 ejus
1475 3401 1723 3461 excepto,
1774 3391 1959 3446 statim
2007 3390 2307 3454 evomitur;

734 3490 906 3544 urinae
933 3502 1152 3560 quoque
1178 3484 1467 3541 difﬁcultas
1513 3484 1674 3553 hujus
1711 3482 2052 3552 appositione
2078 3480 2313 3535 laxatur.

731 3580 867 3647 Quid
895 3580 961 3635 de
996 3578 1282 3633 adamante
1309 3574 1559 3636 referam,
1585 3573 1676 3643 qui
1712 3588 1817 3626 non
1844 3574 1991 3637 igne,
2035 3584 2142 3625 non
2170 3570 2315 3625 ferro

734 3669 1013 3734 dividitur,
1038 3667 1257 3737 ullaque
1283 3664 1384 3719 alia
1414 3666 1487 3729 vi,
1523 3664 1623 3718 nisi
1658 3664 1923 3717 duntaxat
1951 3664 2162 3718 hircino
2192 3678 2318 3716 san-

736 3759 895 3829 guine
939 3773 1045 3812 non
1077 3755 1328 3811 secatur?
1369 3752 1508 3819 Quid
1536 3760 1622 3807 est
1652 3751 1795 3821 quod
1844 3761 2148 3820 magnetem
2177 3751 2313 3820 lapi-

737 3849 857 3905 dem
905 3846 1209 3903 mirabilem
1246 3843 1373 3899 ferri
1421 3843 1550 3897 facit
1581 3856 1700 3897 esse
1741 3842 2053 3911 raptorem?
2081 3841 2184 3907 Qui
2238 3850 2313 3895 ta-

738 3951 857 3993 men
884 3940 927 3992 si
960 3938 1185 3991 adamas
1202 3933 1356 4003 juxta
1390 3933 1629 4002 ponitur,
1654 3948 1759 3985 non
1788 3931 2078 4000 modojain
2108 3931 2313 3986 ferrum

737 4027 1044 4083 nullatenus
1072 4025 1233 4094 rapit,
1264 4026 1356 4079 sed
1387 4031 1436 4077 et
1463 4022 1507 4077 si
1533 4021 1643 4090 jam
1671 4030 1945 4089 rapuerat,
1971 4028 2030 4074 ut
2051 4021 2099 4074 ei
2124 4036 2318 4091 appro—

736 4116 1097 4187 pinquaverit,
1124 4130 1247 4169 mox
1284 4112 1539 4175 remittit;
1568 4120 1824 4179 tanquam
1848 4110 1893 4163 si
1926 4110 2061 4179 lapis
2084 4110 2315 4178 lapisem

739 4205 947 4271 timeat,
978 4213 1035 4260 et
1060 4202 1205 4258 velut
1230 4211 1359 4257 ante
1388 4208 1738 4269 conspectum
1792 4199 2016 4267 majoris
2065 4202 2318 4269 potentias

738 4294 877 4349 vires
908 4292 1155 4364 proprias
1184 4291 1395 4360 perdat.
1445 4288 1556 4343 Nec
1606 4288 1735 4343 latet
1763 4288 2017 4341 asheston
2068 4289 2318 4343 Arcadia:

738 4383 965 4455 lapidem
998 4392 1285 4454 propterea
1314 4382 1395 4436 sic
1434 4381 1635 4446 vocari,
1658 4381 1801 4449 quod
1846 4394 2108 4435 accensus
2139 4380 2305 4435 semel

738 4476 843 4536 iam
868 4491 971 4531 non
997 4483 1179 4544 posset
1206 4474 1364 4544 631
1390 4474 1687 4543 exstingui.
1720 4472 1933 4543 Pyrites
1962 4474 2125 4527 etiam
2154 4473 2313 4542 lapis,

2408 1940 2529 1993 duis
2558 1940 2806 2009 partibus
2846 1939 2989 1993 hanc
3013 1948 3307 1993 consecuta
3346 1950 3431 1993 est
3471 1940 3813 2010 dignitatem,
3840 1950 3899 1993 ut
3927 1957 3999 1996 ex

2409 2031 2664 2085 arborum
2688 2029 2855 2083 ramis
2882 2028 3130 2085 volucres
3160 2030 3445 2099 prodeant,
3502 2040 3556 2084 et
3612 2031 3679 2084 ad
3712 2045 3997 2100 pomorum

2411 2121 2820 2175 similitudinem
2844 2120 3071 2174 animati
3108 2130 3270 2188 atque
3295 2121 3516 2188 pennali
3569 2119 3780 2176 fructus
3812 2136 3997 2176 erum~

2409 2209 2577 2279 pant?
2609 2208 2762 2263 Sicut
2789 2210 2933 2264 enim
2963 2207 3227 2272 referunt,
3252 2210 3345 2277 qui
3393 2224 3452 2263 se
3475 2210 3675 2264 vidisse
3708 2219 3998 2278 testantur,

2409 2299 2669 2367 paulatim
2716 2299 2908 2353 incidit
2942 2298 3233 2369 pendulum
3260 2298 3389 2367 quid
3415 2313 3481 2352 ex
3514 2314 3669 2352 ramo
3714 2300 3998 2368 suspendi,

2412 2388 2679 2447 deindein
2718 2390 3012 2459 imaginem
3061 2388 3297 2443 volucris
3326 2389 3672 2457 speciemque
3720 2390 3943 2444 formari
3979 2406 3995 2446 :

2413 2488 2687 2549 postremo
2714 2480 3251 2548 quantulumcunque
3281 2479 3640 2547 plumeseens,
3661 2480 3805 2533 hiatu
3831 2481 3995 2535 rostri

2414 2584 2531 2623 sese
2553 2572 2621 2623 ah
2655 2569 2849 2624 arbore
2891 2570 3088 2623 dividit
3145 2571 3331 2638 sicque
3354 2585 3527 2623 novus
3554 2571 3697 2623 aeris
3730 2570 4005 2626 habitator

2416 2672 2540 2714 ante
2592 2675 2730 2730 pene
2781 2661 2942 2715 discit
2987 2664 3190 2724 volare,
3246 2676 3408 2729 quam
3456 2663 3660 2715 vivere.
3710 2661 4001 2715 Enimvero

2414 2751 2534 2817 quis
2559 2760 2639 2805 tot
2669 2752 2883 2804 virtutis
2918 2751 3117 2804 divinae
3148 2750 3438 2820 magnalia,
3484 2766 3602 2819 qua?
3632 2765 3697 2806 co
3724 2760 3822 2805 itra
3850 2766 4002 2805 com-

2416 2858 2631 2896 munem
2659 2852 2866 2896 naturae
2897 2844 3145 2896 ordinem
3178 2843 3330 2901 ﬁunt,
3367 2857 3692 2897 enumerare
3737 2841 4006 2901 suﬂieiat?

2418 2931 2520 2997 Qui
2551 2933 2805 2987 nimirum
2841 2950 2947 2987 non
2980 2932 3248 2985 humanis
3279 2933 3623 2985 discutienda
3665 2940 3791 2986 sunt
3836 2947 4003 3002 argu-

2418 3024 2639 3087 mentis,
2666 3026 2758 3078 sed
2789 3026 2977 3078 virtuti
3008 3023 3189 3093 potius
3236 3024 3586 3091 relinquenda
3617 3035 3744 3077 sunt
3773 3025 4000 3080 Creato-

2419 3114 2517 3167 ris.
2552 3115 2689 3181 Quid
2713 3131 2841 3185 ergo
2863 3116 3058 3168 mirum
3088 3116 3131 3168 si
3156 3116 3222 3175 is,
3264 3116 3355 3183 qui
3390 3116 3653 3168 naturalia
3683 3132 3860 3169 rerum
3890 3134 4009 3171 ont-

2417 3207 2564 3259 nium
2604 3205 2727 3272 jura
2768 3205 3061 3273 disposuit,
3114 3213 3169 3257 et
3199 3204 3373 3272 ipsum
3404 3214 3616 3258 natura
3664 3205 3912 3259 ordinem
3939 3208 4007 3261 ad

2418 3294 2703 3349 arbitrium
2741 3292 3134 3348 ellicacissima‘.
3172 3309 3283 3347 suae
3311 3294 3602 3349 voluntatis
3647 3295 3902 3364 inflectit,
3950 3308 4011 3352 ut

2417 3383 2510 3451 qui
2532 3391 2766 3435 matrem
2790 3382 3056 3451 virginem
3083 3382 3359 3437 nascendo
3385 3390 3722 3446 servaverat,
3749 3382 4008 3439 violatam

2420 3474 2717 3542 quamlibet
2769 3475 2814 3529 si
2883 3476 3115 3530 voluerit
3178 3477 3445 3543 integrant
3502 3477 3730 3531 reddat?
3779 3478 4015 3547 Equale

2419 3579 2612 3635 nempe
2636 3567 2740 3620 l’ui'.
2771 3567 2900 3631 Deo,
2929 3578 2981 3621 et
3005 3569 3157 3637 prius
3184 3568 3389 3629 Enocli,
3416 3578 3472 3622 et
3499 3568 3671 3622 Etiam
3729 3571 3782 3621 in
3838 3586 4006 3627 carne

2420 3657 2657 3711 retinere
2684 3658 2963 3720 viventes;
2996 3666 3050 3711 et
3082 3668 3203 3726 post
3228 3656 3500 3711 Lazarum
3556 3674 3621 3714 ac
3650 3659 3823 3714 viduae
3841 3660 4011 3717 liliqu

2418 3747 2486 3801 de
2511 3744 2775 3816 sepulcris
2803 3746 3037 3801 educere
3066 3756 3437 3814 resurgentes.

3007 3834 3238 3889 CAPUT
3290 3836 3401 3889 ΧΠ.

2528 3924 2600 3979 De
2621 3925 2819 3995 palatio
2849 3925 3064 3981 Romuli
3107 3939 3152 3981 et
3190 3928 3496 3997 pltilosOp/io
3525 3934 3910 3988 conuentibus.

2495 4016 2690 4071 Nescio
2736 4018 2780 4072 si
2835 4018 3050 4087 legitur,
3088 4019 3181 4073 sed
3214 4036 3243 4072 a
3278 4021 3551 4075 nonnullis
3591 4025 3729 4077 intra
3767 4025 4011 4084 Romana

2422 4110 2620 4163 mantia
2645 4108 2848 4163 celebri
2870 4110 3011 4163 fama
3040 4110 3311 4179 vulgatur,
3345 4113 3489 4182 quod
3521 4115 3773 4171 videlicet
3804 4118 4004 4175 Romu-

2419 4201 2530 4263 lus,
2564 4198 2656 4267 qui
2697 4198 2949 4253 conditor
2982 4197 3143 4253 Urbis
3168 4202 3452 4264 asseritur,
3504 4214 3822 4261 constructo
3862 4210 4012 4278 pala-

2392 4330 2393 4333 η
2419 4291 2514 4355 tio,
2544 4289 2699 4359 cujus
2728 4292 3018 4359 parietina,
3045 4293 3208 4363 632
3241 4294 3371 4349 licet
3398 4298 3682 4363 semiruta,
3711 4315 3775 4354 ex
3808 4314 4007 4372 magna

2421 4380 2598 4435 adhuc
2626 4388 2779 4448 parte
2827 4393 3147 4445 cernuntur,
3189 4384 3254 4454 in
3302 4374 3449 4437 hanc
3487 4401 3703 4452 vocem,
3752 4392 3905 4458 quasi
3940 4394 4006 4447 de

2423 4469 2767 4522 ﬁrmamento
2791 4471 2969 4536 operis
3012 4472 3250 4526 conﬁsus
3291 4476 3575 4543 eruperit:
3619 4478 3839 4532 Certum
3901 4492 4007 4549 est,

745 4565 829 4636 qui
852 4565 905 4619 in
931 4564 1153 4619 pel-side
1184 4564 1475 4633 reperitur,
1510 4578 1609 4617 cur
1653 4561 1722 4616 ab
1770 4563 1891 4632 igne
1927 4579 2121 4617 nomen
2166 4579 2317 4619 accc-
2349 4534 2397 4593 ί)
2425 4558 2618 4628 inquit,
2643 4570 2697 4611 et
2718 4560 3067 4614 iminordliter
3094 4561 3287 4626 ﬁxum,
3320 4564 3445 4631 quia
3470 4566 3572 4620 nisi
3604 4568 3753 4635 virgo
3785 4586 4011 4641 pepere-

743 4658 838 4727 pit,
868 4657 972 4711 nisi
1014 4656 1141 4724 quia
1172 4655 1405 4711 tenentis
1434 4670 1676 4719 manum,
1721 4654 1765 4709 si
1797 4656 2173 4710 vehementius
2195 4671 2319 4725 pre-

740 4759 942 4817 matur,
975 4749 1191 4806 adurit?
1220 4749 1277 4802 ln
1298 4750 1488 4804 eadem
1518 4764 1707 4803 rursus
1741 4748 1961 4805 Perside
1986 4750 2122 4820 lapis
2146 4751 2322 4821 gigni-

745 4848 853 4907 tur,
882 4843 974 4911 qui
996 4841 1248 4896 selenites
1268 4848 1512 4903 vocatur,
1546 4839 1700 4909 cujus
1722 4841 1926 4897 candor
1952 4843 2176 4897 interior
2198 4860 2321 4898 cum

745 4928 866 4985 luna
918 4931 1136 4995 crescit,
1192 4930 1490 4998 eademque
1542 4932 1887 5000 postmodum
1932 4933 1999 4987 ad
2054 4931 2321 4988 defectum

746 5018 1012 5084 tendente,
1038 5018 1324 5073 decrescit.
1379 5016 1518 5083 Quid
1544 5027 1629 5073 est
1660 5027 1945 5088 praeterea,
1973 5021 2115 5090 quod
2159 5020 2319 5089 Agri-

746 5107 1018 5176 gentinum
1069 5106 1268 5163 Siciliae
1296 5107 1375 5161 sal
1403 5108 1568 5178 cogit,
1596 5122 1717 5162 eum
1750 5109 2025 5163 admotum
2059 5109 2164 5179 igni
2203 5108 2322 5163 fue-

750 5196 833 5260 rit,
868 5196 1065 5263 lluere;
1113 5213 1234 5251 cum
1270 5213 1398 5252 vero
1443 5198 1495 5251 in
1535 5213 1729 5266 aquam
1764 5198 2014 5263 mittitur,
2071 5197 2218 5252 velut
2263 5200 2317 5253 in

750 5282 958 5354 ignibus
980 5285 1285 5355 crepitare?
1307 5284 1445 5352 Quid
1473 5295 1555 5340 est
1584 5285 1727 5355 quod
1773 5287 1913 5357 apud
1963 5285 2320 5343 Garamantas

752 5372 1209 5446 efﬁcitquemdam
1238 5376 1437 5433 fontem
1471 5378 1855 5449 tatnfrigidam
1884 5378 2094 5444 diebus,
2128 5390 2185 5432 ut
2211 5395 2320 5434 non

751 5465 987 5535 bibatur;
1032 5476 1140 5522 tam
1162 5467 1429 5523 fervidum
1457 5470 1730 5534 noctibus,
1784 5480 1841 5523 ut
1891 5486 1996 5524 non
2033 5471 2325 5540 tangatur?

754 5554 880 5622 Quis
908 5558 958 5611 in
990 5558 1152 5629 Epiro
1175 5559 1339 5613 alium
1371 5558 1574 5614 fontem
1620 5560 1693 5613 ita
1730 5559 2033 5614 mirabilem
2069 5560 2321 5629 praebuit,

755 5655 809 5700 ut
837 5662 957 5702 cum
983 5650 1056 5704 sit
1079 5641 1812 5721 contrectantibusfrigidus,
1846 5650 1899 5704 in
1925 5664 1990 5705 eo
2030 5659 2214 5705 tamen
2248 5652 2326 5704 fa-

754 5752 859 5811 ces,
883 5751 941 5800 ut
970 5743 1025 5800 in
1055 5746 1265 5803 caeteris
1316 5746 1736 5819 exstinguuntur
1782 5762 2044 5818 accensae,
2082 5748 2179 5806 sed
2214 5762 2325 5804 non

2426 4651 2523 4713 rit,
2564 4652 2755 4704 domus
2779 4652 2879 4704 ista
2921 4668 3027 4705 non
3059 4665 3301 4708 corruet.
3336 4656 3559 4725 Sicque,
3605 4661 3650 4713 si
3699 4670 3878 4717 tamen
3927 4682 4011 4721 ve-

2425 4756 2544 4794 rum
2572 4751 2653 4795 est
2680 4743 2821 4811 quod
2854 4744 3138 4807 asseritur,
3192 4760 3257 4799 ex
3289 4748 3506 4817 gentilis
3530 4750 3766 4805 hominis
3803 4754 4006 4825 lingua,

2424 4832 2564 4885 sicut
2590 4833 2666 4885 rei
2710 4833 2956 4902 probavit
3002 4848 3250 4899 eventus,
3303 4853 3522 4906 egressa
3565 4849 3649 4895 est
3698 4847 4004 4912 prophetia.

2425 4920 2558 4974 Nam
2596 4932 2772 4986 nocte,
2795 4938 2900 4991 qua
2930 4923 3183 4980 Salvator
3210 4928 3277 4981 ad
3302 4928 3730 4997 redemptionem
3760 4944 4002 4991 nostrain

2423 5028 2491 5068 ex
2514 5013 2760 5082 virginali
2791 5015 2911 5070 alvo
2940 5018 3222 5085 processit,
3276 5020 3416 5075 sicut
3464 5022 3687 5088 dicitur,
3736 5026 4000 5095 palatium

2426 5105 2651 5159 corruit.
2688 5104 2986 5176 Utrumque
3008 5108 3266 5164 nimirum
3308 5120 3363 5165 et
3406 5113 3669 5183 virginem
3709 5132 3923 5185 parere,
3952 5128 4004 5175 et

2427 5196 2717 5253 aedilicium
2742 5214 2919 5263 ruere,
2948 5200 3149 5255 homini
3168 5202 3333 5256 Deum
3363 5204 3659 5273 ignoranti.
3678 5207 4009 5278 impossibile

2427 5289 2729 5345 videbatur.
2762 5290 2831 5345 At
2858 5292 2949 5361 qui
2974 5301 3261 5364 utrumque
3291 5310 3505 5364 semper
3541 5300 3735 5365 potuit,
3770 5299 3863 5353 sed
3908 5301 3995 5354 diu

2428 5379 2569 5434 intra
2594 5382 2896 5450 prudentia:
2926 5398 3040 5437 suae
3095 5396 3307 5439 secreta
3354 5388 3644 5453 continuit,
3714 5398 4006 5461 utrumque

2426 5488 2553 5527 cum
2600 5473 2791 5538 voluit,
2850 5489 2947 5543 per
2988 5473 3239 5531 eﬁectum
3266 5479 3445 5547 operis
3478 5494 3721 5550 congruo
3769 5490 4012 5550 tempore

2429 5563 2745 5619 declaravit.
2795 5564 2931 5619 illud
2969 5565 3128 5635 plane
3176 5567 3500 5636 stupendum
3541 5578 3648 5635 est,
3681 5572 3822 5639 quod
3864 5585 4009 5625 nunc

2430 5652 2679 5709 homines
2709 5654 2763 5707 in
2795 5652 3053 5709 Ecclesia:
3092 5655 3299 5725 gremio
3331 5671 3435 5709 non
3475 5658 3636 5711 modo
3688 5658 3882 5719 renati,
3918 5657 4011 5710 sed

2430 5745 2595 5803 etiam
2620 5746 2755 5815 nati,
2791 5754 2902 5801 tam
2935 5748 3216 5814 aulacter,
3246 5755 3353 5801 tam
3387 5747 3732 5819 impudenter
3764 5749 4014 5821 omnipo-
