5664 6668
2302 393 2404 449 615

2736 396 2795 452 ὃ.
2835 395 3033 453 PETRI
3073 399 3352 456 DAMIANI
3391 400 3541 458 OPP.
3584 404 3817 462 TOMUS
3860 406 3988 463 εει]
4035 409 4212 468 PARS
4250 415 4333 469 ill.
4376 446 4441 456 —
4479 417 4840 477 OPUSCULA
4879 420 5100 480 VABIA.

5424 435 5519 492 6l6

2301 501 2438 558 tenti
2476 501 2592 557 Deo
2624 502 2946 559 calumniam
2981 510 3434 577 Impossibilitatis
3490 515 3765 583 objiciunt,
3815 528 3870 570 et
3899 534 3941 589 Α
3972 531 4025 575 et
4048 525 4242 592 plumis
4269 526 4500 596 undique
4524 543 4808 598 coopertus
4836 539 5073 602 exsiluit,
5104 541 5216 597 alas
5238 559 5513 614 percussit,

2299 594 2551 663 protinus
2597 594 2886 649 absorbere
2917 597 3112 650 terreni
3150 600 3436 656 subsecivii
3468 609 3722 673 voragine
3761 621 3864 660 non

2295 694 2614 754 pavescent.
2642 686 2939 743 Erubescat
2957 689 3068 758 jam
3092 691 3271 762 lingua
3301 695 3632 763 pbrenetica,
3657 708 3711 752 et
3745 715 3866 769 qua:

2301 776 2478 830 nescit
2513 789 2632 831 esse
2661 776 2908 841 facunda,
2963 781 3136 835 discat
3192 798 3314 839 esse
3338 787 3419 839 vel
3472 797 3638 840 muta.
3684 788 3870 846 Nesrit

2292 863 2672 920 :editlcatiouis
2696 877 2977 936 augmenta
3004 873 3342 938 depromere,
3371 877 3505 929 sciat
3527 876 3720 930 saltem
3747 880 3866 934 sine

2297 950 2418 1005 fidei
2456 953 2823 1008 destructione
2874 965 3071 1010 tacere.
3126 961 3376 1029 Alioquin
3427 963 3710 1017 abscindat
3761 967 3863 1021 sibi

2295 1037 2442 1094 ferro
2489 1043 2808 1111 praeputium
2843 1061 2938 1114 per
2982 1047 3294 1114 vindictam,
3345 1065 3451 1104 non
3505 1053 3607 1106 sibi
3649 1052 3861 1110 frenum

2294 1127 2552 1182 adhibeat
2573 1145 2670 1200 per
2690 1133 2891 1188 silentii
2922 1135 3278 1206 disciplinam.
3312 1140 3577 1196 Ventilent
3609 1150 3861 1214 quaestio.

2288 1231 2387 1272 nes
2415 1233 2542 1274 suas
2571 1223 2662 1290 qui
2687 1225 2888 1286 volunt.
2937 1227 3091 1295 juxta
3140 1231 3360 1284 modum
3401 1243 3454 1286 et
3492 1237 3738 1290 ordinem
3759 1238 3861 1292 dis-

2281 1311 2530 1374 cerendi,
2592 1312 2716 1366 dum
2748 1329 2872 1370 vero
2897 1330 2994 1383 per
3023 1319 3279 1389 ambages
3305 1336 3432 1376 suas
3483 1334 3540 1378 et
3587 1327 3850 1382 scholaris

2285 1393 2528 1452 infantia:
2569 1401 2769 1454 namias
2814 1407 3195 1460 contumeliam
3250 1425 3355 1463 non
3406 1412 3644 1467 inferant
3685 1416 3849 1470 Crea-

2284 1488 2423 1550 tori;
2483 1489 2763 1558 sciantque
2799 1493 3291 1564 impossibilitatem
3330 1501 3490 1555 istam
3519 1505 3573 1556 in
3606 1507 3716 1572 ipsa
3764 1522 3851 1560 re-

2281 1589 2402 1628 rum
2425 1590 2544 1630 esse
2570 1588 2778 1643 natura,
2814 1592 2867 1636 et
2902 1585 3184 1641 verborum
3210 1605 3272 1643 ex
3301 1602 3417 1646 arte
3440 1598 3848 1661 procedentium

2280 1668 2687 1732 consequentia,
2723 1686 2828 1724 non
2862 1672 2926 1725 ad
2976 1685 3226 1731 virtutem
3263 1681 3540 1748 pertinere
3583 1685 3844 1758 divinam,

2278 1753 2524 1824 nihilque
2578 1759 2774 1815 divinae
2823 1766 3119 1835 majestatis
3167 1772 3398 1826 evadere
3436 1788 3592 1841 posse
3641 1788 3836 1847 poten-

3970 619 4024 662 et
4068 613 4282 677 cecinit,
4333 614 4541 681 plumas
4587 625 4895 688 concussit,
4926 635 5203 700 totumque
5242 613 5512 704 liquamen

3969 713 4130 766 super
4155 717 4271 766 eos,
4313 707 4401 773 qui
4442 717 4922 778 convescetiantnr,
4969 735 5214 790 aSperstt.
5263 727 5405 786 illico
5431 747 5514 786 sa-

3969 788 4245 857 crilegium
4272 792 4596 862 blasphcma:
4630 806 4944 863 temeritatis
4980 788 5137 881 digna
5164 827 5320 883 poena
5346 827 5516 888 sequi-

3969 882 4056 928 tur
4104 881 4336 935 ultionia.
4369 884 4502 940 Nam
4548 900 4601 943 et
4651 893 4703 945 in
4752 899 5061 966 aspersione
5103 881 5336 973 piperis,
5375 881 5512 978 lepra

3964 971 4202 1032 percussi
4237 983 4382 1027 sunt.
4418 976 4586 1043 Quam
4612 984 4856 1039 videlicet
4881 988 5088 1058 plagam
5108 971 5220 1048 non
5243 997 5399 1052 modo
5421 1001 5511 1067 ipsi

3962 1069 4130 1122 usque
4151 1059 4218 1111 ad
4249 1062 4454 1117 obitum
4492 1071 4847 1136 pertulerunt,
4874 1079 4966 1132 sed
4993 1088 5047 1132 et
5071 1085 5301 1149 posteris
5327 1059 5510 1142 stus-in

3959 1160 4149 1202 omnes
4176 1157 4574 1222 generationes,
4615 1163 4757 1217 velut
4801 1169 5068 1235 quoddam
5101 1173 5509 1243 limreditarium,

3959 1236 4312 1305 reliquerunt.
4339 1243 4489 1300 Unde
4513 1247 4713 1304 factum
4757 1264 4857 1316 est,
4889 1268 4944 1310 ut
4976 1259 5028 1313 in
5058 1259 5365 1319 fatnulatum
5390 1236 5510 1321 sub;

3961 1327 4064 1376 acti
4105 1329 4214 1380 sint
4257 1344 4455 1387 sanctte
4482 1335 4834 1398 Bononiensis
4871 1346 5143 1415 Ecclesite,
5187 1367 5303 1421 qua:
5329 1355 5506 1410 videli~

3957 1411 4128 1466 cetB.
4163 1415 4308 1472 Petri
4363 1426 4586 1490 apostoli
4633 1439 4716 1483 est
4767 1433 5019 1504 insignita
5055 1411 5328 1496 vocabulo.
5376 1445 5508 1511 Quo-

3956 1516 4070 1554 rum
4092 1510 4395 1576 progenies,
4410 1523 4468 1567 ut
4491 1517 4690 1574 relator
4712 1528 4964 1590 asseruit,
4991 1528 5094 1584 huc
5117 1546 5280 1601 usque
5302 1534 5502 1605 leprosa

3952 1590 4054 1646 hoc
4083 1595 4337 1656 illatiouis
4375 1619 4583 1662 canone
4636 1617 4840 1668 censita
4889 1628 5017 1673 est:
5051 1631 5109 1676 ut
5152 1639 5218 1679 ex
5261 1630 5504 1695 operibus

3950 1697 4465 1748 manuum‘suarum
4516 1698 4746 1755 inferant
4778 1705 5031 1764 Eeclcsire
5056 1715 5356 1782 capisteria.
5394 1717 5501 1782 Sir,

3949 1774 4028 1828 sic
4052 1778 4304 1835 nimirum
4331 1785 4528 1854 duplici
4550 1806 4740 1859 parum,
4770 1796 4950 1865 leprae,
4981 1803 5136 1855 simul
5162 1813 5215 1858 et
5238 1807 5502 1864 servitutis

3641 1840 3658 1847 -
4405 1840 4417 1854 ι
4492 1840 4527 1842 "
4550 1840 4740 1859 r""""r
4770 1840 4950 1865 *νβ’-ὐἱ
4981 1840 5136 1855 ειη-ηι-
5162 1840 5215 1858 vo
5238 1840 5312 1861 θυι
5331 1840 5501 1864 vlunt.

2289 1840 2421 1896 tiam
2446 1859 2462 1908 ;
2505 1855 2564 1898 ut
2587 1849 2796 1904 dicatur
2817 1851 2968 1918 juxta
3002 1855 3168 1910 solius
3195 1869 3404 1915 natura:
3433 1840 3702 1928 ordinem,
3727 1881 3848 1920 ver-
3882 1857 3923 1914 Β
3953 1866 4152 1919 addicti
4187 1873 4490 1940 suppliciis,
4526 1879 4801 1937 instruunt
4830 1885 4982 1951 alios,
5002 1900 5052 1942 ut
5076 1890 5185 1958 jam
5216 1903 5410 1950 temere
5438 1898 5501 1953 de

2289 1934 2580 1958 ιιι--.......-.-
2616 1939 2806 1958 -_,_J-.9
2898 1957 2901 1958 ,
3071 1946 3082 1957 α
3263 1951 3291 1958 ..
3378 1953 3388 1958 -
3416 1954 3425 1958 -

2273 1932 2582 2003 horumque
2609 1939 2992 2007 conditionem,
3039 1946 3083 2000 si
3116 1957 3199 2001 est
3226 1951 3449 2020 aliquid,
3479 1943 3713 2022 quandiu
3741 1969 3842 2021 est,

2276 2037 2383 2077 non
2425 2037 2601 2094 potest
2651 2045 2756 2084 non
2803 2047 2954 2098 esse;
3002 2046 3057 2090 et
3099 2039 3142 2092 si
3194 2037 3318 2104 fuit,
3351 2058 3455 2096 non
3504 2054 3681 2114 potest
3737 2064 3842 2101 non

2272 2110 2468 2178 fuisse;
2496 2125 2550 2168 ct
2588 2117 2630 2170 si
2684 2118 2923 2176 futurum
2955 2140 3054 2185 est,
3095 2143 3199 2181 non
3246 2141 3424 2198 potest
3454 2150 3558 2187 non
3589 2151 3708 2189 esse
3750 2137 3834 2190 fn-

2271 2209 2472 2254 turum.
2505 2205 2755 2274 Alioquin
2795 2221 2980 2266 contra
3023 2216 3190 2284 ipsius
3230 2222 3487 2274 naturalis
3536 2226 3841 2292 proprieta-

2272 2286 2345 2340 tis
2393 2289 2658 2358 ordinem,
2684 2297 3056 2368 existcndiqne
3088 2306 3388 2371 materiam,
3439 2286 3566 2377 quid
3592 2314 3833 2380 estquod

2268 2374 2409 2430 heus
2442 2393 2547 2432 non
2567 2384 2738 2449 possit
2782 2391 3062 2444 evertere?
3087 2394 3217 2460 quid
3258 2404 3343 2449 est
3387 2374 3528 2465 quod
3554 2399 3696 2455 Deus
3725 2419 3832 2456 non

2262 2464 2438 2520 valeat
2489 2486 2622 2525 nova
2682 2477 2990 2534 conditione
3024 2485 3245 2537 creare?
3291 2487 3591 2542 Discutiant
3642 2492 3828 2560 itaque

2256 2552 2412 2619 juxta
2449 2561 2722 2615 modulum
2755 2580 2908 2619 suum
2957 2569 3256 2626 litterarum
3305 2575 3591 2642 duntaxat,
3644 2582 3840 2648 quibus

2262 2647 2437 2700 adhuc
2461 2647 2722 2720 indigent,
2767 2655 3067 2724 elementa;
3113 2678 3212 2716 nec
3249 2665 3440 2720 altiora
3483 2683 3541 2722 se
3577 2685 3836 2740 usurpent

2259 2731 2440 2786 divina
2481 2741 2753 2804 mysteria.
2782 2742 3136 2813 Philosophus
3167 2752 3383 2818 quidam
3435 2756 3570 2826 (25),
3604 2731 3728 2812 dum
3755 2762 3831 2813 si-

2257 2819 2442 2873 derum
2471 2836 2679 2888 cursus,
2731 2829 3114 2900 stellarumqu:
3141 2848 3347 2892 meatus
3388 2855 3652 2898 nocturno
3690 2857 3824 2900 tem-

2257 2925 2390 2978 pore
2427 2913 2735 2983 rimaretur,
2764 2920 2818 2972 in
2859 2921 3105 2977 limosmn
3157 2941 3376 2996 repente
3412 2933 3592 2999 lapsus
3622 2948 3703 2989 est
3734 2954 3830 3004 pn~

2259 3004 2440 3054 teum.’
2489 3004 2652 3073 Cujus
2704 3023 2888 3062 casum
2939 3027 3151 3079 poetata
3189 3029 3271 3070 est
3298 3019 3484 3085 iambi,
3527 3041 3645 3092 qua:
3688 3030 3830 3083 illius

2253 3105 2374 3145 erat
2406 3097 2615 3159 ancilla,
2661 3100 2843 3153 dicens
2888 3120 2901 3154 :
2938 3103 3195 3160 Dominus
3247 3126 3394 3164 meus
3439 3115 3716 3181 ignorabat
3773 3122 3824 3172 id

2253 3186 2399 3252 quod
2440 3189 2536 3241 sub
2565 3193 2789 3256 pedibus
2819 3194 3168 3266 ejusjacebat
3208 3203 3307 3257 vile
3370 3205 3556 3270 lutum,
3587 3218 3640 3262 et
3671 3212 3823 3266 itn'c-
3856 3185 3899 3241 ε
3934 3205 4094 3258 σοι’άο
4127 3225 4222 3262 5υο

2253 3271 2460 3341 stigare
2493 3280 2736 3332 tentabat
2761 3296 2956 3336 arcana
2990 3288 3268 3342 cmlorum.
3299 3292 3374 3346 Ex
3398 3296 3550 3362 Cujus
3569 3299 3821 3355 nimirum

2253 3360 2534 3425 vacabulo,
2568 3353 2858 3422 lambieum
2884 3382 3110 3427 metrum
3141 3392 3332 3432 nomen
3368 3385 3594 3450 accepit.
3633 3387 3822 3442 Anim-

2248 3449 2536 3504 advertant
2577 3455 2697 3518 hoc,
2731 3461 2820 3527 qui
2875 3463 3091 3517 modum
3131 3483 3241 3522 sua:
3290 3473 3608 3538 capacitatis
3658 3493 3818 3534 exce-

2245 3541 2469 3604 dunt,et
2498 3545 2563 3599 ad
2591 3560 2672 3611 ea,
2714 3565 2831 3619 quae
2856 3569 3017 3623 super
3043 3572 3102 3611 se
3125 3569 3273 3623 sunt,
3303 3566 3532 3631 superbe
3563 3571 3818 3625 tentanda

2244 3644 2630 3702 prorumpunt;
2673 3644 2868 3694 nedum
2935 3644 3196 3701 adversus
3229 3648 3394 3703 Deum
3428 3654 3555 3720 quid
3592 3654 3820 3725 loquun-

2242 3728 2351 3784 tur,
2400 3723 2668 3792 iguorant,
2716 3730 2932 3785 incaute
2969 3750 3048 3798 se,
3104 3738 3531 3811 insipienterque
3582 3747 3815 3814 locutos,

2239 3813 2403 3865 etiam
2454 3829 2549 3884 per
2603 3818 2806 3874 illatam
2851 3823 2954 3877 sibi
2985 3825 3161 3896 digna:
3201 3831 3421 3888 ultionis
3463 3841 3813 3906 sententiam,

2243 3899 2471 3955 discant.

2729 3998 2889 4070 333
2928 4003 3153 4061 CAPUT
3196 4008 3328 4065 xm.

2234 4091 2316 4150 De
2350 4097 2453 4164 Itis,
2500 4101 2590 4161 qui
2631 4100 2908 4159 Dominum
2959 4109 3376 4196 Marp/tentantes
3424 4120 3567 4192 lepra
3613 4129 3814 4196 perfusi

2953 4193 3093 4233 sum.

2306 4254 2595 4312 Prudentis
2649 4269 2703 4314 et
2733 4263 2981 4321 honorati
3036 4274 3177 4340 apud
3224 4278 3482 4336 sazeulum
3527 4284 3810 4352 cujusdam

2235 4341 2451 4397 diaconi
2490 4347 2648 4402 didici
2679 4355 3008 4422 narratione,
3044 4364 3185 4429 quod
3216 4366 3394 4422 refero
3422 4389 3434 4421 :
3465 4371 3520 4424 in
3553 4374 3809 4433 Bononire

2232 4432 2497 4500 partibus,
2544 4437 2739 4501 inquit,
2773 4441 2877 4494 duo
2923 4446 3140 4513 quidam
3170 4453 3294 4517 viri,
3325 4461 3414 4524 qui
3447 4470 3498 4514 et
3550 4466 3807 4522 amicitia:

2233 4517 2464 4575 invicem
2511 4522 2734 4591 findere,
2767 4540 2817 4583 et
2864 4543 3349 4609 compaternitatis,
3381 4549 3424 4600 si
3460 4553 3559 4605 rite
3605 4571 3803 4621 recula,
3837 4520 3882 4574 Ρ

2230 4614 2630 4670 necessitudine
2655 4621 2996 4692 tenebantur,
3017 4629 3065 4681 in
3091 4635 3340 4689 convivio
3372 4640 3801 4711 discumbebant,

2231 4701 2428 4768 quibus
2460 4721 2509 4756 ιιι
2546 4721 2786 4762 mensam
2812 4715 3008 4769 allatus
3035 4728 3117 4771 est
3142 4724 3329 4790 gallus.
3371 4728 3521 4792 Quod
3553 4735 3803 4792 videiicet

2227 4789 2563 4854 pulmentum
2589 4811 2725 4850 unus
2751 4799 2964 4854 illorum
2988 4789 3204 4874 arrepto
3233 4816 3465 4879 cultetlo,
3487 4830 3542 4874 ut
3569 4840 3678 4876 nios
3696 4836 3796 4892 ed,

2226 4878 2280 4932 in
2311 4879 2481 4933 frusta
2512 4887 2768 4948 uit-secuit,
2823 4893 3002 4944 tritum
3037 4913 3248 4966 quoque
3283 4921 3432 4970 piper
3463 4925 3582 4963 cum
3626 4914 3798 4980 iiqua-

2226 4970 2371 5022 mine
2401 4975 2717 5042 superfudit.
2757 4983 2864 5034 ’iuo
2890 4982 3056 5048 facto,
3079 4988 3215 5043 alter
3239 4996 3483 5059 protinus
3514 5002 3583 5053 ait
3620 5022 3632 5054 ;
3668 5005 3797 5058 Pru-

2221 5055 2367 5112 fecto
2403 5075 2694 5130 coutpater,
2729 5070 2804 5123 sic
2836 5075 3140 5140 explieuisti
3174 5083 3395 5148 gaiium,
3424 5098 3481 5140 ut
3530 5089 3642 5157 ipse
3670 5109 3796 5148 sau-

2222 5154 2346 5199 cius
2379 5147 2594 5213 Petrus,
2622 5157 2830 5210 etiamsi
2865 5164 3012 5220 velit.
3071 5147 3439 5240 redintegrare
3461 5185 3575 5235 ‘non
3602 5186 3790 5248 possit.

2222 5234 2322 5289 Cui
2354 5254 2472 5292 mox
2523 5243 2703 5296 intulit
2751 5247 2875 5302 ille:
2914 5251 3076 5310 Plane
3126 5274 3232 5312 non
3265 5267 3422 5319 modo
3458 5268 3516 5321 Β.
3567 5234 3787 5338 P‘etrus;

2221 5325 2321 5379 sed
2355 5330 2477 5382 etsi
2503 5331 2616 5398 ipse
2645 5334 2892 5392 Christus
2922 5341 3162 5410 imperet,
3190 5352 3361 5418 gallus
3401 5357 3484 5411 ltic
3532 5373 3791 5432 perpetuo

2222 5426 2330 5468 non
2361 5430 2620 5489 resurget.
2652 5423 2733 5478 Ad
2758 5427 2896 5482 hanc
2928 5447 3110 5486 vocem
3149 5453 3367 5506 repente
3411 5449 3585 5515 gallus
3612 5456 3784 5520 vivus,

2288 5672 2398 5744 (9.3)
2427 5675 2661 5735 Taletem
2687 5685 2823 5742 hunc
2863 5695 3096 5748 nonnulli
3131 5698 3292 5754 fuisse
3343 5715 3636 5763 autumant.

3948 1952 4124 2008 divina
4169 1964 4405 2026 potentia
4459 1981 4565 2022 non
4604 1968 4910 2040 loquantur.
4968 1978 5032 2032 Et
5067 1952 5233 2048 gallus
5281 1984 5494 2050 (Matth.

3947 2045 4096 2112 xxvi)
4133 2048 4222 2113 qui
4251 2049 4450 2105 dudum
4487 2069 4741 2124 arguerat
4782 2061 4996 2118 Petrum
5032 2045 5091 2120 in
5121 2077 5259 2124 terra
5289 2045 5498 2142 negau-

3949 2139 4054 2184 tem
4073 2172 4086 2196 ,
4121 2144 4243 2190 tunc
4263 2141 4509 2206 probavit
4531 2143 4746 2202 Petrum
4769 2167 4888 2206 cum
4908 2169 4993 2221 eo,
5016 2172 5172 2225 quem
5194 2139 5495 2230 negare—rat,

3948 2219 3998 2270 in
4029 2220 4164 2274 cmlo
4197 2238 4531 2295 regnantem.
4553 2232 4617 2286 Et
4642 2234 4780 2292 forte
4805 2255 4909 2294 non
4947 2219 5061 2297 sine
5086 2219 5494 2314 divinujudicio,

3945 2304 4250 2372 bujusmodi
4305 2318 4528 2373 canonis
4579 2321 4816 2380 illatione
4849 2338 4973 2384 sunt
5012 2331 5237 2398 multati,
5268 2345 5324 2390 ut
5364 2338 5499 2392 sicut

3947 2396 4184 2452 triticum
4214 2416 4243 2454 a
4288 2406 4616 2475 quisquiliis,
4644 2414 4931 2482 capisterio
4966 2421 5269 2487 ventilante,
5300 2426 5498 2482 discer-

3944 2486 4117 2551 nitur;
4162 2489 4234 2542 ita
4292 2509 4391 2562 per
4427 2497 4775 2558 discretionis
4821 2509 5182 2578 magisterium
5216 2515 5496 2573 discantct

3942 2592 4059 2645 qua:
4108 2584 4250 2655 velut
4297 2590 4617 2658 quisquilias
4668 2597 4892 2655 vitando
4935 2607 5230 2673 repellere,
5283 2620 5337 2665 et
5378 2628 5494 2681 qua:

3941 2670 4092 2734 quasi
4123 2671 4188 2724 ad
4217 2675 4391 2731 victus
4422 2682 4708 2740 utilitatem
4756 2670 5007 2747 debeant‘
5031 2699 5186 2751 verba
5235 2701 5487 2770 proferre.

3937 2757 4069 2811 Nam
4101 2768 4341 2827 perversi
4375 2772 4603 2837 quilibet
4646 2776 4910 2843 homines,
4943 2784 5066 2838 dum
5097 2757 5345 2855 quid-cor
5373 2808 5492 2862 sug-

3935 2853 4201 2916 gesserit,
4251 2870 4416 2926 agunt
4450 2880 4461 2912 :
4507 2865 4631 2916 dum
4673 2869 4933 2940 quidquid
4973 2853 5150 2945 lingua
5180 2882 5368 2948 prurit,
5415 2853 5492 2937 in-

3936 2941 4178 2994 consuite
4238 2958 4301 2997 ac
4355 2952 4662 3014 procaciter
4690 2955 4940 3024 eilluunt;
4991 2965 5034 3017 si
5079 2966 5158 3020 eis
5209 2969 5490 3038 aliquando

3932 3022 4137 3094 flagella
4170 3047 4271 3084 non
4295 3037 4534 3102 obviam,
4564 3041 4726 3097 Deum
4754 3049 4832 3100 \el
4870 3067 4974 3106 non
4999 3067 5133 3117 esse,
5160 3060 5236 3112 vel
5266 3062 5488 3116 humana

3933 3132 4038 3168 non
4081 3134 4274 3176 curare
4329 3137 4629 3185 autumant.
4670 3155 4688 3184 ι
4743 3139 4884 3193 Dixit
4936 3146 5076 3198 enim
5131 3149 5386 3220 insipiens
5436 3158 5486 3206 in

4259 3231 4271 3263 :
4299 3214 4413 3267 Non
4442 3230 4521 3271 est
4549 3221 4688 3277 Deus
4721 3227 4891 3288 (Pani.
4917 3236 5054 3304 xm).
5095 3255 5113 3287 ι
5147 3239 5210 3292 Et
5238 3214 5444 3294 ‘itcrum
5471 3263 5482 3297 :

3936 3309 3952 3340 ι
3983 3292 4258 3356 Quomodo
4282 3305 4559 3372 scitDeus,
4591 3321 4644 3364 et
4669 3314 4713 3367 si
4741 3329 4822 3370 est
4855 3322 5077 3377 scientia
5099 3329 5158 3380 in
5185 3330 5435 3386 excelso?
5463 3357 5478 3384 ι

3928 3381 4100 3450 (l'sal.
4164 3399 4356 3461 Lxxtt.)
4411 3397 4639 3470 Ideoque
4669 3411 4905 3464 nonnulli
4950 3413 5003 3468 in
5054 3417 5168 3484 ipso
5219 3434 5484 3478 momento

3925 3477 4074 3539 pravi
4099 3483 4296 3544 operis,
4316 3486 4393 3536 vel
4419 3503 4448 3538 ρ
4478 3494 4699 3562 vestigio
4729 3509 5005 3568 postquam
5024 3510 5272 3575 nequiter
5298 3526 5482 3582 agunt,

3924 3574 4128 3617 motum
4180 3569 4344 3626 divini
4377 3574 4577 3633 furoris
4627 3583 4952 3656 incurrunt,
4994 3606 5252 3662 quatenus
5287 3611 5339 3653 et
5385 3603 5481 3670 ipsi

3922 3666 4164 3722 superna:
4194 3664 4468 3725 patientia:
4501 3670 4700 3727 diutius
4721 3692 4824 3730 non
4851 3680 5102 3748 illudant;
5129 3697 5179 3740 et
5211 3692 5388 3745 (νωιοή
5415 3696 5482 3746 ab

3919 3747 4126 3810 aget-ilo
4156 3751 4364 3828 similia
4383 3771 4440 3810 se
4460 3773 4558 3827 per
4582 3765 5066 3828 animadversionis
5092 3790 5274 3833 eorum
5303 3795 5480 3837 exen.~

3918 3833 4001 3901 pla
4035 3852 4406 3907 compescant.

4397 3940 4561 4013 634
4600 3943 4826 4002 carm
4866 3950 5001 4007 Juv.

3916 4033 3993 4087 De
4024 4036 4114 4091 illo
4142 4058 4292 4108 quem
4327 4049 4587 4132 adulterio
4618 4063 4892 4139 commisso
4915 4104 4930 4130 ,
4982 4068 5236 4139 indignas
5263 4073 5473 4142 spiritui

4559 4137 4831 4182 intereunt.

3988 4197 4275 4259 Enimvero
4296 4223 4415 4263 cum
4441 4215 4579 4280 apud
4607 4216 4897 4280 Parmense
4926 4229 5174 4298 oppidum
5204 4235 5469 4305 degerem.

3916 4291 4094 4360 ibique
4136 4293 4434 4353 liberalium
4467 4305 4664 4362 artium
4716 4316 4903 4372 studiis
4955 4324 5278 4386 insudarem,
5311 4334 5468 4399 quid»

5269 4380 5278 4386 .
5319 4380 5436 4399 ν---

3912 4380 4034 4433 dam
4060 4398 4142 4435 me
4166 4389 4388 4457 contigit
4409 4407 4586 4460 nosse,
4623 4404 4766 4467 quod
4795 4421 4898 4461 non
4943 4409 5125 4466 inutile
5156 4417 5365 4475 videtur
5405 4421 5474 4478 ad

3914 4480 4253 4534 posterorum
4287 4479 4530 4535 notitiam
4559 4491 4681 4557 styli
4700 4497 4968 4552 currentis
4987 4501 5212 4556 articulo
5235 4509 5468 4564 tradere.

3913 4557 3987 4607 Ad
4022 4558 4366 4616 Occidentem
4424 4585 4552 4625 sane
4599 4581 4869 4644 prmdicim
4926 4586 5073 4640 urbis
5110 4599 5191 4643 est
5223 4598 5471 4661 quaedam

3909 4662 4058 4700 extra
4093 4668 4274 4707 nimus
4316 4660 4414 4710 sita
4456 4663 4694 4728 basilica,
4722 4679 4935 4739 gemino
4964 4677 5238 4735 beatorum
5265 4696 5469 4757 marty-

3908 4753 4023 4790 rum
4055 4739 4294 4797 Gervasii
4318 4758 4368 4798 et
4393 4749 4622 4809 Protasii
4652 4759 4803 4814 titulo
4839 4766 5110 4822 decorata.
5142 4770 5307 4829 Nocte
5331 4791 5463 4844 qua-

3907 4829 4047 4890 dam,
4078 4847 4193 4898 qua:
4234 4838 4478 4893 videlicet
4530 4851 4841 4906 corumdem
4889 4867 5183 4927 martyrum
5223 4866 5465 4920 mnditia

3909 4934 4000 4982 prs.
4023 4927 4261 4989 cedebat,
4282 4935 4364 4980 vir
4386 4933 4602 4998 quidam
4627 4941 4890 4997 maturius
4918 4948 5168 5013 surrexit,
5195 4953 5462 5024 bovesque

3909 5024 4031 5060 suos
4066 5013 4116 5063 in
4164 5031 4359 5082 pascua
4405 5029 4690 5078 remotiora
4737 5030 4952 5088 deduxit
4984 5053 4996 5088 :
5025 5038 5107 5093 cui
5153 5045 5462 5099 convicinus

3903 5100 4136 5164 quidam.
4174 5105 4386 5158 ﬂamma
4437 5116 4776 5180 nequissima:
4819 5123 5054 5180 libidinis
5101 5127 5459 5188 inﬂammatus

3893 5189 4177 5246 insidiatus
4210 5206 4312 5261 est,
4354 5209 4410 5252 ut
4449 5202 4562 5270 ejus
4615 5223 4833 5263 uxorem
4882 5215 5116 5281 puiiuere
5157 5221 5454 5278 moliretur.

3895 5277 4090 5334 Eadem
4147 5285 4312 5354 igitur
4355 5303 4512 5348 nocte
4560 5299 4785 5355 callidus
4828 5305 4894 5358 ad
4937 5307 5149 5362 domum
5196 5312 5311 5382 ejus
5365 5329 5455 5369 es-

3891 5371 4130 5436 plorator
4154 5384 4399 5447 accessit,
4435 5395 4488 5438 et
4527 5392 4810 5448 occasione
4859 5408 5088 5467 reperta,
5120 5418 5223 5456 non
5254 5405 5450 5460 diutius

3894 5471 4173 5530 nostquam
4206 5469 4305 5524 istc
4351 5487 4472 5525 cum
4501 5483 4785 5544 pascendis
4825 5485 5147 5543 animalibus
5176 5492 5335 5558 abiit,
5365 5493 5454 5549 ille
