5664 6602
678 412 786 465 617

1538 406 1780 465 OPUSC.
1821 403 2066 462 XXXVI.
2106 432 2171 445 -—
2213 401 2301 456 DE
2343 401 2572 458 DlVlNA
2611 401 3146 460 OMNIPOTENTIA;

3880 403 3984 460 618

676 521 1007 577 febricitare
1039 535 1098 577 se
1135 521 1400 578 diabolica
1431 521 1831 575 machinatione
1867 517 2208 587 confingens,
2232 517 2283 570 in
2313 526 2366 584 Α
2392 517 2616 571 cebatur
2644 558 2657 582 ,
2708 518 2886 571 adhuc
2956 517 3127 572 videri
3209 531 3340 570 saxa
3409 516 3606 586 quibus
3659 514 3984 586 impegerat,

677 614 883 668 lectum
923 616 1121 670 uxoris
1153 615 1294 670 illius
1324 614 1408 667 vir
1441 613 1726 667 simulatus
1761 613 2003 666 intravit.
2042 611 2284 680 Cumque

677 706 828 759 velut
854 705 1160 777 frigescens
1193 707 1535 770 intremeret,
1559 705 1802 758 dentium
1825 702 2092 756 stridores
2123 702 2284 754 emit-

675 803 844 862 teret,
872 798 1134 852 crebrius
1155 795 1471 866 singultiret
1492 794 1722 861 ,linfelix
1754 793 1972 854 mulier,
2026 802 2281 860 tanquam

672 888 971 958 aegrotanti
1011 887 1131 941 viro
1157 887 1513 956 compatiens,
1542 885 1706 954 coepit
1735 883 1889 938 illum
1912 883 2053 938 ulnis
2076 883 2279 938 astrin-

671 992 829 1047 gere,
861 977 1043 1032 lodice
1072 985 1384 1048 contegere,
1424 986 1479 1030 et
1521 975 1722 1045 quibus
1747 975 1964 1029 valebat
1992 974 2280 1044 impendiis

673 1068 996 1124 confovere.
1029 1069 1102 1122 At
1148 1069 1258 1135 ille,
1296 1078 1354 1123 ut
1405 1067 1645 1123 dolorem
1694 1077 1878 1122 mente
1930 1076 2276 1136 conceperat,

671 1161 890 1229 peperit
937 1158 1322 1229 iniquitatem;
1355 1160 1520 1214 violat
1573 1160 1758 1228 itaque
1788 1159 2024 1213 alienum
2075 1169 2275 1223 torum,

669 1249 889 1317 sibique
919 1257 1186 1319 procurat
1216 1249 1522 1312 interitum,
1555 1264 1791 1318 moxque
1828 1249 2078 1306 concitus
2121 1249 2273 1304 abiit.

671 1335 784 1391 Sed
819 1351 977 1402 ecce,
1006 1337 1100 1390 vix
1139 1339 1292 1392 brevi
1328 1338 1585 1407 temporis
1613 1338 1799 1408 elapso
1819 1340 2015 1408 spatio,
2046 1339 2278 1394 maritus

668 1426 836 1491 redit,
871 1434 1116 1480 stratum
1162 1428 1378 1497 repetit.
1413 1427 1510 1482 Cui
1543 1429 1792 1496 protinus
1830 1444 1967 1484 uxor
2019 1437 2276 1498 expostu-

671 1516 812 1580 lans,
843 1528 899 1572 et
951 1518 1315 1573 vehementer
1362 1521 1726 1588 exprobrans,
1759 1522 1836 1574 ait
1871 1539 1882 1572 :
1915 1520 2130 1590 Optime
2180 1536 2275 1590 po-

670 1609 804 1662 teris
845 1608 1014 1662 hodie
1061 1618 1380 1663 sanctorum
1431 1620 1772 1678 martyrum,
1833 1625 1953 1679 qua:
2005 1611 2100 1664 tibi
2163 1619 2274 1664 tam

670 1695 931 1766 contigua
985 1704 1094 1760 est,
1152 1691 1451 1750 Ecclesiain
1515 1697 1756 1767 ingredi;
1789 1707 1843 1751 et
1884 1713 2008 1751 cum
2060 1697 2273 1752 czeteris

668 1782 999 1840 Christianis
1033 1785 1232 1838 divinis
1263 1786 1526 1839 interesse
1566 1787 1876 1855 mysteriis!
1915 1786 2157 1857 Cumque
2188 1788 2271 1842 vir

2392 609 2544 662 sanie
2577 609 2718 661 illius
2748 617 2802 662 ct
2849 623 3047 662 cruore
3084 609 3353 661 rubentia.
3377 608 3549 662 Porro
3580 618 3764 661 autem
3796 617 3849 661 et
3893 607 3985 662 hic

2389 698 2527 755 forte
2549 700 2803 754 credebat
2827 701 2995 754 Deum
3051 701 3132 754 vel
3161 701 3374 755 nescire
3399 701 3543 768 quod
3573 700 3784 754 occulte
3831 715 3983 754 com-

2390 793 2654 858 mittitur,
2689 793 2774 846 vel
2806 808 3151 864 nequaquam
3196 810 3358 861 posse
3405 803 3463 848 ut
3489 794 3556 848 de
3591 793 3796 848 scelera
3827 808 3982 848 com-

2387 882 2732 937 mittentibus
2768 882 3090 947 ulciscatur,
3121 884 3310 937 dicens
3339 884 3393 936 in
3441 882 3606 936 corde
3647 898 3785 938 suo:
3815 901 3834 933 ι
3864 881 3986 937 Non

2389 974 2588 1027 videbit
2619 974 2900 1039 Dominus,
2949 990 3051 1029 nec
3102 974 3367 1044 intelliget
3418 976 3560 1028 Deus
3593 973 3762 1029 Jacob
3807 973 3983 1044 (Psal.

2386 1067 2561 1131 XCIII).
2598 1083 2617 1114 ι
2655 1062 2760 1117 Sed
2788 1065 2901 1118 sive
2929 1065 3027 1119 Dei
3058 1065 3314 1118 mandata
3346 1063 3632 1128 calcando,
3667 1064 3782 1118 sive
3812 1063 3986 1118 Deum

2385 1154 2816 1210 detractionibus
2849 1155 3202 1221 stimulando,
3229 1157 3352 1225 quis
3382 1167 3705 1227 arroganter
3726 1158 3981 1222 excedat,

2383 1260 2491 1300 non
2546 1245 2678 1298 levis
2730 1255 2815 1300 est
2855 1247 3134 1311 criminis;
3190 1256 3243 1300 et
3294 1249 3346 1301 in
3391 1250 3615 1316 paucis,
3652 1249 3768 1302 sive
3811 1263 3985 1318 prava

2383 1336 2894 1401 committentibus,
2943 1340 3056 1391 sive
3112 1338 3347 1407 superba
3395 1339 3781 1408 loquentibus,
3843 1356 3982 1410 quos

2383 1435 2606 1496 repente
2637 1427 2821 1480 divina
2854 1430 3128 1482 sententia
3179 1429 3435 1498 percutit,
3470 1431 3599 1500 quid
3651 1432 3858 1496 caeteri,
3889 1431 3983 1500 qui

2381 1517 2529 1570 velut
2555 1519 2824 1572 immunes
2841 1519 3113 1585 videntur,
3137 1521 3203 1574 ad
3232 1523 3421 1575 horam
3447 1533 3780 1589 mereantur,
3797 1534 3983 1580 osten-

2381 1608 2477 1662 dit.
2503 1609 2745 1675 Desinat,
2765 1626 2884 1675 oro,
2906 1613 3018 1681 jam
3045 1613 3261 1667 desinat
3281 1614 3530 1683 quisquis
3557 1615 3708 1684 ponit
3731 1631 3791 1669 os
3818 1631 3978 1670 suum

2381 1700 2434 1753 in
2468 1701 2626 1763 cwlo,
2654 1710 2710 1754 ut
2742 1703 2924 1772 lingua
2956 1704 3074 1772 ejus
3111 1713 3354 1759 transeat
3378 1721 3541 1775 super
3571 1716 3771 1760 terram
3801 1705 3976 1776 (Psal.

2381 1797 2571 1864 Lxxn).
2603 1796 2756 1862 Quod
2779 1796 3025 1866 profecto
3055 1798 3161 1852 tale
3189 1806 3292 1862 est,
3322 1799 3412 1867 qui
3443 1799 3522 1852 sic
3555 1799 3723 1852 Deum
3746 1801 3975 1870 deroga-

670 1876 940 1928 attonitus
977 1873 1112 1944 quid
1149 1873 1240 1926 illa
1284 1873 1602 1943 loqueretur
1633 1875 1956 1944 inquireret,
1991 1887 2272 1933 cientum-
2303 1880 2350 1940 B
2381 1887 2618 1942 tionibus
2661 1887 2890 1953 lacerat,
2926 1899 2987 1944 ut
3016 1900 3071 1945 et
3100 1900 3293 1945 contra
3321 1906 3537 1946 servum
3587 1889 3704 1959 ejus
3738 1892 3803 1947 de
3834 1892 3978 1949 illius

667 1979 775 2034 que
818 1966 899 2020 rei
945 1966 1094 2020 sicut
1138 1966 1445 2033 contigerat
1475 1982 1572 2037 per
1612 1967 1861 2023 ordinem
1905 1970 2270 2038 cognovisset,

667 2063 897 2126 uterque
943 2071 1006 2111 se
1058 2055 1532 2124 deprehendentes
1567 2058 1793 2122 irrisos,
1839 2066 1902 2113 ac
1955 2060 2271 2128 turpissima

662 2146 1042 2203 ludificatione
1092 2146 1348 2209 delusos,
1403 2147 1731 2202 intolerabili
1784 2150 1986 2205 doloris
2016 2154 2272 2222 angustia

667 2239 1004 2293 consternati
1033 2245 1182 2292 sunt.
1209 2237 1420 2292 Interea
1451 2240 1577 2292 dum
1615 2241 1846 2310 populus
1870 2243 1938 2296 ad
1963 2243 2269 2299 Ecclesiam

667 2327 795 2382 hinc
815 2328 944 2382 inde
976 2315 1297 2392 conﬂueret,
1319 2336 1377 2381 ut
1406 2339 1688 2385 nocturnae
1717 2331 1893 2387 laudis
1916 2332 2151 2388 alliciunt
2175 2337 2270 2392 de—

665 2426 822 2471 votus
851 2417 1108 2480 audiret,
1159 2418 1376 2472 tandem
1410 2426 1464 2472 et
1500 2419 1596 2485 illi,
1624 2433 1901 2492 resumpto
1931 2425 2150 2493 spiritu,
2179 2426 2267 2480 ni-

670 2504 965 2563 hilominus
1037 2518 1673 2580 conveneruut,.atque
1726 2514 1877 2567 omni
1927 2518 2267 2572 verecundiae

668 2598 866 2654 rubore
919 2601 1251 2670 postposito,
1290 2602 1570 2671 querelam
1605 2621 1760 2660 suam
1801 2621 1981 2662 coram
2012 2611 2266 2666 omnibus

667 2686 1056 2758 deposuerunt,
1105 2692 1413 2759 praesertim
1441 2692 1637 2748 mulier
1668 2695 1881 2752 laceros
1910 2699 2092 2753 crines
2120 2701 2266 2755 evel-

665 2773 802 2842 lens,
833 2787 887 2833 et
918 2780 1179 2835 uberibus
1227 2781 1485 2852 lacrymis
1533 2799 1628 2838 ora
1678 2786 1855 2839 tristia
1889 2789 2222 2856 perfundens
2246 2831 2263 2858 ,

668 2865 920 2938 lugubres
942 2872 1232 2926 emittebat
1254 2873 1492 2931 ululatus
1520 2877 1572 2931 in
1603 2879 1835 2934 cmlum:
1861 2900 1878 2932 ι
1911 2883 2160 2950 Domine,
2183 2894 2261 2952 tu,

666 2955 860 3026 inquit,
895 2961 1066 3016 corda
1097 2962 1378 3018 hominum
1420 2968 1586 3032 nosti,
1637 2977 1694 3021 tu
1743 2973 2098 3027 conscientia:
2129 2990 2264 3030 meae

664 3048 819 3102 testis
869 3065 962 3115 es;
1018 3052 1146 3120 quia
1191 3067 1293 3124 ego
1343 3055 1447 3110 hac
1495 3060 1839 3114 sanctissima
1882 3073 2047 3119 nocte
2093 3067 2262 3119 etiam

665 3138 865 3207 proprii
911 3139 1135 3194 thalami
1182 3143 1370 3199 viriles
1422 3146 1705 3214 amplexus
1739 3151 2033 3217 abhorrui,
2082 3153 2261 3208 alieno

665 3229 963 3294 praesertim
994 3231 1213 3285 misceri
1241 3232 1357 3287 viro
1395 3250 1480 3288 me
1500 3237 1720 3305 penitus
1741 3239 2021 3309 ignoravi;
2055 3250 2107 3296 te
2137 3257 2257 3308 oro,
2287 3233 2332 3296 C
2367 3229 2681 3327 facla‘sunn

665 3313 908 3385 Domine,
925 3337 1035 3378 non
1054 3323 1287 3394 aspicias
1313 3335 1534 3394 peccata
1559 3340 1701 3392 mea,
1720 3329 1820 3396 sed
1839 3331 2053 3400 placeat
2074 3347 2260 3388 coram

667 3416 720 3465 te
770 3421 828 3466 ιιι
880 3425 1198 3470 sanctorum
1247 3426 1462 3472 tuorum
1513 3417 1798 3475 ulciscaris
1852 3421 2134 3493 injuriam.
2199 3425 2260 3480 ln

666 3515 960 3572 conspectu
991 3524 1126 3580 ergo
1173 3511 1358 3580 populi
1399 3513 1474 3566 tui
1507 3527 1653 3567 nunc
1701 3516 1931 3571 ostende
1960 3519 2215 3574 virtutem
2242 3560 2257 3586 ,

668 3602 720 3646 et
765 3597 830 3651 ad
863 3597 1091 3668 gloriam
1140 3601 1471 3657 sanctissimi
1503 3605 1740 3659 nominis
1795 3608 1870 3660 tui
1919 3611 2087 3676 prode
2123 3625 2260 3666 meae

665 3686 984 3752 proditibnis
1039 3700 1334 3746 auctorem.
1393 3693 1735 3750 Producatur
1774 3697 1826 3751 in
1882 3700 2158 3768 medium,
2203 3711 2260 3756 et

672 3772 1058 3834 immanitatem
1095 3782 1454 3837 crudelissimi
1506 3785 1729 3840 sceleris
1765 3787 1831 3844 de
1884 3803 1998 3843 suae
2050 3790 2258 3846 fraudis

671 3865 880 3940 aufugio
919 3887 1028 3926 non
1067 3872 1332 3928 lucretur.
1376 3895 1396 3926 ι
1435 3875 1678 3946 Cumque
1728 3878 1897 3933 multa
1926 3881 2012 3936 his
2056 3881 2256 3936 similia

669 3957 856 4014 mulier
903 3977 1094 4017 amaro
1140 3965 1336 4033 spiritu
1384 3980 1492 4021 non
1531 3967 1704 4035 clam,
1761 3969 1860 4024 sed
1911 3970 2256 4027 vociferando

662 4038 1034 4122 ~prol'underet,
1060 4065 1115 4112 et
1143 4059 1393 4127 populus,
1428 4061 1476 4114 ei
1499 4077 1598 4130 pro
1630 4077 1867 4118 mcerore
1897 4066 2252 4135 compatiens,

671 4140 804 4198 idem
833 4149 972 4203 votis
1001 4158 1057 4204 et
1103 4151 1357 4219 precibus
1406 4152 1569 4223 635
1614 4155 1852 4210 divinant
1905 4157 2254 4214 clementiam

669 4227 1002 4304 imploraret;
1031 4248 1224 4294 auctor
1267 4241 1513 4309 sceleris,
1545 4245 1634 4300 ubi
1664 4245 1888 4312 latebat,
1921 4249 2253 4306 dacmoniaco

675 4325 860 4392 spiritu
916 4341 1139 4400 repente
1183 4333 1504 4403 corripitur,
1551 4345 1606 4391 et
1652 4338 1706 4391 in
1740 4337 1982 4394 furorem
2021 4342 2253 4399 nimium

672 4419 824 4482 atque
851 4420 1130 4474 vesaniam
1160 4421 1382 4477 rabidus
1423 4423 1670 4480 effertur.
1703 4428 1935 4499 Moxque
1966 4431 2018 4484 in
2065 4433 2253 4490 Eccle-

673 4501 821 4570 siam,
867 4510 1064 4580 populo
1099 4512 1541 4583 obstupescente,
1591 4521 1809 4574 noviter
1849 4523 2102 4591 prosiliit,
2133 4541 2250 4580 om-

673 4607 864 4666 nesque
889 4599 945 4654 in
976 4601 1059 4656 sui
1112 4601 1549 4674 admirationem,
1589 4608 1944 4680 semetipsum
1986 4613 2242 4673 laniando

673 4699 733 4741 ac
758 4687 1126 4763 discerpendo,
1157 4700 1446 4752 convertit.
1480 4701 1624 4758 Dans
1652 4704 1904 4760 fremitus
1934 4716 1987 4761 et
2010 4709 2239 4779 rugitus,

674 4783 893 4851 propriis
921 4798 978 4840 se
1005 4786 1258 4843 manibus
1296 4792 1590 4848 crudeliter
1617 4794 1916 4863 lacerabat,
1953 4802 2113 4854 modo
2147 4816 2242 4856 ve-

674 4867 745 4925 lut
767 4874 946 4931 volans
969 4878 1023 4932 in
1045 4877 1152 4932 alta
1173 4881 1482 4948 prosiliens,
1508 4885 1669 4940 modo
1694 4902 1752 4942 sc
1764 4903 1895 4958 cum
1921 4891 2242 4958 gravissimo

673 4955 862 5032 impetu
889 4965 941 5020 in
967 4967 1076 5022 ima
1115 4968 1459 5041 demergens,
1503 4974 1663 5028 modo
1695 4955 2046 5045 in'parie—tem
2077 4989 2242 5050 caput

673 5046 948 5124 incutiens,
974 5059 1135 5114 modo
1167 5075 1226 5116 se
1242 5062 1309 5115 in
1335 5065 1708 5131 pavimentum
1753 5068 2075 5126 insaniendo
2107 5089 2238 5142 pro-

673 5145 929 5210 sternens,
956 5149 1138 5203 omnia
1167 5149 1377 5206 viscera
1409 5168 1506 5208 sua
1549 5155 1938 5214 miserabiliter
1967 5175 2237 5232 conquas~

673 5230 830 5288 sabat.
873 5235 986 5294 Hoc
1012 5239 1198 5309 itaque
1224 5241 1384 5298 modo
1413 5243 1682 5314 malignus
1719 5249 1942 5317 spiritus
1969 5230 2234 5308 eunrcol-

675 5316 823 5378 lidere
844 5341 947 5382 non
975 5331 1234 5396 cessavit,
1265 5332 1440 5388 donec
1462 5333 1734 5392 infelicem
1755 5316 2018 5408 animam,
2046 5359 2232 5399 coram

675 5413 850 5478 )opulo
871 5418 962 5488 qui
1009 5420 1222 5488 aderat,
1243 5421 1311 5478 de
1346 5439 1575 5495 corpore
1601 5428 1746 5485 illius
1774 5432 1990 5488 evulsit.
2038 5433 2234 5491 Viden-

675 5504 746 5598 tcs
765 5515 934 5564 autem
967 5513 1061 5583 qui
1088 5514 1335 5583 aderant,
1355 5517 1682 5579 immensam
1707 5525 1915 5580 auctori
1942 5525 2054 5582 Deo
2069 5529 2234 5598 justi-

676 5587 754 5688 tiai
772 5593 984 5664 gloriam
1027 5602 1303 5674 referunt;
1332 5609 1424 5679 qui
1462 5619 1517 5665 et
1544 5612 1762 5684 impune
1791 5631 1897 5671 non
1933 5587 2126 5688 passus
2153 5631 2236 5678 est

676 5679 814 5770 abire
838 5704 1172 5763 peccantem,
1198 5709 1255 5756 et
1281 5700 1626 5761 innocentem
1651 5709 1963 5767 consolatus
1984 5722 2071 5769 est
2111 5730 2232 5770 mu-

676 5763 866 5838 lierem.
899 5785 1126 5854 Quando
1149 5798 1330 5847 autem
1362 5793 1464 5850 hoc
1503 5797 1638 5852 milii
1680 5763 2231 5864 relatumwfortemdi-

1139 5881 1412 5950 PATROL.
1459 5899 1701 5970 CXLv,

2379 1977 2812 2050 impossibilitate
2844 1980 3119 2052 conﬂigat.

2970 2096 3201 2154 CAPUT
3259 2099 3376 2154 XV.

2379 2185 2654 2241 Concludit
2691 2188 3029 2243 asserenduni
3069 2209 3177 2329 ᾔδεε
3220 2192 3390 2246 Deum
3417 2211 3567 2263 posse
3607 2195 3748 2262 facta
3779 2197 3975 2269 infecta

3098 2279 3266 2316 acere.

3098 2279 3266 2316 acere.

2447 2351 2674 2418 Quando
2722 2353 2887 2423 igitur
2933 2355 3163 2424 quaestio
3200 2355 3302 2408 ista
3355 2359 3695 2427 pmponitur,
3731 2368 3790 2414 ut
3820 2361 3973 2416 dica-

2375 2454 2465 2498 tur
2510 2465 2523 2499 :
2569 2445 2853 2513 Quomodo
2913 2458 3094 2518 potest
3150 2450 3294 2505 Deus
3345 2451 3449 2506 hoc
3499 2469 3659 2523 agere
3720 2464 3780 2508 ut
3829 2456 3978 2524 quod

2373 2534 2578 2591 factum
2613 2539 2716 2592 fuit
2771 2539 2975 2594 factum
3028 2557 3132 2596 non
3176 2541 3386 2596 fuerit?
3428 2544 3776 2614 Respondeat
3826 2562 3974 2603 sanat

2372 2626 2498 2680 fidei
2535 2627 2706 2682 frater
2756 2631 2882 2698 quia
2917 2632 3063 2700 quod
3113 2631 3316 2687 factum
3365 2643 3469 2699 est,
3505 2636 3548 2689 si
3595 2637 3796 2691 malum
3843 2639 3972 2704 fuit,

2372 2732 2482 2772 non
2511 2719 2734 2788 aliquid,
2772 2722 2866 2776 sed
2896 2723 3032 2776 nihil
3073 2723 3178 2778 fuit
3212 2743 3225 2778 :
3261 2741 3325 2780 ac
3349 2739 3634 2797 propterea
3665 2746 3772 2785 non
3805 2731 3975 2788 fuisse

2370 2808 2660 2864 dicendum
2685 2821 2790 2874 est,
2824 2812 2951 2880 quia
2979 2814 3274 2869 materiam
3316 2817 3586 2873 existendi
3620 2835 3725 2874 non
3759 2821 3970 2887 habuit,

2367 2899 2513 2966 quod
2544 2915 2727 2954 rerum
2771 2902 2971 2957 artifex
3024 2912 3082 2957 ut
3136 2905 3290 2960 fieret
3337 2923 3445 2963 non
3475 2912 3771 2966 mandavit.
3811 2914 3973 2981 Quod

2369 2989 2416 3041 si
2446 2989 2648 3044 bonum
2671 2991 2769 3046 fuit
2797 2995 2940 3063 quod
2966 2994 3168 3052 factum
3194 3008 3296 3065 est,
3324 3016 3352 3054 a
3383 3003 3494 3056 Deo
3532 3005 3717 3074 utique
3766 3004 3972 3062 factum

2368 3088 2472 3134 est.
2512 3100 2530 3131 ι
2568 3083 2715 3137 Dixit
2737 3086 2904 3150 enim,
2937 3096 2993 3140 et
3024 3087 3166 3142 facta
3193 3101 3336 3156 sunt,
3367 3095 3665 3159 mandavit,
3699 3105 3754 3151 et
3784 3109 3972 3155 creata

2367 3179 2493 3222 sunt
2521 3169 2694 3239 (Psal.
2731 3191 2883 3228 χχχιι
2913 3217 2928 3240 ,
2971 3181 3221 3248 chvttt).
3257 3180 3452 3237 Omnia
3485 3185 3631 3238 enim
3665 3202 3760 3256 per
3791 3189 3970 3258 ipsum

2722 3272 2776 3316 et
2801 3265 2919 3319 sine
2947 3267 3066 3336 ipso
3087 3267 3292 3325 factum
3325 3283 3408 3327 est
3451 3274 3584 3328 nihil
3617 3276 3797 3346 (Joan.
3837 3282 3900 3349 1).
3944 3301 3964 3334 ι

2364 3350 2542 3420 Atque
2574 3354 2693 3407 ideo
2745 3355 2852 3410 tale
2885 3367 2969 3411 est
3008 3362 3152 3428 quod
3181 3363 3384 3417 dicitur
3417 3384 3429 3416 :
3461 3367 3744 3432 Quomodo
3785 3370 3971 3428 facere

2364 3441 2510 3497 Deus
2543 3453 2720 3512 potest
2748 3455 2807 3499 ut
2831 3448 2975 3516 qttod
2997 3447 3203 3504 factum
3236 3451 3338 3506 fuit
3379 3452 3581 3508 factum
3632 3473 3738 3512 non
3767 3458 3970 3515 fuerit?

2362 3536 2442 3589 Ac
2491 3535 2536 3588 si
2579 3536 2839 3590 dicatur:
2877 3539 3062 3594 Potest
3117 3542 3260 3596 Deus
3311 3559 3473 3612 agere
3519 3545 3795 3618 ut,'quod
3836 3551 3968 3608 fecit

2365 3626 2500 3694 ipse,
2534 3643 2638 3681 non
2670 3627 2897 3683 fecerit?
2925 3630 3191 3685 Nimirum
3222 3642 3303 3700 ut,
3334 3637 3478 3705 quod
3507 3637 3635 3692 fecit
3656 3640 3826 3709 Deus,
3855 3659 3965 3700 non

2363 3716 2555 3773 fecerit
2585 3721 2745 3774 Deus.
2781 3719 2907 3775 ldeo
2930 3724 3315 3790 conspuendus
3345 3735 3429 3781 est
3473 3729 3563 3797 qui
3601 3729 3704 3786 hoc
3741 3736 3961 3802 asserit,

2360 3820 2418 3864 et
2443 3825 2550 3864 non
2576 3813 2936 3882 responsione
2964 3815 3182 3886 dignus,
3221 3821 3315 3872 sed
3347 3821 3414 3874 ad
3448 3825 3751 3880 cauterium
3782 3830 3965 3898 potius

2358 3900 2749 3967 destinandus;
2807 3905 2875 3958 ad
2929 3905 3292 3963 confutandos
3334 3919 3513 3966 tamen
3573 3915 3850 3984 improbos
3907 3932 3964 3978 et

2360 3988 2600 4054 dicaces,
2645 3995 2924 4049 memoria:
2947 3999 3381 4054 commendanda
3411 4011 3539 4057 sunt
3563 4019 3682 4073 qua:
3704 4012 3960 4079 superius

2359 4081 2502 4135 dicta
2544 4093 2671 4140 sunt
2702 4099 2715 4136 :
2757 4100 2880 4153 quae
2917 4088 3177 4142 nimirum
3208 4105 3309 4146 nos
3351 4094 3652 4151 omittimus
3676 4099 3844 4172 636
3871 4103 3963 4159 hic

2357 4172 2524 4226 etiam
2555 4173 2834 4229 succincte
2863 4180 3237 4250 perstringere
3260 4222 3275 4247 ,
3329 4197 3396 4236 ne
3435 4184 3635 4256 legenti
3680 4191 3960 4250 fastidium

2358 4263 2537 4317 valeat
2582 4265 2706 4336 styli
2745 4267 3031 4335 prolixitas
3063 4286 3347 4340 generare.
3380 4274 3504 4332 Non
3541 4280 3685 4334 enim
3733 4281 3954 4351 librum,

2357 4352 2454 4406 sed
2482 4354 2764 4422 epistolam
2813 4357 2976 4413 edere
3013 4365 3420 4431 pr0posuimus.
3452 4367 3598 4424 Inter
3625 4382 3826 4429 czctera
3877 4386 3958 4432 ta-

2356 4457 2480 4497 men
2524 4443 2654 4500 illud
2683 4463 2849 4502 unum
2881 4454 3028 4519 quod
3055 4467 3084 4506 a
3114 4455 3272 4510 nobis
3305 4458 3508 4514 dictum
3539 4471 3644 4528 est,
3675 4469 3956 4525 memoria:

2276 4583 2330 4644 D
2355 4545 2557 4591 nostra:
2581 4552 2690 4592 non
2717 4541 2963 4608 excidat;
2997 4545 3256 4612 quoniam
3293 4547 3542 4606 Creatori
3569 4556 3811 4612 omnium
3842 4558 3955 4616 Deo

2356 4625 2534 4679 omnia
2572 4642 2730 4695 posse
2769 4639 3098 4686 coasternum
3130 4643 3234 4699 est,
3265 4637 3405 4691 sicut
3436 4649 3492 4694 et
3541 4645 3725 4700 omnia
3766 4663 3950 4715 nosse,

2349 4717 2600 4786 quodque
2628 4717 2771 4771 intra
2803 4721 3084 4790 sapientia:
3121 4740 3234 4778 sua:
3258 4726 3435 4781 sinum
3481 4731 3560 4785 sic
3601 4735 3783 4791 omnia
3815 4747 3954 4795 tem-

2347 4822 2504 4875 pora,
2557 4809 2836 4876 praeterita
2883 4811 3113 4875 scilicet,
3153 4819 3468 4884 prtesentia,
3500 4830 3555 4875 et
3602 4821 3786 4882 futura
3820 4843 3953 4886 con-

2348 4895 2538 4960 cludit,
2572 4897 2705 4967 figit,
2740 4913 2803 4953 ac
2849 4904 3167 4970 perenniter
3198 4907 3379 4976 sistit,
3411 4920 3469 4964 ut
3521 4927 3698 4984 neque
3743 4933 3946 4979 novum

2348 4989 2551 5058 aliquid
2583 4991 2649 5044 ad
2693 5006 2752 5046 se
2779 4994 3018 5062 patiatur
3046 4997 3333 5065 accedere,
3368 5017 3468 5057 nec
3497 5018 3528 5058 a
3559 5021 3618 5060 se
3643 5009 3946 5084 quidquam

2350 5084 2731 5153 praetereundo
2783 5086 3038 5143 transire.
3088 5089 3477 5150 Verumtamen
3543 5115 3665 5170 qua:
3713 5113 3797 5159 est
3849 5107 3944 5164 illa

2350 5172 2548 5238 virtus,
2588 5188 2708 5242 qua:
2733 5183 2992 5244 potestas,
3027 5193 3132 5248 qua
3179 5193 3357 5250 potest
3385 5186 3529 5243 Deus
3556 5193 3782 5250 omnia?
3821 5214 3946 5268 qua:

2348 5264 2632 5333 sapientia,
2665 5281 2770 5336 qua
2802 5267 2953 5322 novit
2976 5272 3553 5345 omnia?lnquiramus
3581 5264 3898 5354 Apostolttm
3926 5309 3943 5348 :

2352 5375 2371 5408 ι
2405 5356 2678 5422 Christus,
2712 5359 2924 5430 inquit,
2959 5362 3053 5418 Dci
3082 5374 3166 5420 est
3209 5368 3418 5436 virtus,
3452 5383 3506 5427 et
3547 5375 3639 5430 Dei
3669 5381 3944 5451 sapientia

2347 5447 2394 5516 (Ι
2429 5445 2551 5502 Cor.
2586 5446 2649 5519 ι).
2695 5469 2712 5501 ι
2757 5449 2834 5505 lbi
2865 5467 2998 5510 sane
3033 5470 3162 5511 vera
3201 5462 3499 5528 :nternitas,
3549 5482 3678 5523 vera
3721 5445 3804 5527 est
3834 5474 3937 5530 im-

2341 5541 2643 5596 mortalitas
2679 5561 2692 5596 :
2721 5543 2792 5598 ibi
2819 5555 3083 5602 :eternum
3111 5550 3240 5607 illud
3267 5554 3446 5621 hodie,
3477 5561 3621 5628 quod
3655 5579 3931 5634 nunquam

2342 5631 2575 5686 transit:
2607 5633 2678 5688 ibi
2714 5650 2954 5705 praesens
3003 5633 3417 5711 sempiternum,
3445 5647 3688 5722 illudque
3718 5631 3936 5714 hodier-

2340 5739 2503 5789 num,
2545 5724 2690 5795 quod
2742 5736 2888 5783 tanta
2922 5729 3127 5801 jugiter
3181 5736 3478 5794 stabilitate
3535 5742 3832 5816 defigitur,
3873 5761 3935 5806 ut

2341 5815 2576 5874 transire
2623 5818 2854 5888 nesciat,
2892 5835 2991 5878 nec
3039 5837 3098 5880 se
3153 5825 3446 5898 aliquando
3486 5833 3537 5886 in
3592 5815 3929 5904 [tmteritum

3491 5926 3570 5986 20

5091 108 5093 204 i

5091 277 5093 396 ι

5091 645 5093 730 ι
