5664 6558
5 6383 396 6518 μ

2323 448 2424 504 619

2776 439 2832 494 S.
2869 434 3072 492 PETRI
3108 431 3389 488 DAMIANI
3424 430 3574 486 OPP.
3619 423 3850 483 TOMUS
3888 419 4019 477 SEU
4061 418 4239 476 PARS
4276 419 4362 476 lll.
4399 451 4469 461 —
4498 419 4858 477 OPUSCULA
4903 422 5125 477 VARIA.
5460 423 5551 479 620

2324 573 2519 620 vertat.
2570 559 2649 614 Ad
2696 555 3074 610 rcvineendam
3121 566 3250 620 ergo
3297 549 3562 602 dicacium
3615 542 3893 597 hominum
3924 558 3976 616 Α
4003 547 4177 592 mutor
4207 535 4461 605 (Mulach.
4493 536 4596 604 ιιι).
4630 556 4646 587 i
4676 535 4739 588 Et
4761 537 4813 588 in
4847 535 5132 606 Evangelia
5165 556 5177 590 :
5212 555 5231 588 ι
5267 537 5551 606 Antequam

2329 652 2734 727 impudentiam,
2772 647 2970 717 quibus
3023 643 3196 697 adhuc
3245 639 3530 709 propositm
3585 633 3896 702 quaistionis

2327 725 2592 809 absolutio
2643 741 2889 813 superius
2921 738 3069 792 facta
3122 750 3230 788 non
3287 731 3518 792 sufﬁcit,
3574 742 3678 778 non
3719 725 3900 793 inepte

2323 854 2609 913 possumus
2644 836 2823 889 dicere
2888 828 3010 897 quia
3061 834 3232 894 potest
3284 823 3423 876 Deus
3493 818 3671 871 facere
3708 817 3761 867 in
3813 816 3900 868 illa

2327 909 2628 992 invariabili
2659 936 2713 981 et
2738 919 3182 980 constantissima
3201 928 3411 982 semper
3443 909 3754 964 aeternitate
3781 922 3898 969 sua,

2325 1040 2385 1086 ut
2412 1025 2555 1097 quod
2583 1023 2783 1075 factum
2825 1015 3024 1075 fuerat,
3055 1009 3196 1080 apud
3224 1009 3325 1060 hoc
3355 1003 3593 1057 transire
3636 1008 3896 1058 nostrum,

2326 1091 2530 1175 fact-um
2578 1129 2685 1168 non
2730 1111 2831 1173 sit;
2881 1105 3086 1161 scilicet
3122 1110 3181 1152 ut
3228 1097 3473 1150 dicamus
3513 1108 3526 1144 :
3560 1091 3751 1153 Roma,
3784 1103 3904 1158 quae

2327 1210 2625 1280 antiquitus
2653 1201 2865 1258 condita
2904 1204 3007 1260 est,
3032 1200 3196 1262 potest
3225 1190 3365 1243 Deus
3391 1199 3550 1254 agere
3598 1191 3658 1237 ut
3688 1181 3903 1235 condita

2327 1319 2433 1358 non
2463 1271 2668 1354 tuerit.
2716 1294 2828 1347 Hoc
2877 1287 3017 1356 quod
3067 1284 3319 1344 dicimus,
3367 1287 3571 1347 potest,
3623 1271 3902 1343 praesentis

2324 1393 2572 1448 videlicet
2605 1385 2882 1455 temporis,
2909 1393 3149 1447 congrue
3172 1374 3371 1430 dicitur
3390 1379 3649 1439 quantum
3673 1365 3902 1434 pertinet

2326 1486 2391 1538 ad
2433 1452 2762 1537 immobilem
2804 1473 2897 1527 Dei
2947 1465 3334 1536 omnipotentis
3384 1457 3768 1517 aeternitatem;
3807 1452 3902 1504 sed

2325 1582 2584 1642 quantum
2615 1567 2681 1620 ad
2705 1562 2930 1627 nos,ubi
2953 1558 3264 1615 continuata
3289 1548 3577 1611 mobilitas,
3625 1554 3675 1596 et
3708 1555 3902 1610 perpes

2326 1634 2409 1722 est
2439 1663 2720 1724 transitus,
2767 1666 2824 1710 ut
2855 1670 2970 1708 mos
3007 1659 3105 1712 est,
3143 1647 3334 1716 potuit,
3359 1636 3771 1695 eonvcnicntius
3820 1634 3899 1686 di-

2327 1770 2596 1815 ceremus,
2662 1758 2718 1802 ut
2767 1747 2839 1799 ita
2890 1740 3252 1809 intelligamus
3322 1733 3423 1785 hoc
3475 1727 3616 1796 quod
3667 1724 3898 1777 dicitur:

2325 1844 2515 1901 Potest
2545 1842 2686 1894 Dens
2721 1838 2922 1893 facere,
2955 1841 3013 1883 ut
3046 1829 3220 1882 Itonia
3276 1839 3379 1877 non
3428 1819 3588 1873 fuerit
3626 1833 3726 1868 non
3778 1829 3903 1866 con-

4001 628 4268 683 Abraliam
4307 625 4480 688 fieret,
4520 641 4616 694 ego
4655 643 4772 679 sum
4808 625 4986 696 (Joan.
5021 625 5158 696 vui).
5209 647 5227 678 ι
5268 627 5384 682 Dion
5423 629 5550 681 enim

4004 730 4238 775 imitatur
4279 721 4431 789 juxta
4491 720 4853 772 conditionem
4917 727 5152 773 nostram
5209 718 5276 774 de
5329 721 5551 774 futurum

4003 830 4118 868 esse
4145 815 4195 865 in
4234 827 4372 875 esse,
4406 811 4491 865 vel
4523 812 4585 864 de
4609 825 4726 865 esse
4753 810 4804 863 in
4843 809 5036 876 fuisse;
5075 812 5166 865 sed
5193 825 5402 881 semper
5427 812 5553 867 idem

4005 917 4103 968 est,
4140 916 4192 960 et
4226 921 4438 973 semper
4463 914 4544 958 est
4581 909 4844 972 quodest.

4077 998 4227 1051 Sicut
4257 1013 4383 1066 ergo
4441 996 4581 1050 Deus
4631 1010 4765 1049 unus
4813 993 5059 1062 idemque
5107 1003 5442 1065 semperest,
5491 996 5555 1048 ita

4007 1091 4147 1160 apud
4175 1106 4295 1144 eum
4336 1088 4513 1142 omnia
4545 1103 4735 1156 posse,
4769 1086 5143 1141 indefectivum
5178 1097 5336 1156 atque
5369 1088 5553 1156 imper-

4007 1181 4287 1235 transibile
4316 1193 4527 1247 semper
4572 1179 4740 1231 adest.
4780 1178 4843 1230 Et
4885 1178 5022 1232 sicut
5055 1179 5320 1234 veraciter
5353 1187 5408 1232 et
5441 1177 5554 1231 abso

4007 1287 4110 1338 que
4166 1270 4271 1324 ulla
4308 1270 4522 1338 penitus
4568 1268 4991 1323 contradictione
5047 1270 5267 1323 uicimus
5311 1269 5434 1338 quia
5465 1271 5557 1323 hoc

4007 1376 4148 1414 nunc
4173 1369 4227 1412 et
4261 1373 4472 1426 semper
4527 1357 4665 1410 Deus
4715 1359 4816 1412 hoc
4843 1366 4924 1412 est
4960 1358 5098 1428 quod
5143 1368 5256 1412 erat
5301 1368 5424 1414 ante
5470 1373 5557 1412 sie-

4009 1451 4164 1515 cula,
4214 1451 4289 1503 ita
4328 1448 4678 1523 nihilominus
4726 1449 4992 1503 veraciter
5041 1447 5263 1502 dicimus
5302 1449 5424 1517 quia
5467 1449 5560 1502 hoc

4009 1557 4151 1595 nunc
4182 1550 4234 1594 et
4271 1553 4482 1608 semper
4513 1546 4688 1606 potest
4714 1539 4854 1591 Deus
4900 1539 5040 1607 quod
5070 1547 5278 1606 poterat
5317 1549 5439 1594 ante
5471 1554 5559 1593 sa:-

4010 1632 4145 1682 enla.
4181 1632 4233 1683 ,ἐξ
4262 1644 4390 1696 ergo
4434 1643 4530 1695 per
4578 1627 4756 1681 omnia
4804 1636 4980 1696 potest
5024 1626 5163 1680 Deus
5201 1627 5453 1695 quidquid
5498 1626 5559 1680 ab

4011 1722 4164 1774 initio
4197 1720 4367 1788 potuit
4399 1729 4523 1770 ante
4563 1733 4742 1772 rerum
4785 1717 5161 1778 conditionem.
5187 1729 5244 1770 ut
5286 1735 5402 1786 quae
5428 1735 5561 1773 nunc

4010 1815 4150 1866 facta
4182 1824 4304 1864 sunt
4338 1811 4639 1863 tiuilnlclltts
4673 1810 4893 1872 ﬁerent;
4932 1819 5106 1879 potest
5141 1812 5296 1880 igitur
5330 1822 5385 1864 ut
5433 1812 5563 1866 facta

2327 1938 2463 1998 dita,
2497 1934 2595 1985 hoc
2626 1928 2831 1983 scilicet
2878 1921 3171 1975 secundum
3220 1930 3341 1970 eum
3376 1909 3514 1981 apud
3543 1925 3701 1977 qutm
3738 1925 3754 1956 (
3797 1922 3898 1957 not:
3932 1911 3977 1968 Β
4008 1905 4228 1956 ιιιίιιίιιιυ
4259 1901 4505 1955 fuissent.
4548 1900 4713 1954 Posse
4747 1899 5010 1968 siquidem
5045 1899 5158 1967 ejus
5207 1901 5368 1955 lixum
5405 1914 5483 1956 est
5513 1912 5564 1956 et

2328 2038 2412 2083 est
2437 2020 2815 2079 transmutatio
2844 2031 2939 2069 nec
2969 2009 3348 2066 ticissitudinis‘
3375 2004 3717 2057 (JlJIllllltl'.lltt)
3755 1997 3894 2064 (Jac.

2328 2123 2402 2190 ι).
2439 2139 2456 2170 ι
2503 2115 2654 2182 Quod
2718 2110 2971 2164 nimirum
3018 2104 3157 2172 apud
3219 2115 3314 2152 nos
3376 2098 3446 2149 ita
3501 2103 3674 2155 sonat,
3732 2091 3899 2157 potuit

2329 2211 2489 2263 Deus.
2513 2207 2781 2270 Quantum
2808 2199 2950 2253 enini
2975 2196 3039 2247 ad
3067 2192 3422 2246 aeternitatem
3447 2201 3621 2248 suam,
3644 2181 3901 2250 quidquid

2327 2299 2503 2371 potuit
2531 2298 2690 2356 Deus,
2729 2293 2829 2345 lioc
2854 2292 3016 2342 etiarn
3048 2295 3095 2337 et
3133 2292 3238 2351 poti
3263 2290 3340 2342 st;
3377 2280 3498 2346 quia
3522 2289 3758 2344 plLL‘StﬁllS
3790 2272 3903 2337 cuius

2329 2394 2380 2446 in
2422 2389 2753 2460 prmteritum
2798 2395 3069 2449 nunquam
3119 2378 3166 2427 ei
3218 2373 3448 2425 vertitur
3508 2387 3517 2418 :
3575 2367 3689 2433 eius
3747 2364 3904 2416 lio-die

2328 2456 2436 2538 non
2486 2481 2538 2534 in
2581 2494 2722 2538 cras,
2770 2475 2851 2527 vel
2881 2474 2933 2525 in
2968 2467 3181 2538 aliquod
3239 2464 3495 2532 temporis
3535 2456 3905 2511 vicissitudine

2328 2581 2703 2647 permutatur;
2758 2567 2848 2621 sed
2892 2567 3028 2618 sicut
3069 2563 3182 2629 ipse
3229 2572 3439 2624 semper
3489 2561 3568 2606 est
3616 2548 3758 2618 quod
3800 2556 3902 2609 est,

2327 2641 2404 2720 ita
2453 2659 2713 2732 quidquid
2746 2659 2817 2711 illi
2866 2658 3056 2717 adest,
3109 2663 3322 2716 semper
3353 2647 3522 2697 adest.
3567 2641 3905 2707 Quapropter

2325 2728 2614 2811 sicut-rite,
2633 2760 2915 2818 possumus
2954 2743 3134 2796 dicere
3169 2755 3180 2789 :
3217 2735 3397 2788 Potuit
3428 2733 3569 2784 Deus
3611 2739 3667 2780 ut
3709 2728 3903 2790 Roaia,

2325 2857 2616 2915 antequam
2652 2841 2791 2895 facta
2848 2837 3074 2897 fuisset,
3127 2831 3269 2884 facta
3310 2842 3415 2880 non
3447 2823 3640 2884 fuerit;
3700 2821 3769 2871 ita
3825 2820 3906 2870 iri-

2329 2909 2622 2994 liiloniinus
2644 2942 2929 3002 possumus
2956 2933 3008 2978 et
3031 2934 3267 2989 congrue
3297 2917 3478 2970 dicere
3509 2931 3519 2963 :
3556 2912 3742 2964 Potest
3765 2909 3907 2961 Deus

2326 3037 2385 3080 ut
2409 3025 2602 3086 Roma,
2629 2997 2790 3074 etiam
2820 3023 3103 3084 postquam
3136 3009 3276 3061 facta
3297 3015 3402 3067 est,
3422 3002 3565 3055 facta
3585 3016 3688 3053 non
3722 2997 3902 3051 fuerit.

2327 3113 2509 3170 Potuit
2537 3107 2829 3163 secundum
2862 3117 2976 3165 nos,
2997 3105 3172 3169 potest
3195 3091 3492 3148 secundum
3518 3103 3594 3141 se.
3612 3086 3744 3139 lllud
3761 3086 3905 3138 enim

2327 3219 2509 3275 posse,
2536 3199 2676 3269 quod
2711 3195 2944 3250 habebat
2983 3191 3123 3242 Deus
3167 3194 3458 3251 antequam
3509 3178 3678 3231 Roma
3731 3176 3902 3235 ﬁeret,

4009 2005 4293 2056 aeternum,
4333 2000 4390 2044 ut
4430 1990 4687 2057 quidquid
4719 2004 4953 2058 unquam
4986 1990 5184 2058 potuit,
5220 2005 5429 2059 semper
5451 2006 5564 2059 pos-

4008 2089 4099 2150 sit,
4130 2102 4229 2138 nec
4261 2085 4493 2137 varietas
4522 2093 4823 2153 temporum
4857 2084 4997 2152 apud
5023 2085 5374 2138 mteruitatem
5408 2086 5564 2139 ullum

4007 2177 4399 2230 vicissitudinis
4431 2176 4634 2228 invenit
4665 2175 4874 2238 locum;
4905 2174 4996 2228 sed
5025 2174 5160 2228 sicut
5193 2174 5329 2229 idem
5364 2191 5564 2245 semper

4011 2271 4225 2337 ι]1ι.›·]ιιι
4256 2269 4520 2337 principio
4552 2277 4689 2332 erat,
4722 2271 4800 2321 sic
4827 2269 4985 2321 etiam
5017 2276 5181 2321 totum
5217 2277 5388 2336 potest
5415 2268 5565 2337 quid-

4011 2364 4136 2430 quill
4168 2374 4290 2414 ante
4322 2361 4514 2413 saecula
4548 2369 4774 2428 poterat.
4809 2359 5100 2427 Proposita:
5137 2360 5297 2425 igitur
5334 2359 5568 2426 disputa-

4009 2454 4139 2504 tioni
4166 2452 4466 2504 adhibenda
4499 2459 4583 2502 est
4616 2448 4851 2502 clausula
4882 2466 4891 2499 :
4922 2448 4978 2501 Si
5007 2452 5181 2517 itaque
5210 2449 5382 2501 omnia
5416 2463 5566 2518 posse

4008 2555 4332 2596 υοωιυιιιυιιι
4365 2552 4447 2594 est
4477 2543 4605 2603 Deo,
4633 2549 4809 2607 potest
4836 2540 4998 2608 igitur
5033 2537 5170 2592 Deus
5213 2548 5268 2590 ut
5291 2553 5404 2606 qua!
5435 2539 5568 2592 facta

4007 2643 4133 2687 sunt
4163 2634 4301 2685 facta
4336 2648 4442 2684 non
4471 2631 4687 2683 fuerint.
4724 2629 4825 2682 Sed
4851 2629 5026 2682 omnia
5066 2641 5221 2697 p05se
5254 2637 5567 2682 comtemum

4006 2736 4088 2782 est
4116 2727 4248 2790 Deo;
4279 2736 4454 2795 potest
4504 2725 4664 2792 igitur
4697 2722 4836 2776 Deus
4861 2733 4917 2775 ut
4948 2736 5065 2790 quae
5095 2721 5228 2774 facta
5279 2728 5399 2773 sunt
5434 2720 5566 2773 facta

4008 2835 4114 2873 non
4156 2820 4372 2871 fuerint.
4417 2817 4741 2870 Constanter
4774 2815 4934 2883 igitur
4971 2823 5022 2866 et
5071 2812 5296 2865 fideliter
5327 2827 5565 2866 asseren—

4011 2915 4134 2964 alum
4164 2923 4246 2965 cst
4293 2913 4417 2979 quia
4465 2910 4626 2971 Deus,
4674 2909 4808 2962 sicut
4858 2906 5194 2974 omnipotens
5246 2904 5459 2968 dicitur,
5501 2905 5568 2956 ita

4010 3019 4236 3072 prorsus
4262 3004 4377 3056 sine
4406 3001 4512 3055 ulla
4548 3000 4864 3068 exceptione
4891 2997 5066 3049 omnia
5089 2995 5349 3049 veraciter
5381 3002 5564 3064 potest,

4010 3098 4123 3148 sive
4156 3097 4207 3148 in
4250 3096 4334 3147 his
4363 3108 4481 3161 qua:
4517 3092 4656 3145 facta
4717 3101 4875 3154 sunt,
4927 3090 5038 3142 sive
5076 3087 5129 3141 in
5170 3087 5251 3142 bis
5277 3101 5395 3155 quae
5433 3087 5569 3140 facta

4011 3202 4117 3239 non
4145 3194 4294 3248 sunt,
4328 3193 4387 3236 ut
4425 3183 4552 3236 illud
4580 3180 4775 3235 Esther
4815 3180 5044 3248 elogium
5088 3177 5230 3232 velut
5279 3177 5569 3231 inviolabile

2325 3252 2659 3352 immutabile
2704 3299 2918 3355 semper
2961 3280 3099 3351 apud
3150 3276 3510 3332 aeternitatem
3566 3269 3658 3324 Dei
3720 3278 3772 3320 et
3823 3267 3908 3319 in-
3936 3252 3979 3309 C
4013 3289 4243 3346 ροιηηυι-
4275 3277 4328 3328 λη
4359 3289 4556 3343 ορυερυ

3327 3276 3510 3328 itatem
3566 3269 3658 3324 Dei
3720 3278 3772 3320 Cl
3823 3267 3908 3319 ἱη·
3936 3252 3979 3309 C
4013 3289 4243 3346 ponatur
4275 3277 4328 3328 in
4359 3274 4599 3343 Opusculi
4633 3271 4974 3327 conclusione
5004 3268 5331 3340 signaculum
5363 3286 5375 3321 :
5413 3287 5430 3319 ι
5465 3269 5564 3323 Do-

2329 3386 2608 3444 transibile
2644 3385 2975 3452 perseverat.
3008 3373 3075 3428 Et
3104 3379 3163 3424 ut
3201 3370 3266 3423 de
3293 3378 3615 3436 quacunque
3648 3377 3702 3413 re
3733 3357 3906 3428 possi-

2331 3495 2455 3536 mus
2499 3451 2681 3532 dieere
2708 3472 2832 3541 quia
2881 3465 3056 3538 potuit
3090 3476 3213 3516 eam
3242 3460 3405 3524 Deus,
3435 3455 3710 3508 valeamus
3742 3451 3904 3503 etiam

2334 3568 2688 3626 nihilominus
2745 3563 2924 3616 dicere
2972 3557 3094 3627 quia
3156 3560 3336 3624 potest
3382 3564 3503 3603 eam
3549 3546 3726 3609 Deus;
3779 3542 3905 3611 quia

2328 3675 2487 3734 posse
2512 3659 2646 3728 ejus,
2679 3654 2821 3723 quod
2853 3649 2955 3704 sibi
3001 3647 3187 3714 utique
3215 3650 3545 3697 cozeternum
3583 3645 3695 3700 est,
3740 3633 3906 3684 fixum

2333 3721 2556 3820 semper
2597 3721 2758 3814 atque
2806 3737 3077 3795 immobile
3124 3744 3226 3788 est.
3283 3729 3527 3784 Potuisse
3575 3725 3719 3780 enim
3767 3721 3904 3785 Dei,

2335 3841 2472 3910 apud
2522 3852 2618 3892 nos
2649 3843 2732 3890 est
2769 3827 3175 3890 tantummodo;
3206 3823 3348 3893 apud
3377 3822 3554 3890 ipsum
3585 3826 3763 3869 autem
3797 3829 3902 3866 non

2334 3904 2584 4000 potuisse,
2619 3924 2711 3979 sed
2747 3924 3049 3982 immotum,
3081 3923 3340 3971 constans
3378 3919 3541 3978 atque
3588 3904 3910 3960 iuvariabile

2337 3996 2486 4093 posse
2518 4031 2731 4086 semper
2783 4021 2883 4068 est.
2919 4009 3286 4077 Quodcunque
3333 4001 3476 4056 enim
3519 3998 3693 4068 potuit
3743 3996 3907 4058 Deus,

2336 4087 2706 4166 indubitanter
2747 4114 2801 4159 et
2836 4108 3046 4173 potest;
3089 4096 3230 4166 apud
3270 4105 3430 4162 quem
3457 4089 3736 4150 nimirum,
3771 4087 3912 4139 sicut

2337 4216 2445 4256 non
2478 4208 2562 4254 est
2606 4213 2715 4251 esse
2748 4205 2793 4249 et
2835 4193 3028 4262 fuisse,
3083 4187 3175 4243 sed
3218 4183 3604 4254 sempiternum
3650 4193 3758 4231 esse
3773 4193 3793 4241 ;
3834 4176 3905 4229 ita

2339 4295 2734 4358 consequenter
2764 4300 2869 4340 non
2900 4293 2983 4338 est
3022 4279 3250 4351 potuisse
3281 4285 3327 4330 et
3365 4290 3538 4345 posse,
3581 4271 3673 4326 sed
3719 4272 3909 4325 immo-

2339 4379 2446 4436 bile
2487 4391 2700 4446 semper
2750 4384 2804 4430 et
2851 4380 3167 4442 perpetuum
3215 4382 3384 4436 posse.
3433 4362 3585 4418 Sicut
3609 4361 3752 4415 enim
3803 4373 3910 4413 non

2334 4469 2497 4547 637
2535 4469 2609 4523 ait
2643 4485 2655 4519 :
2698 4483 2716 4516 ι
2761 4463 2872 4534 Ego
2908 4476 3026 4516 sum
3065 4458 3158 4530 qui
3197 4456 3276 4511 fui
3308 4464 3364 4510 et
3407 4469 3526 4509 sum
3562 4470 3573 4504 :
3620 4471 3638 4502 ›
3677 4450 3770 4504 sed
3810 4463 3909 4519 po-

2336 4539 2468 4629 tius,
2505 4579 2522 4612 ι
2557 4573 2656 4629 ego
2683 4570 2800 4612 sum
2843 4553 2933 4623 qui
2965 4566 3084 4606 sum
3114 4566 3128 4604 :
3169 4557 3224 4602 et
3256 4547 3349 4617 qui
3385 4554 3490 4610 est,
3545 4542 3692 4596 misit
3721 4554 3807 4594 me
3842 4539 3910 4593 ad

2342 4617 2674 4724 vos'(Exod.
2704 4647 2818 4716 ut);
2859 4617 2879 4697 ξ
2915 4645 2988 4698 ita
3027 4641 3218 4712 procul
3247 4637 3411 4693 dubio
3453 4648 3787 4703 consequens
3828 4639 3914 4686 est
3937 4617 3991 4678 D

2342 4759 2404 4803 t2:
2433 4745 2576 4800 dicat
2606 4759 2620 4794 :
2653 4739 2768 4794 Non
2797 4751 2897 4807 ego
2935 4749 3050 4789 sum
3102 4732 3193 4801 qui
3226 4729 3375 4800 potui
3412 4735 3468 4782 et
3500 4740 3750 4796 possum;
3787 4723 3911 4786 sed,

2341 4837 2433 4908 qui
2460 4830 2809 4889 immobiliter
2839 4835 2894 4881 et
2924 4821 3252 4878 aeternaliter
3296 4832 3536 4888 possum.
3589 4814 3719 4868 lllud
3767 4813 3912 4868 enim

2339 4906 2518 5000 posse,
2549 4922 2692 4993 quod
2721 4918 2862 4989 apud
2898 4915 3065 4970 Deum
3099 4923 3219 4968 erat
3251 4919 3375 4964 ante
3415 4907 3630 4972 secula,
3669 4906 3796 4960 illud
3829 4913 3914 4959 est

2345 4996 2532 5080 bodic;
2558 5023 2612 5068 et
2637 5011 2765 5066 illud
2799 5022 2975 5079 posse,
3013 5003 3156 5075 quod
3199 5002 3300 5057 sibi
3340 5011 3425 5055 est
3461 4998 3643 5068 hodie,
3677 5005 3795 5050 erat
3835 4996 3918 5048 ni-

2344 5106 2636 5164 hilominus
2682 5105 2806 5152 ante
2865 5089 3084 5159 saecula;
3127 5102 3181 5147 et
3225 5089 3390 5144 fixum
3437 5097 3600 5154 atque
3648 5081 3918 5138 immobile

2341 5215 2441 5273 per
2485 5194 2667 5252 omnia
2720 5202 2840 5259 quae
2887 5185 3069 5240 futura
3118 5192 3271 5247 sunt,
3323 5177 3537 5242 saecula,
3589 5172 3916 5230 aeternaliter

2344 5271 2671 5361 perseverat.
2711 5281 2861 5334 Sicut
2895 5289 3023 5344 ergo
3053 5273 3225 5342 potuit
3252 5273 3414 5338 Deus,
3440 5277 3727 5337 antequam
3765 5271 3913 5333 quae:

2345 5359 2454 5454 que
2472 5377 2612 5433 facta
2647 5381 2848 5436 essent,
2880 5378 2940 5424 ut
2962 5382 3071 5422 non
3099 5365 3322 5429 fierent;
3350 5365 3424 5417 ita
3450 5359 3799 5417 nihilominus
3821 5369 3916 5426 po-

2346 5447 2454 5532 test
2482 5479 2537 5527 et
2576 5482 2719 5524 nunc
2757 5473 2818 5518 ut
2851 5478 2968 5532 qua:
3004 5460 3142 5516 facta
3181 5467 3307 5513 sunt
3335 5472 3442 5512 non
3484 5454 3731 5510 fuissent.
3783 5447 3917 5505 lllud

2347 5567 2492 5624 enim
2547 5573 2724 5634 posse,
2782 5556 2923 5625 quod
2950 5562 3076 5608 tunc
3123 5550 3374 5612 habebat,
3428 5563 3528 5602 nec
3573 5548 3915 5601 immutatum

2353 5669 2452 5721 est,
2491 5670 2589 5710 nec
2619 5651 2882 5710 ablatura;
2925 5648 3022 5701 sed
3055 5645 3194 5700 sicut
3240 5644 3355 5714 ipse
3406 5655 3616 5710 semper
3654 5649 3735 5694 est
3777 5634 3918 5706 quod

2353 5761 2465 5814 est,
2509 5748 2584 5800 ita
2611 5754 2664 5799 et
2697 5757 2855 5812 posse
2901 5737 2996 5793 Dei
3047 5737 3243 5792 mutari
3297 5750 3402 5790 non
3438 5743 3632 5804 potest.
3674 5733 3792 5802 Ipse
3838 5739 3920 5788 est

2355 5842 2497 5897 enim
2530 5837 2617 5908 qui
2649 5849 2744 5906 per
2767 5831 3088 5899 Prophetam
3125 5828 3253 5885 dicit
3286 5847 3296 5882 :
3336 5847 3353 5881 ι
3391 5828 3500 5898 Ego
3528 5827 3690 5882 Deus.
3722 5839 3774 5882 et
3812 5840 3918 5881 non

4010 3370 4176 3431 mine,
4218 3383 4311 3419 rex
4341 3367 4698 3434 omnipotens,
4741 3365 4796 3417 in
4842 3363 5044 3417 ditione
5085 3372 5172 3417 tua
5216 3372 5408 3417 cuncta
5450 3371 5570 3418 sunt

4009 3459 4202 3527 posita,
4241 3466 4296 3510 et
4341 3471 4446 3508 non
4493 3463 4578 3508 est
4629 3454 4721 3522 qui
4765 3453 4936 3522 possit
4976 3462 5077 3506 tua),
5115 3453 5360 3506 resistere
5388 3451 5570 3506 volun-

4011 3553 4126 3605 tati.
4158 3551 4238 3604 Tu
4261 3550 4403 3604 enim
4432 3547 4609 3603 fecisti
4635 3545 4830 3601 caelum
4881 3554 4937 3600 et
4963 3553 5184 3608 terram,
5224 3553 5277 3598 et
5319 3544 5568 3614 quidquid

4010 3643 4133 3697 coeli
4172 3641 4378 3694 ambitu
4419 3637 4752 3701 continetur;
4804 3636 5060 3691 Dominus
5105 3636 5336 3690 omnium
5391 3646 5444 3688 tu
5493 3650 5565 3701 es,

4010 3748 4111 3787 nec
4141 3741 4223 3786 est
4261 3729 4353 3799 qui
4378 3727 4595 3782 resistat
4623 3724 4890 3794 maiestati
4920 3734 5022 3778 tua:
5057 3721 5268 3795 (Est/ter
5285 3723 5426 3794 xm).
5457 3742 5476 3775 ι

4595 3834 4823 3892 CAPUT
4860 3834 4999 3890 XVI.

4017 3957 4261 4011 Testatur
4316 3951 4622 4005 cliarilatem
4682 3965 4832 4004 suam
4875 3963 4995 4017 erga
5044 3949 5228 4016 fratrea
5280 3948 5568 4001 monasterii

4083 4025 4418 4148 Sasinensis,
4463 4031 4510 4074 et
4564 4019 4762 4074 virilem
4815 4034 4990 4073 eorum
5030 4019 5267 4071 virtutem
5318 4034 5569 4071 commen-

4122 4107 4193 4148 at.

4122 4107 4193 4148 at.

4084 4186 4466 4240 Verumtamen
4499 4181 4725 4252 quastio
4775 4180 4899 4247 ista,
4951 4179 5077 4235 licet
5120 4178 5372 4234 adversus
5410 4179 5573 4233 Deum

4013 4277 4246 4332 inaniter
4277 4283 4602 4347 opponatur,
4639 4273 4802 4328 habet
4845 4271 4978 4326 alias
5022 4271 5284 4335 latebras;
5339 4272 5574 4327 continet

4015 4369 4193 4422 adhuc
4221 4369 4482 4421 obscuros
4511 4367 4664 4420 sinus
4702 4373 4864 4434 atque
4897 4376 5178 4418 recessus:
5211 4375 5308 4417 nos
5331 4364 5576 4418 subtilius

4016 4461 4191 4516 adhuc
4246 4459 4431 4514 rimari
4478 4456 4680 4512 idcirco
4715 4455 5053 4519 desistimus,
5084 4453 5250 4525 638
5273 4455 5396 4523 quia
5427 4455 5576 4509 volu-

4016 4569 4140 4608 men
4165 4555 4400 4608 vitamus
4427 4560 4734 4617 extensum,
4763 4551 4855 4620 qui
4884 4548 5254 4620 proposuimus
5289 4549 5575 4619 epistulare

4017 4645 4413 4715 compendium.
4458 4642 4764 4698 Praesertim
4803 4642 4929 4696 dum
4965 4640 5243 4710 super-bac
5273 4640 5573 4709 disputandi

4017 4737 4246 4792 materia
4271 4751 4377 4791 non
4409 4734 4551 4789 aliud
4597 4733 4861 4802 attingere
4903 4730 5254 4795 decernimus,
5286 4730 5389 4786 nisi
5421 4740 5480 4784 ut
5510 4746 5576 4785 ex

4017 4827 4335 4898 impotentia
4359 4827 4453 4881 Dei
4491 4827 4794 4882 devolutam
4828 4839 4988 4896 super
5016 4838 5116 4878 nos
5140 4822 5454 4878 calumniam
5479 4837 5571 4877 ve-

4017 4922 4195 4976 ritatis
4217 4920 4623 4990 allegationibus
4651 4917 4988 4987 repellamus.
5029 4913 5133 4970 Sed
5160 4915 5283 4969 dum
5316 4915 5415 4968 ista
5443 4929 5573 4982 prae-

4023 5012 4328 5075 scribimus,
4353 5025 4462 5079 quo
4484 5025 4575 5064 cor
4602 5006 4894 5062 ferventius
4917 5014 5125 5072 astuat,
5149 5005 5397 5060 cohibere
5416 5003 5571 5058 silen-

4022 5105 4116 5168 tio,
4167 5112 4226 5156 ut
4279 5101 4470 5156 saltem
4519 5098 4749 5154 scintilla
4793 5113 4900 5154 non
4929 5095 5125 5162 eﬂluat,
5170 5111 5272 5151 non
5317 5095 5566 5150 valemus.

4017 5195 4186 5267 Igitur
4217 5202 4276 5247 ut
4299 5192 4412 5262 jam
4438 5205 4624 5246 omnes
4662 5189 5015 5245 communiter
5043 5187 5298 5257 alloquar,
5329 5185 5569 5249 nolo-vos

4018 5285 4204 5349 lateat,
4230 5281 4566 5337 venerabiles
4594 5279 4791 5335 fratres
4818 5279 4955 5345 mei,
4987 5279 5110 5350 quia
5139 5293 5206 5332 ex
5226 5290 5331 5346 quo
5354 5275 5566 5347 gloriosi

4021 5375 4257 5431 emnobii
4295 5373 4462 5430 vestri
4500 5371 4664 5427 limen
4689 5370 4922 5436 excessi,
4945 5383 5042 5424 vos
5060 5367 5254 5440 iugiter
5277 5381 5385 5436 pra:
5406 5364 5568 5421 oculis

4023 5467 4218 5533 habui,
4260 5465 4462 5520 intima:
4487 5462 4790 5519 dilectionis
4811 5460 5103 5517 visceribus
5123 5457 5367 5522 astrinxi,
5394 5469 5563 5528 atque,

4023 5567 4084 5613 ut
4110 5558 4184 5613 ita
4225 5554 4421 5623 fatear,
4459 5554 4703 5611 redeunti
4732 5570 4762 5609 a
4792 5553 4988 5609 Casino
5033 5552 5388 5610 sacratissimo
5432 5551 5562 5604 idem

4025 5651 4250 5722 contigit
4274 5651 4416 5720 quod
4437 5647 4648 5703 mulieri
4673 5663 4793 5721 qua:
4823 5647 5188 5703 revertebatur
5209 5660 5238 5699 ιι
5267 5642 5374 5699 Silo
5399 5643 5568 5697 taber—

4026 5741 4219 5799 naculo
4245 5740 4297 5812 (Ι
4321 5741 4451 5812 Reg.
4475 5743 4539 5811 ι),
4580 5750 4639 5795 ut
4687 5739 4939 5796 nimirum
4967 5738 5142 5792 vultus
5189 5736 5290 5792 mei
5333 5750 5434 5790 non
5465 5733 5565 5788 sint

4029 5832 4258 5904 amplius
4285 5832 4337 5888 in
4366 5831 4577 5890 diversa
4606 5831 4796 5888 mutati
4833 5847 4846 5885 :
4879 5827 5146 5885 vobiscum
5175 5839 5304 5882 sane
5338 5837 5565 5895 prasen-
