5664 6608
633 401 733 458 621

1306 400 1550 458 OPUSC.
1594 399 1858 454 XXXVII.
1895 429 1963 439 -—-—
2005 400 2092 453 DE
2139 399 2368 454 V’ARIIS
2405 398 2650 456 SACRIS
2691 401 3250 468 QUAESTIONIBUS.

3820 419 3928 476 622

628 517 839 572 tialiter
887 515 1093 581 habito,
1140 514 1294 568 vobis
1352 529 1568 584 semper
1618 513 1833 567 assiste.
1880 511 2130 580 Alioquin
2180 513 2224 565 si
2259 521 2305 576 Α
2332 526 2428 566 nes
2472 513 2650 567 aditus
2688 513 2904 569 clausos
2941 527 2996 570 et
3031 497 3313 574 obseratos
3357 521 3585 578 invenit.
3632 525 3790 582 Mane
3835 545 3934 586 au-

626 619 930 678 propterea
981 623 1086 662 non
1139 621 1257 658 sum
1333 605 1610 658 vobiscum
1673 605 1796 672 quia
1855 603 2225 671 corporalibus

624 699 803 752 oculis
836 713 940 752 vos
972 711 1074 762 non
1121 697 1368 759 intueor,
1405 711 1536 765 ergo
1567 709 1664 748 nec
1706 693 1805 762 ipsi
1839 694 1978 746 oculi
2015 703 2138 748 sunt
2172 694 2224 746 in

625 791 828 857 capite,
875 788 1000 856 quia
1033 795 1194 854 caput
1234 800 1462 839 cernere
1500 792 1801 854 nequeunt;
1843 785 1922 836 vel
1961 786 2062 853 ipsi
2089 784 2223 837 sibi-

624 889 736 934 met
759 879 910 933 oculi
938 879 1188 932 absentes
1225 887 1370 944 sunt,
1400 878 1521 947 quia
1565 892 1666 932 nec
1715 878 2000 946 quisquam
2024 894 2101 941 se,
2126 892 2226 932 nec

623 981 863 1041 uterque
902 986 963 1026 se
1003 971 1231 1024 invicem
1265 980 1491 1039 possunt
1532 979 1718 1023 mutua
1767 969 2226 1038 contemplatione

623 1063 974 1132 conspicere.
1024 1059 1172 1116 Beati
1223 1061 1488 1129 siquidem
1546 1062 1637 1128 qui
1696 1061 1970 1114 vobiscum
2013 1061 2222 1125 vivunt,

622 1154 768 1208 beati
832 1154 930 1224 qui
980 1153 1122 1206 inter
1157 1167 1250 1206 vos
1288 1161 1342 1206 et
1390 1153 1444 1206 in
1493 1154 1694 1207 sanctis
1743 1155 1997 1222 operibus
2029 1154 2224 1208 vestris

623 1246 960 1298 moriuntur.
1004 1243 1098 1296 Pia
1146 1244 1404 1297 nimirum
1455 1245 1556 1297 ﬁde
1615 1244 1939 1298 credendum
1983 1247 2222 1312 estquia

625 1335 768 1388 scala
796 1335 889 1388 illa
923 1350 1046 1403 qua:
1085 1336 1148 1387 de
1169 1335 1368 1389 Casino
1401 1344 1581 1389 monte
1604 1335 1730 1388 olim
1763 1337 1813 1388 in
1855 1336 2049 1389 coelum
2079 1337 2222 1389 vide—

624 1425 782 1478 batur
812 1435 1022 1488 erecta,
1073 1425 1248 1478 adhuc
1300 1425 1476 1493 palliis
1530 1436 1723 1488 strata,
1773 1427 2222 1494 lampadiliusque

624 1527 877 1572 coruscat
915 1517 998 1586 (S.
1034 1516 1198 1572 Gneo.
1236 1518 1328 1571 lib.
1364 1534 1400 1570 ιι
1436 1518 1642 1588 Dialog.
1677 1534 1722 1572 c.
1759 1519 1868 1582 57).
1907 1519 2058 1572 Sicut
2097 1531 2221 1573 tunc

622 1611 837 1679 excepit
870 1611 1086 1674 ducem,
1133 1612 1205 1664 ita
1259 1626 1401 1664 nunc
1441 1614 1736 1664 exercitum
1783 1612 2102 1663 transmittit
2154 1613 2220 1664 ad

624 1702 872 1755 ctelestia
905 1704 1353 1770 subsequentem;
1392 1718 1490 1755 nec
1514 1703 1580 1754 ab
1608 1703 1722 1770 ejus
1747 1704 1978 1771 glorioso
2005 1703 2221 1757 tramite

622 1792 936 1845 exorbitant
972 1792 1306 1845 declinantes
1341 1792 1453 1859 jam
1485 1792 1745 1856 defuncti,
1793 1796 1965 1863 cujus,
2001 1797 2124 1847 dum
2165 1796 2217 1846 iu

2333 613 2439 656 tem
2465 604 2629 668 facto,
2664 621 2768 659 non
2798 621 2964 674 parva
2998 609 3288 664 admiratio
3319 612 3458 666 inter
3513 615 3706 670 l‘ratres
3746 635 3931 676 versa-

2333 692 2491 747 batur
2524 713 2534 746 :
2570 694 2828 747 nimirum
2855 711 3007 765 puer,
3042 701 3153 767 qui,
3190 709 3398 755 remota
3436 707 3580 758 onmi
3628 709 3927 778 dubietate,

2331 784 2610 850 praeterito
2667 800 2894 853 vespere
2953 789 3008 842 in
3057 798 3229 844 strato
3283 808 3380 845 suo
3437 793 3572 862 ipsis
3619 799 3932 856 videntibus

2330 876 2646 942 quievisset,
2689 876 2922 944 qualiter
2962 879 3014 932 in
3051 881 3338 949 pistrinum
3381 883 3582 938 clausis
3628 885 3805 956 jtnuis
3847 893 3935 947 in-

2331 961 2480 1037 gredi
2515 972 2797 1038 potuisset.
2828 973 2898 1026 Et
2923 976 3139 1046 quidem
3176 977 3240 1031 de
3261 982 3523 1047 apostolis
3557 982 3775 1053 legitur,
3802 1004 3927 1044 cum

2330 1061 2595 1116 educendi
2639 1073 2823 1118 essent
2876 1067 2942 1119 de
2990 1069 3232 1122 custodia
3293 1071 3507 1139 publica
3547 1093 3556 1124 :
3599 1094 3616 1125 ‹
3666 1075 3800 1142 Quia
3840 1096 3931 1135 ve-

2329 1153 2486 1207 niens
2522 1155 2746 1224 augt-lus
2801 1156 3035 1220 Domini,
3085 1174 3181 1227 per
3203 1172 3422 1217 noctem
3453 1168 3702 1234 aperiens
3727 1169 3928 1235 januas

2329 1244 2586 1308 carceris,
2617 1254 2668 1299 et
2697 1246 2930 1300 educeus
2962 1264 3075 1314 eos,
3103 1251 3232 1303 dixit
3267 1269 3277 1304 :
3313 1253 3408 1317 Ite,
3439 1265 3490 1308 et
3519 1265 3723 1312 stantes
3759 1261 3931 1328 loqui-

2328 1333 2457 1386 mini
2492 1336 2541 1386 in
2575 1336 2772 1404 templo
2798 1337 2958 1404 piebi,
2986 1343 3166 1393 omnia
3211 1345 3373 1396 verba
3418 1347 3540 1398 vita",
3587 1348 3745 1416 hujus
3786 1353 3929 1419 (Act.

2327 1424 2403 1491 v).
2449 1445 2464 1473 ›
2504 1425 2580 1478 De.
2613 1425 2776 1479 Petro
2802 1439 2981 1482 autem
3040 1447 3229 1485 rursus
3288 1433 3480 1503 legitur
3510 1456 3520 1486 :
3554 1457 3569 1486 ι
3608 1440 3740 1504 Quia
3803 1459 3928 1498 cum

2327 1518 2661 1581 praecederet
2688 1532 2809 1568 eum
2844 1519 3066 1586 angelus
3115 1523 3180 1574 de
3227 1540 3448 1578 carcere
3479 1529 3543 1578 ad
3571 1541 3779 1596 portam
3815 1531 3928 1585 l'cr-

2329 1620 2497 1667 ream,
2551 1607 2696 1659 ultro
2743 1620 2926 1675 aperta
2985 1620 3068 1663 est
3127 1614 3206 1666 eis
3246 1615 3382 1684 (Act.
3425 1618 3542 1687 xu).
3579 1638 3598 1670 ι
3635 1623 3712 1674 De
3759 1622 3928 1679 l'aulo

2324 1699 2486 1750 etiam
2529 1715 2542 1751 :
2583 1717 2599 1746 ‹
2640 1699 2774 1762 Quia
2829 1703 3008 1755 subito
3056 1714 3215 1759 terra:
3264 1718 3440 1762 mutus
3473 1712 3646 1764 laetus
3692 1724 3777 1768 est
3815 1730 3928 1768 uia-

2326 1806 2484 1853 anus,
2542 1792 2614 1844 ita
2666 1803 2723 1844 ιιι
2778 1806 3128 1848 moverentur
3186 1799 3532 1854 fundamenta
3571 1805 3831 1864 carceris,
3875 1817 3931 1862 et

625 1881 720 1936 hoc
748 1885 947 1938 exsilio
983 1885 1250 1947 viverent,
1303 1885 1526 1953 vestigia
1579 1896 1700 1937 sunt
1750 1888 1940 1938 secuti.
1981 1889 2088 1938 huc
2135 1897 2214 1939 est
2246 1912 2292 1972 Β
2328 1883 2614 1935 confestim
2644 1892 2830 1950 aperta
2861 1896 2986 1938 sunt.
3013 1889 3148 1940 ostia
3191 1894 3391 1954 omnia,
3442 1904 3496 1945 et.
3544 1897 3777 1950 universi
3804 1915 3927 1953 runt

624 1978 796 2031 intimi
831 1977 1065 2031 fervoris
1118 1978 1427 2030 incendium
1460 1977 1585 2030 illud
1617 1980 1758 2047 quod
1792 1979 1919 2031 mihi
1951 1980 2213 2031 inchtin—

624 2066 898 2137 guibiliter
919 2064 1112 2132 ﬂagrat
1153 2065 1206 2118 in
1252 2066 1440 2128 corde,
1474 2067 1587 2121 haec
1645 2082 1837 2137 μοι-νος
1873 2068 2049 2120 fabula
2096 2083 2214 2136 qum

624 2171 737 2211 meo
769 2166 1024 2210 versatur
1054 2157 1108 2208 in
1137 2173 1250 2210 ore.
1289 2156 1435 2211 Inter
1463 2167 1692 2212 ceteros
1730 2169 1908 2210 autem
1947 2159 2210 2212 vii-tntum

620 2245 776 2301 liores
808 2261 948 2315 quos
982 2245 1033 2299 in
1070 2246 1158 2298 illo
1193 2263 1324 2313 agro
1359 2248 1541 2316 pleno,
1584 2248 1667 2301 cui
1709 2247 1983 2302 benedixit
2025 2251 2209 2302 Donni-

622 2352 718 2391 nus
751 2335 906 2408 (Gen.
942 2341 1132 2405 xxvii).
1169 2338 1365 2405 reperi,
1403 2338 1599 2402 fateor,
1647 2341 1748 2393 hoc
1787 2341 1916 2392 mihi
1963 2357 2066 2393 non
2102 2357 2213 2393 ine-

622 2431 879 2485 diocriter
919 2432 1120 2501 placuit
1157 2439 1295 2500 qum’
1358 2434 1425 2484 ibi
1480 2433 1692 2487 scholas
1744 2450 2066 2502 puerorum,
2119 2439 2209 2504 qui

621 2536 757 2592 smpe
783 2525 1019 2592 rigorem
1049 2524 1357 2577 sanctitatis
1403 2536 1685 2590 enervant,
1720 2543 1822 2578 non
1874 2528 2084 2589 inveni;
2118 2530 2211 2582 sed

621 2630 803 2670 oumes
834 2625 927 2668 aut
975 2631 1151 2680 senes,
1179 2632 1300 2669 cum
1327 2617 1521 2683 quibus
1563 2619 1748 2686 utique
1790 2619 1983 2672 nobilis
2007 2622 2086 2672 vir
2121 2636 2208 2674 se-

622 2705 774 2760 debat
806 2709 858 2762 in
890 2708 1064 2778 portis
1104 2707 1360 2762 Ecclesia:
1394 2706 1576 2777 (Prov.
1631 2712 1805 2779 XXXI),
1847 2722 1938 2764 aut
1982 2711 2209 2775 juvenili

619 2794 824 2848 vivendi
873 2799 1069 2851 decore
1104 2798 1371 2850 laetantes.
1413 2798 1514 2863 Qui
1541 2799 1820 2862 nimirum,
1854 2811 1912 2853 ut
1956 2803 2048 2855 lilii
2087 2818 2213 2872 pro-

621 2887 925 2955 phetarum,
955 2890 1132 2944 idonei
1163 2901 1289 2944 sunt
1315 2890 1380 2943 ad
1405 2891 1575 2945 Eliant
1599 2908 1694 2962 per
1719 2895 1933 2949 deserta
1963 2913 2212 2966 quaeren-

622 2976 738 3030 dum
796 2977 905 3048 (IV
944 2978 1070 3048 Reg.
1115 2984 1350 3051 n);‘aut
1400 2992 1546 3036 certe
1602 2983 1977 3040 adolescentia:
2035 2989 2210 3044 adhuc

619 3061 744 3119 ﬂore
793 3078 1129 3137 vernantes,
1193 3071 1326 3138 qtti,
1378 3070 1534 3137 juxta
1591 3076 1892 3141 apostolum
1943 3078 2208 3131 Joannem

620 3154 668 3227 (I
693 3157 849 3213 Joan.
882 3160 969 3229 ιι),
1001 3162 1178 3215 vicere
1227 3163 1543 3231 malignum.
1571 3164 1710 3218 Ecce
1750 3169 1894 3234 quod
1926 3185 2066 3223 nunc
2110 3186 2206 3223 oc-

625 3251 786 3302 currit
813 3251 989 3304 dicam
1013 3251 1079 3305 ad
1121 3251 1551 3306 consolationem
1578 3254 1742 3309 divini
1773 3257 1874 3311 mei
1903 3257 2075 3322 Petri,
2111 3259 2204 3327 qui
2230 3271 2278 3335 ο

622 3339 738 3394 olim
772 3343 906 3398 civis
935 3342 1111 3398 fuerat
1135 3343 1444 3414 Capuanus,
1486 3362 1628 3402 nunc
1650 3348 1704 3402 in
1731 3349 1921 3404 militia
1945 3361 2030 3406 est
2048 3363 2204 3407 teter--

622 3433 672 3486 ni
695 3435 850 3507 ltegis
880 3437 1169 3507 ascriptus.

1187 3529 1414 3584 CAPUT
1455 3529 1613 3586 XVII.

855 3620 935 3674 De
962 3637 1122 3691 puero
1157 3622 1348 3675 clausis
1375 3625 1575 3691 foribus
1607 3627 1930 3682 intromissa.

685 3705 939 3764 Puerulus
994 3709 1248 3779 quidam,
1307 3723 1466 3767 actate
1519 3716 1915 3784 quinquennis,
1968 3719 2200 3775 lluhaldi

624 3795 813 3852 scilicet
843 3799 1164 3854 nobilissimi
1194 3801 1316 3864 viri,
1347 3803 1436 3871 qui
1469 3820 1679 3859 mecum
1712 3808 1858 3878 degit
1904 3810 1958 3863 in
1992 3826 2196 3877 eremo,

625 3885 788 3956 ﬁlius,
829 3893 883 3945 in
921 3907 1044 3946 meo
1074 3895 1404 3948 monasterio
1434 3895 1607 3950 factus
1652 3897 1828 3952 fuerat
1874 3904 2193 3959 monachus.

624 3978 710 4034 llic
737 3982 1019 4053 aliquando
1050 3963 1383 4054 intempcbta:
1424 3989 1598 4044 noctis
1641 3989 1878 4056 silentio,
1913 3994 2197 4061 quiescen-

625 4068 753 4125 tibus
788 4073 1066 4138 fratribus,
1121 4076 1233 4128 sive
1281 4090 1553 4146 egressus,
1619 4079 1732 4133 sive
1787 4081 2034 4138 sublatus
2086 4085 2192 4151 sit,

624 4165 809 4219 nescio.
836 4163 942 4220 Sed
965 4181 1085 4220 cum
1109 4167 1282 4235 pistor
1303 4168 1355 4220 in
1377 4169 1606 4236 pistrino
1629 4170 1860 4240 jaceret,
1888 4173 2194 4246 interrupto

624 4250 681 4301 ad
710 4252 886 4308 horam
917 4269 1137 4318 somno,
1186 4265 1388 4310 vestem
1416 4297 1431 4324 ,
1464 4275 1584 4329 quae
1619 4261 1723 4315 sibi
1751 4268 1998 4319 cominus
2043 4268 2193 4335 adja-

625 4341 782 4406 cebat,
810 4346 1024 4401 sibimet
1053 4347 1224 4400 voluit
1253 4365 1640 4420 superponere,
1669 4365 1725 4407 ut
1753 4356 1924 4425 l‘rigus
1951 4368 2196 4415 arceret.

625 4430 907 4494 Extendens
953 4440 1134 4508 itaque
1175 4442 1482 4507 brachium,
1531 4446 1893 4502 dormientem
1927 4449 2082 4517 juxta
2132 4469 2191 4508 se

627 4529 807 4594 reperit
831 4547 1076 4602 puerum.
1113 4532 1373 4604 Repente,
1417 4541 1754 4606 stupefactus
1786 4541 1952 4612 639
1995 4555 2046 4598 et
2077 4547 2188 4600 val-

2321 1974 2535 2026 vincula
2591 1973 2767 2028 soluta
2825 1987 2950 2030 sunt
2976 1977 3115 2046 (Act.
3150 1989 3281 2042 xvi).
3323 2003 3335 2029 ι
3379 1983 3544 2037 Porro
3578 1995 3758 2041 autem
3801 2005 3964 2056 cuin_

2320 2068 2509 2121 beatos
2538 2069 2810 2136 apostolos
2835 2071 3000 2124 etiam
3050 2073 3224 2141 angeli
3259 2075 3322 2127 de
3363 2078 3627 2132 custodiis
3663 2095 3772 2135 non
3796 2084 3928 2136 edu-

2320 2171 2526 2220 cerent,
2559 2162 2660 2216 nisi
2695 2163 2845 2230 prius
2867 2165 3066 2231 januas
3097 2169 3392 2230 aput-irent,
3430 2172 3626 2224 mirum
3657 2186 3742 2226 est
3769 2176 3927 2231 valde

2319 2257 2590 2323 quomodo
2628 2271 2764 2324 puer
2804 2257 2886 2309 vel
2930 2259 3153 2326 magicis
3214 2261 3422 2314 artibus
3476 2263 3775 2324 hominum,
3839 2267 3927 2322 vel

2318 2348 2608 2415 praéstigiis
2667 2349 3069 2403 immundorum
3129 2352 3438 2419 spirituum,
3477 2357 3719 2411 clausam
3772 2362 3926 2412 undi—

2318 2455 2422 2507 que
2465 2444 2703 2500 domum,
2759 2457 2862 2493 non
2922 2446 3127 2509 apertis
3172 2445 3402 2510 foribus,
3458 2449 3667 2515 ingredi
3727 2455 3923 2518 potuit.

2316 2531 2455 2598 t\'am_
2484 2540 2536 2583 et
2578 2532 2693 2598 ipse
2719 2531 2886 2603 640
2926 2549 3059 2601 puer
3087 2536 3316 2589 sollicite
3346 2541 3662 2607 requisitus,
3697 2545 3799 2598 huc
3827 2547 3927 2599 ad-

2318 2624 2477 2675 debat
2537 2626 2658 2692 quia
2714 2626 2932 2692 quidam
2985 2627 3232 2683 homines
3277 2647 3398 2684 eunt
3449 2648 3810 2702 assun'tcztics,
3855 2640 3923 2694 ad

2317 2731 2572 2784 magnum
2616 2718 2925 2771 convivium
2960 2722 3324 2786 deduxerunt,
3375 2725 3463 2779 ubi
3517 2728 3770 2785 videlicet
3804 2749 3923 2786 om-

2317 2823 2411 2861 nes
2434 2810 2715 2878 epularum
2734 2810 2939 2864 delicia:
2959 2813 3310 2880 videbantur,
3328 2833 3561 2887 eumque
3586 2827 3922 2880 manducare

2314 2900 2579 2954 fecerunt.
2607 2901 2899 2956 Referebat
2941 2904 3104 2956 etiam
3161 2908 3303 2974 quod
3342 2923 3463 2961 euut
3497 2926 3666 2980 usque
3699 2914 3764 2966 ad
3793 2932 3916 2971 cas-

2315 2994 2498 3046 tellum
2567 3011 2710 3063 quon
2760 2997 3129 3064 supereminet
3194 3003 3528 3053 monastm'io
3587 3005 3916 3074 deterentes,

2313 3098 2475 3150 super
2506 3084 2681 3150 ipsum
2727 3086 3148 3138 tintinnafsulttzn
3181 3087 3322 3155 ψιηά
3348 3090 3503 3157 juxta
3548 3092 3828 3147 basilicam
3862 3095 3918 3150 in

2312 3174 2528 3227 excelso
2561 3174 3249 3244 dependetimposuerunt.

2382 3263 2496 3317 Hoc
2554 3261 2735 3318 autem
2791 3267 2992 3320 idcirco
3044 3268 3298 3323 duximus
3351 3266 3802 3341 describendum,
3859 3286 3920 3333 ut

2312 3360 2690 3427 unusquismte
2739 3373 3009 3424 nostrum,
3063 3363 3188 3415 dum
3235 3375 3290 3416 et
3331 3365 3478 3431 ipsos
3545 3383 3763 3434 pueros,
3819 3373 3917 3440 qui

2307 3467 2534 3522 peccare
2563 3452 3106 3512 necdum-novermit,
3158 3454 3375 3524 maligni
3413 3458 3584 3512 hostis
3629 3459 3916 3528 subjacere

2307 3542 2520 3595 insidiis
2551 3541 2888 3605 considerat,
2922 3544 3034 3609 ipse
3064 3559 3280 3612 quoque
3317 3547 3459 3612 quod
3491 3549 3694 3616 patitur
3725 3566 3912 3619 a'qua-

2306 3633 2529 3685 uimiter
2569 3632 2725 3685 ferat.
2762 3632 2941 3686 lllatas
2975 3651 3168 3702 nempe
3195 3651 3227 3687 a
3266 3637 3504 3707 maligno
3549 3641 3708 3695 hoste
3743 3643 3914 3699 mole-

2307 3724 2440 3776 stias
2477 3739 2598 3777 cum
2637 3733 2837 3792 quanta
2869 3724 3067 3778 debent
3098 3736 3320 3794 portare
3366 3732 3626 3802 patientia
3661 3744 3917 3803 peccato-

2307 3833 2411 3878 res,
2446 3833 2566 3869 Clllll
2607 3817 2820 3871 illortnn
2848 3815 3138 3884 aliquando
3171 3818 3388 3875 fraudes
3419 3831 3471 3875 et
3503 3822 3602 3892 ipsi
3631 3825 3914 3893 perferant

2307 3907 2663 3961 innocentes?
2717 3908 2856 3976 Ergo
2901 3908 3070 3962 frater
3124 3911 3213 3964 ille
3255 3927 3415 3980 quem
3464 3915 3605 3971 Deus
3639 3919 3822 3974 visitat
3852 3921 3908 3975 in

2305 3997 2746 4052 tribulationibus
2804 3999 2994 4053 hortor
3043 4010 3099 4055 ut
3163 4005 3428 4070 gaudeat,
3484 4016 3535 4060 et
3589 4011 3908 4068 tentationis
3951 4044 3965 4052 ε

2301 4087 2550 4156 impacto
2589 4089 2781 4143 malleo
2813 4093 3005 4145 attinnt:
3039 4108 3149 4147 sme
3172 4097 3391 4164 purgari
3427 4097 3729 4169 rubiginem
3762 4101 3904 4157 ﬁdu-

2300 4179 2513 4233 cialitcr
2536 4183 2742 4234 credat.
2774 4182 2890 4235 .Non
2915 4183 3057 4237 enim
3092 4200 3195 4251 ρει,
3239 4198 3299 4239 ut
3330 4188 3445 4256 ipse
3472 4190 3718 4246 diabolus
3751 4193 3909 4265 lingit

2300 4271 2570 4335 terrendo,
2614 4272 2808 4327 futura:
2849 4275 3515 4347 danmationis-i..tiicium,
3554 4284 3648 4338 sed
3685 4295 3904 4343 :eternae

2297 4364 2487 4419 salutis
2517 4366 2696 4434 potius
2720 4379 3119 4434 argumentum.
3148 4370 3386 4440 Spiiitus
3417 4384 3661 4442 sanctus,
3693 4381 3784 4448 qui
3818 4388 3905 4436 est

2296 4452 2477 4506 lumen
2506 4464 2766 4509 aeternum
2811 4471 2864 4512 et
2897 4462 3145 4515 remissio
3176 4475 3546 4530 peccatorum,
3579 4482 3769 4524 omnes
3801 4487 3900 4528 vos

2297 4541 2565 4596 illuminet
2612 4553 2666 4597 et
2696 4547 2958 4611 assolvat,
3007 4550 3358 4620 sedulamque
3409 4555 3513 4608 mei
3571 4559 3897 4614 memoriam

628 4614 682 4667 de
712 4624 1043 4688 perterritus,
1072 4623 1301 4679 festinus
1323 4628 1586 4697 exsurgit,
1615 4629 1891 4685 lucernam
1917 4636 2187 4700 accendit,
2218 4625 2270 4685 D
2300 4636 2353 4690 in
2389 4639 2595 4692 sanctis
2627 4638 2966 4694 orationibus
2996 4644 3189 4697 vestris
3219 4660 3316 4699 vos
3355 4647 3559 4703 habere
3593 4653 3894 4722 praeripiat.

628 4712 881 4782 totamque
905 4717 1124 4770 domum
1154 4717 1385 4772 sollicita
1409 4719 1722 4776 curiositate
1747 4725 2039 4792 circuiens,
2073 4743 2193 4782 om-

2628 4729 2710 4785 Sit
2738 4749 2924 4787 nomen
2956 4734 3166 4789 Domini
3199 4739 3547 4796 benedictum.

644 4875 3892 4948 —_.________________________

651 5016 987 5098 εει-θη
1071 5048 1933 5168 OPUSCULUM’
2023 5059 2920 5184 TRICESIltlUM
3033 5072 3821 5198 SEPTIMUM.

765 5248 864 5309 DE
915 5249 1186 5311 vanus
1229 5249 1504 5342 SAcuts
1538 5253 2556 5342 otiassrtotjmosﬁuncrA
2600 5262 2793 5326 ALIA
2841 5267 3196 5332 EJUSDEM
3240 5272 3724 5342 ARGUMENTI

1410 5332 1986 5398 TRACTA'I‘IONE
2027 5339 2391 5401 PRIOREM
2437 5339 3044 5418 CONSEQUENTE.

1015 5509 1467 5618 T—I
1485 5515 1744 5618 quiansda‘m
1763 5518 1847 5618 Aab
1871 5519 2146 5618 allierico,
2179 5526 2571 5618 exI'Casinensi'
2599 5531 2866 5618 monacho
2893 5533 2947 5590 S.
2988 5535 3049 5590 Β.
3079 5536 3140 5590 Ε.
3170 5539 3471 5607 cardinale,
3505 5544 3608 5600 sibi
3639 5550 3887 5618 proposi-

691 5577 998 5694 tjasldiseutit
1027 5599 1039 5632 :
1081 5590 1214 5646 tum,
1259 5594 1470 5654 sumpta
1501 5577 1790 5642 occasione
1815 5632 1829 5658 ,

722 5657 774 5694 ec
798 5660 924 5694 arat-

722 5657 925 5703 celarat.

691 5753 936 5816 Atasmco
965 5770 1269 5838 venerando
1300 5767 1473 5834 fratri,
1525 5771 1740 5829 PETitIFS
1779 5789 2033 5846 peccator
2062 5797 2176 5837 mo-

640 5847 810 5905 nachus
834 5854 1056 5912 salutem
1097 5860 1147 5912 in
1187 5859 1429 5916 ἑὶυιηυιιτ,

1880 5593 1996 5648 loca
2048 5597 2305 5653 nonnulla
2352 5603 2406 5654 in
2431 5602 2604 5656 sacris
2634 5602 2753 5658 litte
2788 5608 2831 5658 ἠδ

2890 5620 2942 5662 et
2979 5622 3165 5663 carum
3219 5612 3610 5683 interpretibus
3639 5612 3884 5680 iubs-cura

2333 5707 2349 5779 l

2360 5783 2527 5842 Vetus
2589 5797 2776 5843 narrat
2839 5789 3066 5845 historia
3129 5796 3251 5863 quia
3312 5813 3433 5852 cum
3504 5800 3596 5856 ﬁlii
3654 5801 3879 5878 Ioseph.

2289 5875 2542 5946 lanuuii:
2586 5883 2788 5936 Mllit't'i
2848 5895 2893 5936 et
2947 5883 3211 5953 Manasse,
3271 5889 3462 5945 latiora
3516 5875 3880 5962 tuissesﬂonia
