5664 6728
38 0 1702 198 *⁵⁷

0 6349 1304 6728 ,μέ

2372 399 2475 458 625

2829 395 2886 450 S.
2928 394 3130 450 PETRI
3167 391 3444 448 DAMIANI
3491 389 3644 446 OPl’.
3687 385 3918 443 TOMLYS
3956 384 4084 439 SEU
4129 384 4306 438 PARS
4345 385 4408 440 111
4439 415 4505 425 -
4537 382 4900 440 OPUSCULA
4937 381 5164 438 VARIA.
5527 382 5604 438 εει

2371 515 2650 582 exigerent
2674 513 2860 579 spatia,
2887 507 2988 560 hoc
3013 514 3357 574 acceperunt,
3391 503 3550 556 Iosue
3577 500 3938 571 praecipiente,
3974 501 4020 559 Α
4049 507 4232 549 carent
4287 495 4466 559 morti,
4518 496 4903 566 promulgando
4949 494 5296 559 sententiam,
5353 493 5443 550 isti
5481 497 5604 563 puni-

2371 617 2708 673 responsum,
2740 606 2797 652 ut
2829 599 2895 650 ad
2921 607 3170 649 montana
3205 595 3497 647 transirent
3520 595 3653 661 μοι.
3677 590 3829 656 xvii),
3855 587 3949 640 sil-

2369 709 2561 749 varum
2591 692 2753 744 densa
2793 688 3152 752 succiderent,
3204 686 3390 755 sicque
3419 685 3516 737 sibi
3558 681 3792 750 largiora
3824 693 3948 747 spa-

2373 789 2447 842 tia
2485 785 2721 856 propriis
2760 782 3008 836 manibus
3048 787 3421 848 procurarent.
3475 776 3574 841 Qui
3603 774 3766 827 etiam
3794 771 3950 840 paulo

2370 884 2495 949 post
2539 885 2744 944 septem
2800 871 3046 926 tribubus
3100 871 3274 923 dicit:
3329 886 3346 918 ι
3381 867 3670 934 Usquequo
3702 862 3952 916 marcetis

2375 967 2615 1037 ignavia,
2670 972 2724 1017 et
2780 978 2884 1016 non
2944 961 3158 1014 intratis
3216 960 3278 1012 ad
3326 956 3703 1026 possidendam
3753 963 3951 1007 terram

2371 1073 2532 1127 quam
2564 1055 2821 1108 Dominus
2849 1053 2988 1105 Deus
3013 1061 3222 1119 patrum
3253 1057 3551 1101 vestrorum
3591 1046 3737 1098 dedit
3767 1045 3954 1097 vobis?

2370 1147 2508 1222 (λοι.
2533 1152 2708 1215 xviii).
2743 1164 2761 1196 ι
2791 1143 2867 1197 Τιι
2893 1156 3123 1210 quoque,
3148 1139 3337 1202 frater,
3370 1140 3494 1190 dum
3525 1152 3609 1190 me
3633 1136 3952 1205 quilmsdam

2373 1233 2782 1307 qurestiunculis
2832 1230 3033 1298 pulsas,
3065 1240 3224 1297 atque
3256 1237 3313 1280 ut
3357 1227 3448 1279 tibi
3499 1226 3776 1278 solvantur
3806 1223 3950 1276 eIlla-

2372 1330 2530 1401 gitas,
2580 1341 2701 1380 mox
2730 1325 2795 1378 ad
2842 1333 3093 1376 montana
3148 1322 3427 1374 doctorum
3469 1329 3629 1386 atque
3680 1318 3746 1369 ad
3792 1316 3951 1368 silvas

2369 1417 2664 1474 mittendus
2711 1431 2769 1468 es
2821 1414 3244 1481 Seriplurarum,
3277 1412 3362 1463 ubi
3407 1410 3640 1473 scilicet,
3701 1409 3950 1460 continuo

2370 1509 2558 1567 labore
2592 1507 2881 1568 desudans,
2921 1503 3259 1557 silvescentia
3301 1501 3469 1554 saltus
3519 1502 3734 1553 arbusta
3779 1497 3953 1549 succi-

2371 1601 2490 1664 das,
2517 1598 2685 1652 nodos
2710 1607 2764 1650 et
2796 1595 3128 1648 dubietatum
3170 1605 3386 1647 truncos
3421 1591 3639 1650 evellas,
3694 1605 3755 1641 ac
3789 1602 3949 1639 nova-

2370 1689 2442 1744 lia
2481 1689 2575 1742 tibi
2607 1687 2752 1741 velut
2782 1686 3101 1754 quibusdam
3153 1686 3380 1752 pI‘Opt‘lLC
3412 1680 3676 1749 indaginis
3706 1678 3953 1731 manibus

2373 1779 2614 1834 excolas.

4060 597 4180 640 rent
4206 585 4492 655 irrogando
4523 586 4839 640 vindictam.

4601 675 4970 731 DUBITATIO
5005 674 5088 729 Ill.

4131 771 4298 826 Addis
4329 771 4495 825 etiam
4525 788 4537 822 :
4563 769 4672 824 Cur
4699 768 4792 822 ﬁlii
4828 768 4990 822 David
5021 767 5328 822 sacerdotes
5351 766 5514 820 fuisse
5541 766 5603 819 di-

4057 875 4268 928 cuntur,
4318 865 4409 933 qui
4444 863 4642 916 nullam
4691 877 4810 917 cum
4841 860 4964 915 filiis
4988 869 5165 916 Aaron
5191 859 5604 930 consanguinita-

4058 968 4183 1021 tem,
4216 956 4317 1009 nisi
4349 957 4488 1009 sicut
4527 966 4733 1008 cratera:
4781 954 4953 1008 tribus
4979 993 4992 1017 ,
5021 952 5272 1007 habuisse
5293 951 5604 1006 noscuntur?

4057 1048 4161 1101 Sed
4214 1046 4487 1102 sciendum
4523 1047 4668 1114 quia,
4714 1046 4838 1099 dum
4866 1043 5171 1099 sacerdotes
5203 1043 5532 1098 venerabiles
5556 1057 5606 1095 ac

4054 1142 4298 1209 magistri
4341 1142 4736 1194 constituantur
4780 1138 4940 1210 65.3
4994 1139 5046 1192 in
5094 1138 5305 1208 populo,
5339 1136 5606 1205 aliquando

4054 1233 4272 1285 nomine
4308 1234 4648 1285 sacerdotum
4679 1230 5026 1298 designantur
5078 1227 5343 1297 principes
5391 1228 5472 1280 vel
5523 1228 5603 1280 do-

4056 1331 4254 1375 ctores.
4289 1321 4443 1374 Sicut
4488 1321 4613 1373 alibi
4646 1320 4913 1388 reperitur
4943 1337 4955 1371 :
5001 1316 5271 1385 lrajarites
5297 1326 5413 1369 erat
5437 1329 5609 1368 sacer-

4055 1413 4150 1465 dos
4177 1412 4362 1474 David,
4401 1410 4449 1462 id
4474 1419 4574 1472 est,
4609 1410 4902 1478 magister;
4931 1409 5003 1462 ita
5024 1423 5229 1477 quoque
5255 1421 5375 1461 cum
5398 1405 5607 1459 dicitur:

4061 1520 4077 1551 (
4115 1501 4232 1554 Filii
4268 1512 4444 1554 autem
4471 1501 4635 1554 David
4657 1509 4814 1554 erant
4845 1499 5150 1554 sacerdotes
5180 1495 5262 1565 (II
5280 1495 5401 1564 Reg.
5433 1499 5607 1562 vttt),t

4054 1595 4131 1648 sic
4156 1593 4558 1662 intelligendum
4583 1601 4664 1645 est
4694 1607 4755 1646 ac
4785 1591 4830 1646 si
4877 1591 5020 1645 dicat
5049 1591 5168 1659 quia
5213 1588 5446 1658 magistri
5469 1595 5614 1641 erant

4052 1685 4280 1738 fratrum
4312 1700 4550 1746 suorum,
4590 1684 4669 1738 vel
4714 1693 4861 1737 certe
4898 1684 5164 1752 principes
5200 1682 5337 1734 inter
5380 1687 5611 1744 catcros,

4056 1775 4198 1829 sicut
4224 1776 4383 1828 habet
4415 1775 4632 1841 antiqua
4668 1773 4972 1827 translatio.
5026 1771 5155 1825 Nam
5182 1769 5269 1824 ubi
5312 1783 5448 1824 nova
5491 1769 5612 1823 dicit

2445 1868 2535 1922 Sic
2565 1869 2726 1938 igitur
2756 1869 2949 1920 humus
2976 1865 3213 1919 ccclestis
3256 1865 3453 1930 eloquii
3489 1864 3718 1930 propria}
3746 1861 3954 1913 subtili-
3984 1860 4028 1918 Β
4057 1866 4259 1919 editio:
4320 1884 4335 1916 ι
4373 1865 4464 1916 ﬁlii
4515 1864 4679 1916 David
4713 1872 4868 1917 erant
4902 1863 5203 1917 sacerdotes
5229 1901 5243 1925 ,
5282 1879 5297 1909 ι
5349 1861 5404 1913 in
5451 1859 5610 1912 veteri

2372 1959 2500 2014 tatis
2525 1967 2609 2012 est
2634 1957 2912 2010 sarrienda
2956 1956 3242 2025 ligonibus,
3274 1965 3331 2007 ut
3372 1970 3476 2006 non
3523 1954 3588 2006 ab
3618 1954 3806 2004 alienis
3839 1968 3950 2003 tita-

2371 2049 2532 2103 nibus
2556 2047 2806 2100 alimenta
2839 2048 3180 2116 priestolatus
3212 2046 3449 2100 esurias,
3479 2044 3592 2104 sed,
3630 2044 3809 2094 uberis
3836 2057 3955 2108 pro—

2373 2149 2569 2192 ventus
2623 2137 2831 2204 copiam
2875 2137 3096 2204 proprio
3136 2134 3315 2187 labore
3363 2143 3705 2190 convectans,
3747 2146 3869 2182 mox
3903 2132 3955 2182 in

2373 2227 2730 2298 Spiritualium
2783 2227 3092 2280 deliciarum
3139 2227 3403 2278 afﬂuentia
3459 2222 3842 2277 delectabiliter
3879 2222 3954 2272 vi-

2374 2335 2510 2384 vas;
2545 2319 2759 2372 interim
2805 2326 3003 2383 tamen,
3032 2320 3157 2370 dum
3188 2328 3286 2370 tum
3311 2319 3502 2369 desunt
3543 2314 3741 2382 fruges,
3775 2323 3956 2365 nostra

2374 2412 2494 2476 tibi,
2545 2426 2651 2465 non
2691 2410 2865 2463 dicam
2905 2411 3188 2470 horreum,
3238 2422 3341 2460 non
3396 2416 3565 2469 certe,
3605 2406 3748 2471 quod
3781 2404 3958 2454 minus

2373 2512 2481 2566 est,
2515 2510 2700 2565 tunua,
2754 2501 2846 2554 sed
2877 2499 3130 2568 perexilis
3179 2498 3368 2551 saltem
3408 2496 3516 2549 bati
3564 2509 3812 2547 mensura
3839 2509 3958 2545 suc—

2372 2606 2591 2660 currat,
2642 2595 2950 2661 nostrisque
3000 2592 3252 2660 segetuiis
3300 2591 3490 2643 saltem
3543 2597 3815 2652 utcunque
3870 2596 3957 2638 tua

2373 2694 2705 2754 temperetur
2734 2692 2965 2751 egestas.
2995 2683 3087 2734 Est
3115 2682 3257 2733 enim
3284 2681 3534 2746 quiddam
3563 2678 3792 2728 medium
3823 2677 3959 2725 inter

2373 2775 2653 2845 splendide
2682 2775 2879 2828 vivere.
2932 2788 2993 2826 ac
3024 2773 3178 2823 famis
3212 2771 3389 2837 inOpia
3422 2767 3662 2820 funditus
3709 2766 3951 2817 interire.

2375 2865 2472 2921 Vis
2509 2865 2690 2932 itaque
2738 2873 2797 2916 ιιι
2844 2877 2947 2915 ιιοη
2991 2862 3146 2914 modo
3189 2861 3331 2928 quod
3386 2858 3582 2925 quaeris
3637 2856 3953 2917 edisseram,

2374 2957 2470 3012 sed
2515 2966 2570 3010 et
2617 2955 2858 3024 apicibus
2900 2953 3146 3015 tradam;
3209 2959 3475 3018 quatenus
3517 2949 3594 3001 sic
3654 2946 3957 3016 ignorantia

2372 3055 2585 3119 pereat,
2630 3054 2689 3099 ut
2720 3045 2970 3114 deinceps
3010 3043 3208 3098 oblivio
3238 3057 3340 3095 non
3372 3043 3616 3108 obrepat.

2960 3136 3284 3203 QUASSTIO
3323 3135 3362 3187 I.

4061 1961 4285 2028 legitur:
4326 1979 4341 2010 ι
4378 1959 4468 2012 ﬁlii
4497 1967 4674 2012 autem
4703 1957 4867 2010 David
4903 1957 5170 2025 principes
5197 1961 5350 2008 erant
5375 1950 5509 2007 aula:
5537 1966 5613 2005 re-

4067 2055 4184 2123 gie
4227 2072 4244 2105 ι

4597 2142 4962 2198 DUBITATIO
5012 2139 5098 2196 IV.

4135 2238 4260 2289 Illud
4305 2247 4563 2305 prteterea
4614 2245 4664 2289 te
4706 2252 4809 2288 non
4863 2232 5157 2304 intelligere
5185 2231 5452 2302 perhibes,
5485 2229 5617 2300 quod

4063 2329 4318 2396 scriptum
4366 2337 4447 2381 est
4475 2346 4485 2379 :
4523 2349 4537 2376 ι
4567 2326 4804 2380 Tertium
4835 2341 5046 2394 qquue
5078 2323 5174 2377 fuit
5218 2323 5414 2377 bellum
5441 2323 5488 2375 in
5515 2321 5617 2376 Gob

4063 2430 4246 2472 contra
4281 2417 4644 2481 Pliilistlneos,
4671 2418 4722 2470 in
4751 2432 4857 2486 quo
4883 2415 5144 2486 percussit
5163 2413 5463 2468 Adeodatus
5492 2412 5620 2465 filius

4064 2509 4244 2562 Saltus
4268 2510 4640 2578 polymitarius
4691 2507 5106 2561 Bethleltcmites
5137 2505 5343 2559 Goliath
5368 2503 5618 2559 Getheum

4064 2602 4146 2672 (Il
4196 2601 4322 2669 Reg.
4358 2603 4543 2669 “1).;
4573 2600 4724 2666 Quod
4750 2600 5004 2654 nimirum
5040 2598 5192 2652 facile
5224 2596 5357 2650 valet
5385 2595 5616 2664 intelligi.

4061 2690 4194 2742 Nam
4230 2690 4343 2743 Gob
4372 2692 4759 2758 interpretatur
4795 2690 4962 2742 lacus.
5019 2689 5084 2742 Et
5134 2689 5266 2741 sicut
5296 2687 5619 2754 periclitatur

4061 2780 4153 2847 qui
4180 2780 4230 2833 in
4256 2780 4434 2832 lacum
4463 2779 4677 2832 leonum
4710 2781 4962 2843 mittitur,
4989 2780 5065 2833 sic
5092 2778 5254 2831 David
5280 2778 5432 2846 quasi
5463 2775 5620 2832 leonis

4062 2885 4119 2922 se
4174 2870 4422 2923 dentibus
4472 2869 4735 2933 tradidit,
4790 2884 4909 2921 cum
4970 2868 5020 2920 in
5066 2868 5263 2920 rabiem
5309 2865 5521 2920 Golith
5569 2878 5618 2918 se

4062 2958 4404 3025 prteliaturus
4454 2957 4735 3011 immersit.
4792 2957 4933 3011 Idem
4971 2955 5146 3010 ‘David
5180 2953 5615 3020 Adeodatusjurc

4062 3046 4280 3113 dicitur,
4307 3049 4563 3117 quoniam
4592 3064 4620 3100 a
4664 3049 4774 3102 Deo
4817 3057 4899 3102 est
4925 3047 5128 3102 electus
5165 3047 5216 3099 in
5240 3061 5480 3116 regnum.
5529 3045 5619 3111 Qui

4061 3142 4220 3193 etiam
4257 3141 4396 3193 filius
4431 3141 4612 3194 Saltus
4636 3150 4877 3204 vocatur,
4900 3141 5026 3208 quia
5057 3140 5121 3193 de
5145 3139 5354 3206 pascuis
5376 3137 5618 3196 saltuum,

2445 3229 2560 3300 Age
2589 3229 2770 3297 igitur.
2815 3227 2950 3293 Quid
2981 3237 3083 3289 est,
3132 3228 3326 3294 inquis,
3361 3225 3499 3292 quod
3533 3223 3730 3276 dic-il"?
3759 3239 3770 3273 ε
3813 3240 3828 3271 ί
3867 3222 3955 3274 Fl-
3984 3225 4027 3286 C
4061 3229 4150 3282 ubi
4177 3245 4303 3282 oves
4332 3229 4530 3292 alebat,
4562 3227 4784 3281 eductus
4811 3227 5132 3296 agnoscitur.
5183 3225 5291 3282 Nec
5327 3226 5441 3281 sine
5471 3241 5620 3280 causa

2373 3320 2479 3376 lius
2509 3319 2668 3373 unius
2710 3317 2832 3371 anni
2883 3325 2996 3370 erat
3037 3316 3186 3378 Sanl,
3237 3330 3357 3368 cum
3391 3327 3616 3382 regnare
3663 3312 3953 3379 coepisset;

2377 3411 2585 3466 duobus
2609 3416 2788 3462 autem
2813 3409 2970 3460 annis
2997 3407 3238 3476 regnavit
3277 3421 3441 3474 super
3472 3403 3670 3457 Israel?
3704 3421 3720 3452 ›
3748 3400 3799 3472 (1
3830 3400 3957 3469 Reg.

2374 3499 2524 3570 xm.)
2575 3497 2688 3552 Hoc
2717 3495 2954 3550 nonnulli
2991 3495 3213 3564 intelligi
3261 3495 3339 3548 sic
3381 3493 3714 3546 arbitrantur
3752 3510 3766 3545 :
3823 3492 3958 3555 Quia

2377 3589 2494 3658 regi
2523 3587 2654 3642 Saul
2683 3587 2737 3640 in
2773 3585 2994 3639 exordio
3021 3586 3171 3653 regni
3218 3584 3302 3637 sui
3331 3583 3471 3636 Iilius
3500 3591 3616 3636 erat
3652 3582 3955 3646 anniculus,

2377 3682 2472 3754 qui
2510 3691 2746 3735 teneram
2791 3679 2963 3734 adhuc
3002 3679 3158 3732 unius
3187 3677 3313 3731 anni
3354 3676 3602 3745 vagiebat
3651 3675 3959 3738 infantiam,

2378 3772 2586 3828 scilicet
2615 3769 2876 3833 lsboseth,
2921 3779 2973 3821 et
3023 3768 3113 3821 hic
3141 3767 3350 3821 duobus
3377 3766 3534 3821 annis
3571 3773 3694 3834 post
3736 3773 3960 3817 mortem

2377 3861 2553 3930 patris
2578 3860 2821 3930 regnavit
2846 3873 3006 3926 super
3036 3857 3220 3911 Israel.
3258 3857 3362 3910 Sed
3395 3856 3653 3926 quoniam
3696 3855 3783 3908 hic
3814 3871 3842 3907 a
3870 3855 3961 3908 do-

2381 3953 2644 4010 ctioribus
2664 3951 2795 4004 viris
2822 3963 3014 4004 sensus
3034 3947 3361 4016 exploditur,
3390 3961 3419 3999 a
3451 3945 3607 4000 nobis
3631 3945 3795 3998 etiam
3821 3944 3961 3998 alius

2381 4043 2726 4113 inquiratur:
2763 4040 2906 4109 quod
2936 4039 3009 4092 ita
3032 4039 3090 4091 B.
3125 4037 3479 4104 Hieronymus
3524 4039 3679 4091 docet
3711 4036 3959 4105 intelligi,

2382 4133 2638 4205 quoniam
2663 4133 2741 4187 sic
2760 4140 2878 4186 erat
2903 4131 3177 4193 innocens,
3213 4136 3465 4197 tanquam
3495 4143 3626 4196 puer
3649 4126 3805 4178 unius
3837 4126 3964 4178 anni

2387 4237 2508 4280 cum
2535 4236 2759 4291 regnare
2789 4221 2972 4290 caapit,
3017 4227 3072 4273 et
3100 4218 3308 4273 duobus
3336 4217 3492 4270 annis
3522 4217 3573 4270 in
3616 4214 3852 4282 ejusdem
3879 4215 3961 4267 in-

2382 4314 2646 4369 nocentite
2679 4310 3019 4381 simplicitate
3051 4309 3367 4378 permansit.
3415 4306 3521 4361 Sed
3569 4306 3660 4374 qui
3697 4313 3821 4358 tunc
3848 4313 3964 4358 erat

2384 4419 2455 4462 ex
2487 4403 2788 4458 humilitate
2825 4401 2999 4468 filius,
3046 4400 3384 4470 postmodum
3415 4393 3512 4468 per
3539 4396 3845 4464 superbiam
3883 4392 3961 4445 fa-

2387 4502 2508 4553 ctus
2537 4504 2619 4549 est
2649 4507 2856 4549 servus.

2948 4581 3310 4637 DUBITATIO
3348 4581 3409 4634 11.

2460 4677 2670 4744 Quaeris
2695 4676 2859 4729 etiam
2889 4672 2979 4742 qui
3027 4682 3180 4726 erant
3206 4670 3422 4726 Cerethi
3479 4680 3534 4725 et
3560 4670 3835 4735 Phelethi,
3868 4673 3959 4742 qui

2386 4770 2678 4828 bellatores
2700 4765 2950 4820 dicuntur
2975 4764 3139 4818 fuisse
3158 4764 3354 4819 David?
3377 4763 3430 4832 (1
3446 4761 3570 4833 Reg.
3591 4779 3727 4828 xxx;
3751 4763 3808 4816 Il
3834 4762 3959 4834 Reg.

2389 4860 2531 4932 vm).
2591 4858 2810 4927 Legitur
2864 4857 2916 4909 in
2967 4855 3104 4910 libro
3152 4855 3371 4909 Numeri
3424 4855 3626 4908 dixisse
3678 4855 3959 4908 Dominum

2391 4950 2562 5021 Moysi
2589 4964 2602 5000 :
2637 4968 2654 4998 ι
2685 4946 2959 5016 Congrega
2983 4945 3112 5000 mihi
3139 4945 3476 5016 septuaginta
3511 4946 3656 5000 viros
3687 4946 3752 5000 de
3788 4947 3959 5000 senio-

2389 5039 2543 5096 ribus
2567 5035 2750 5100 Israel,
2777 5049 2911 5104 quos
2957 5046 3012 5088 tu
3064 5037 3202 5089 nosti
3254 5035 3397 5104 quod
3437 5050 3594 5089 senes
3622 5035 3801 5104 populi
3852 5035 3960 5090 sint

2390 5144 2460 5186 ac
2504 5127 2788 5198 magistri;
2837 5133 2891 5180 et
2927 5125 3089 5180 duces
3132 5142 3224 5181 eos
3269 5128 3334 5182 ad
3379 5129 3574 5182 ostium
3633 5127 3964 5182 tabernaculi

2389 5218 2652 5285 fwderis,
2700 5216 2972 5286 faciesque
3013 5217 3087 5271 ibi
3133 5227 3275 5272 stare
3310 5228 3506 5285 tecum,
3544 5228 3598 5274 et
3631 5220 3869 5274 auferam
3899 5223 3966 5275 de

2393 5311 2588 5382 Spiritu
2655 5318 2765 5373 tuo,
2825 5308 3141 5378 tradamque
3197 5310 3294 5374 eis,
3345 5319 3403 5363 ut
3452 5318 3750 5366 sustentem
3789 5321 3964 5366 tecum

2398 5423 2538 5464 onus
2558 5405 2755 5477 pepuli,
2791 5415 2847 5461 et
2871 5421 2977 5460 non
3006 5415 3062 5459 ιιι
3092 5405 3235 5461 solus
3281 5406 3518 5475 graveris
3547 5404 3732 5476 (Num.
3762 5421 3852 5470 xi;
3898 5404 3963 5458 ΙΙ

2401 5499 2533 5555 Par.
2567 5496 2741 5569 xvm).
2773 5516 2792 5548 ι
2833 5497 2911 5550 Ex
2940 5497 3162 5552 istorum
3209 5499 3390 5568 itaque
3418 5497 3582 5565 stirpe
3605 5497 3720 5552 dua:
3747 5512 3964 5567 proces-

2402 5606 2586 5653 serunt
2613 5593 2982 5665 cognationes,
3007 5611 3231 5664 quarum
3264 5610 3370 5648 una
3411 5594 3648 5659 Ccrethi,
3689 5595 3855 5651 altera
3885 5596 3966 5650 di-

2403 5687 2621 5740 cebatur
2636 5681 2901 5740 Phelcthi.
2937 5685 3000 5739 Et
3021 5686 3231 5741 Ccrelhi
3259 5686 3498 5755 quidem,
3521 5689 3652 5740 dam
3669 5686 3961 5756 judicium;

2402 5773 2662 5844 Phelethi,
2690 5775 2911 5847 puniens
2941 5777 3321 5849 interpretatur
3350 5793 3362 5831 :
3396 5789 3450 5833 nt
3487 5795 3623 5850 quos
3655 5780 3730 5835 illi
3759 5779 3967 5849 adjudi-

4064 3318 4204 3371 idem
4230 3317 4396 3369 David
4425 3317 4796 3387 polymitarius
4823 3317 5036 3381 dicitur,
5065 3317 5210 3402 quia,
5231 3325 5400 3370 mater
5422 3315 5534 3384 ejus
5562 3316 5620 3370 de

4065 3421 4262 3474 genere
4299 3405 4574 3459 Beselehel
4599 3407 4830 3470 exstitit,
4859 3407 4947 3475 qni
4982 3404 5378 3460 tabernaculum
5413 3405 5622 3460 {ardetis

4064 3498 4117 3551 in
4145 3497 4358 3551 deserto
4398 3497 4722 3560 construxit,
4771 3497 4824 3550 in
4855 3513 4962 3566 quo
5007 3498 5168 3550 etiam
5200 3496 5450 3550 nonnulla
5484 3499 5624 3567 poly-

4065 3590 4282 3643 mitaria'
4318 3591 4631 3659 operatione
4667 3588 4964 3644 contexuit.
4989 3587 5399 3642 Betlilelietnites
5422 3605 5625 3659 quoque

4065 3696 4170 3734 non
4195 3681 4489 3749 incongrue
4516 3679 4732 3744 dicitur,
4749 3679 4872 3748 quia
4888 3681 4952 3733 de
4975 3677 5323 3733 Noemiduxit
5347 3676 5620 3749 originem,

4065 3778 4120 3823 et
4167 3769 4232 3823 de
4267 3767 4581 3822 Betlilehem
4632 3766 4848 3821 fuerant
4893 3777 5132 3836 tempore
5184 3767 5339 3821 famis
5381 3782 5619 3838 egressae,

4065 3871 4228 3928 atque
4279 3859 4344 3913 ad
4375 3861 4618 3913 eamdem
4656 3857 4968 3912 Bethlehem
5017 3867 5138 3911 sunt
5183 3857 5460 3914 reﬂorente
5491 3869 5623 3930 post-

4066 3951 4284 4005 modum
4331 3951 4581 4005 ubertate
4623 3949 4880 4004 reductae.
4931 3949 5080 4014 Quod
5111 3957 5286 4003 autem
5323 3949 5621 4005 Adeodatus

4067 4054 4189 4093 cum
4233 4039 4486 4092 omnibus
4528 4038 4641 4092 suis
4668 4038 4754 4092 his
4783 4035 5061 4105 adjectivis
5101 4039 5213 4109 ipse
5246 4040 5432 4108 procul
5469 4041 5620 4096 dubio

4068 4130 4137 4183 sit
4189 4129 4376 4193 David,
4429 4129 4710 4198 sequentia
4763 4128 5074 4193 declarant,
5117 4130 5203 4183 ubi
5243 4131 5485 4185 dicitur:
5538 4150 5554 4180 ι
5586 4131 5621 4184 Ii

4067 4232 4298 4290 quatuor
4327 4221 4435 4273 nati
4478 4228 4601 4275 sunt
4627 4220 4691 4274 de
4718 4220 4933 4289 Arapha
4963 4220 5014 4274 in
5056 4218 5212 4285 Gelli,
5248 4229 5300 4275 et
5319 4222 5622 4276 ceciderunt

4068 4313 4121 4365 in
4176 4328 4394 4366 manum
4423 4313 4589 4366 David
4635 4320 4690 4366 et
4726 4327 5001 4367 servorum
5031 4311 5144 4381 ejus
5175 4311 5255 4384 (II
5285 4313 5406 4383 Reg.
5439 4317 5568 4384 ut).
5600 4333 5616 4365 ι

4069 4401 4210 4458 Sane
4239 4404 4366 4472 quid
4395 4404 4557 4456 etiam
4581 4420 4678 4474 per
4717 4404 4828 4458 Iure
4854 4405 5074 4474 mystice
5099 4405 5440 4474 signiﬁcetur,
5473 4421 5623 4475 expo-

4067 4510 4268 4558 nerem,
4314 4495 4418 4549 nisi
4443 4496 4585 4565 quod
4627 4499 4968 4566 perspicuum
4993 4506 5098 4562 est,
5147 4497 5446 4567 epistolaris
5498 4498 5620 4553 mihi

3985 4573 4042 4633 Ῐ)
4065 4584 4305 4640 brevitas
4330 4587 4663 4655 prohiberet.
4709 4585 4869 4640 Juxta
4919 4588 5203 4657 mysticum
5240 4589 5440 4643 scilicet
5470 4588 5620 4642 inteIo

4064 4674 4281 4737 lectum,
4336 4675 4447 4729 haec
4495 4676 4676 4729 omnia
4725 4676 5030 4731 referuntur
5067 4679 5134 4731 ad
5184 4676 5477 4732 Christum.
5508 4679 5620 4748 Ipse

4065 4771 4207 4826 enim
4237 4770 4543 4826 Adeodatns
4577 4780 4680 4836 est,
4722 4772 4788 4827 de
4821 4787 4926 4841 quo
4949 4781 5002 4826 et
5041 4787 5136 4842 per
5163 4771 5350 4827 Isaiam
5385 4773 5614 4826 dicitur:

4070 4883 4086 4915 ι
4121 4863 4260 4917 Puer
4283 4872 4441 4918 natus
4483 4873 4564 4918 est
4599 4864 4774 4929 nobis,
4816 4863 4960 4918 filius
4981 4865 5134 4918 datus
5168 4873 5249 4917 est
5293 4863 5442 4918 nobis
5463 4862 5614 4931 (lsai.

4064 4953 4161 5022 ix).
4190 4971 4207 5003 ι
4249 4952 4347 5019 Qui
4386 4953 4526 5009 filius
4551 4953 4731 5008 Saltus
4769 4969 4874 5008 non
4913 4954 5199 5024 incongrue
5233 4955 5443 5019 dicitur,
5491 4971 5616 5024 quo-

4067 5045 4213 5097 niam
4239 5060 4304 5098 ex
4333 5043 4533 5100 Judaiis
4583 5045 4879 5100 secundum
4924 5061 5138 5100 carnem
5185 5046 5330 5100 nasci
5374 5048 5610 5118 dignatus

4067 5145 4162 5199 est,
4212 5137 4302 5204 qui
4350 5135 4474 5201 dum
4511 5135 4711 5189 nullum
4763 5134 4996 5189 frttctum
5029 5133 5315 5204 spiritualis
5365 5137 5610 5204 germinis

4065 5229 4372 5294 attulerunt,
4404 5229 4548 5282 velut
4572 5237 4808 5300 agrestes
4832 5231 5048 5285 arbores
5084 5244 5185 5285 non
5215 5230 5268 5283 in
5293 5229 5446 5283 horto
5470 5231 5609 5299 plan-

4069 5329 4208 5386 tatze,
4248 5322 4341 5376 sed
4387 5321 4438 5374 in
4465 5320 4604 5375 saltu
4653 5330 4810 5385 natae,
4855 5321 5069 5376 steriles
5107 5323 5440 5376 exstiterunt.
5467 5321 5606 5376 Unde

4067 5409 4258 5481 legitur
4282 5453 4298 5477 ,
4335 5430 4354 5462 ι
4388 5410 4500 5466 Vox
4519 5412 4801 5466 clamantis
4829 5411 4880 5466 in
4905 5411 5115 5468 deserto
5140 5413 5272 5482 (Ita.
5307 5415 5414 5482 xc),
5461 5435 5478 5465 ο
5513 5415 5605 5468 hoc

4067 5509 4148 5555 est
4177 5501 4230 5555 in
4256 5501 4586 5556 infructuose
4622 5500 4923 5556 Judteorum
4952 5503 5161 5572 pepulo.

4138 5594 4512 5664 Polymitarius
4535 5609 4748 5664 quoque
4775 5594 5099 5665 Redemptor
5126 5605 5304 5650 noster
5326 5595 5507 5649 merito
5531 5595 5605 5647 di-

4067 5687 4225 5752 citur,
4248 5689 4371 5758 quia
4398 5688 4543 5744 velut
4570 5689 4788 5744 textrini
4817 5687 4995 5759 ope'ris
5019 5690 5191 5744 studio
5215 5701 5385 5752 vacat,
5414 5690 5531 5742 dum
5555 5697 5601 5741 ct

4067 5793 4124 5834 se
4160 5780 4269 5837 suis
4309 5779 4552 5838 fidelibus
4595 5781 4796 5850 induit,
4845 5791 4899 5838 et
4949 5796 5011 5838 cx
5057 5781 5162 5838 illis
5189 5781 5408 5856 justitiac
5455 5780 5597 5836 vesn-
