5664 6628
605 457 705 511 625

1281 452 1523 510 OPUSC.
1567 449 1829 506 XXXVII.
1869 479 1938 488 —
1979 447 2065 502 DE
2106 443 2333 500 VARIIS
2372 437 2616 498 SACRIS
2655 426 3205 505 QUIESTIONIBUS.

3775 412 3884 471 626

603 576 780 621 menta
811 567 1078 622 contexit.
1111 567 1187 621 De
1211 567 1324 621 suis
1347 567 1548 635 quippe
1581 565 1821 618 vestibus
1843 579 1939 632 per
1960 563 2188 630 Aposto—
2214 564 2261 623 Α
2291 568 2345 612 et
2369 558 2533 612 boves
2584 550 2790 620 argenti
2840 546 2988 601 siclis
3040 537 3450 635 quinquaginta.
3503 532 3559 587 ln
3588 530 3888 635 libro‘vtero

601 656 709 711 lum
731 659 934 713 dicitur
964 676 976 711 :
1014 657 1116 712 «Ut
1140 657 1420 711 exhiberet
1440 656 1537 710 sibi
1569 656 1851 724 gloriosam
1873 653 2185 719 Ecclesiam,

603 763 707 802 non
740 748 1034 802 habentem
1080 747 1346 801 maculam
1381 761 1553 816 neque
1599 760 1786 813 rugam
1818 731 2032 814 (Ep'lres.
2065 746 2140 812 v).
2165 762 2184 795 ι

602 840 665 892 Et
690 855 786 909 per
825 837 1157 907 Prophetam
1184 857 1196 891 :
1238 857 1255 888 ‹
1291 838 1552 893 Omnibus
1579 836 1663 891 his
1692 836 1838 890 velut
1867 843 2189 890 ornamento

599 931 848 986 vestieris
901 929 1068 1000 (Isai.
1118 933 1286 1000 χιιι).
1321 950 1337 982 ι
1398 929 1473 982 De
1512 928 1712 983 Christi
1767 943 1894 982 vero
1941 927 2188 982 ﬁdelibus

601 1021 884 1075 Psalmista
917 1023 1105 1076 canit:
1165 1040 1182 1072 ‹
1220 1021 1538 1076 Sacerdotes
1588 1021 1665 1074 tui
1714 1019 2189 1086 imluanturjusti-

604 1113 748 1166 tiam.
789 1132 811 1168 ι
867 1113 937 1167 Ει
985 1128 1085 1182 per
1146 1112 1484 1167 Ezechielcm
1543 1112 1800 1168 Dominus
1854 1112 2188 1181 improperat

599 1205 791 1259 anima:
869 1220 1036 1274 quam
1104 1204 1479 1273 spiritualihus
1553 1203 1883 1258 indumentis
1934 1203 2189 1256 decenter

600 1295 829 1360 ornavit,
863 1295 958 1347 sed
1001 1295 1263 1362 eumipsa
1298 1293 1544 1348 ntmchize
1589 1291 1838 1347 sordibus
1868 1292 2069 1361 polluta
2093 1290 2189 1344 de-

601 1386 802 1438 seruit:
860 1404 877 1436 :
913 1385 1118 1439 Vestiri
1147 1395 1216 1450 te,
1270 1385 1466 1454 inquit,
1517 1383 2087 1456 Wdiscoloribus,
2134 1395 2190 1440 et

601 1475 829 1529 calceavi
852 1485 905 1528 te
940 1475 1257 1547 hyacintho,
1298 1484 1352 1530 et
1379 1477 1523 1530 cinxi
1553 1486 1602 1529 te
1632 1477 1825 1546 bysso,
1860 1485 1915 1530 ct
1948 1476 2094 1530 indui
2138 1485 2188 1530 te

601 1566 906 1630 subtilibus,
937 1578 995 1621 et
1023 1569 1211 1621 ornavi
1242 1576 1292 1623 te
1327 1578 1682 1632 ornamento;
1716 1588 1732 1618 ι
1769 1577 1824 1622 et
1853 1569 2014 1638 paulo
2036 1579 2185 1638 post:

607 1674 622 1706 t
655 1657 719 1710 Et
744 1661 940 1713 vestita
969 1675 1030 1714 es
1061 1659 1256 1730 bysso,
1296 1670 1349 1715 et
1390 1662 1670 1732 polymito,
1710 1671 1763 1717 et
1813 1664 1999 1716 multis
2041 1663 2188 1718 colo-

602 1747 743 1802 ribus
772 1747 994 1818 (Ezech.
1048 1753 1181 1819 xvi).
1216 1771 1232 1802 ι
1271 1752 1409 1818 Quid
1464 1769 1592 1824 ergo
1623 1756 1819 1808 mirum
1861 1755 1907 1808 si
1956 1755 2189 1808 Redem-

603 1846 718 1905 ptor
755 1850 944 1894 noster
979 1840 1370 1911 Polymitarius
1411 1845 1644 1912 dicitur,
1691 1847 1784 1916 qui
1833 1847 2053 1901 virtutis
2090 1846 2186 1901 tle-

605 1943 722 1983 tore
749 1930 1014 2000 polymito
1065 1932 1242 1988 induit
1280 1935 1540 2000 animam,
1583 1953 1743 2006 quam
1787 1939 2022 2008 sponsali
2066 1939 2189 2006 jure
2219 1936 2266 1994 B

604 2021 862 2074 sortitur?
908 2021 1029 2091 Ipse
1059 2034 1144 2077 est
1186 2025 1334 2079 enim
1385 2026 1478 2080 Dei
1527 2029 1812 2098 sapientia,
1865 2030 1930 2084 de
1961 2046 2064 2100 qtta
2093 2046 2190 2099 per

607 2107 940 2166 Salomonein
975 2111 1217 2168 dicitur:
1268 2133 1285 2164 ‹
1315 2114 1449 2180 Quia
1499 2119 1748 2186 quaesivit
1793 2119 1970 2173 lanam
2018 2132 2072 2174 et
2127 2121 2190 2174 li-

604 2213 748 2265 num,
787 2211 839 2256 et
861 2212 1089 2272 operata
1120 2215 1201 2258 est
1223 2206 1450 2262 consilio
1477 2222 1732 2262 manuum
1757 2224 1979 2264 suarum
2005 2211 2188 2278 (Prov.

604 2290 769 2358 xxxi).
812 2311 829 2342 ι
876 2293 1046 2361 Cujus
1091 2295 1240 2364 digiti
1283 2298 1755 2366 apprehenderunt
1785 2298 1980 2364 fusum,
2035 2300 2190 2368 cujus

606 2394 782 2436 omnes
803 2385 1091 2440 domestici
1122 2390 1304 2443 vestiti
1333 2401 1459 2445 sunt
1487 2392 1999 2462 duplicibus;cujus
2021 2395 2186 2456 etiam

606 2482 724 2524 caro
742 2474 982 2544 stragula
1004 2478 1175 2532 vestis
1196 2477 1337 2534 facta
1365 2489 1448 2535 est
1474 2482 1526 2535 in
1552 2485 1821 2551 passione.
1866 2484 1970 2539 Sed
1999 2487 2189 2539 eadem

609 2561 788 2632 hyssns
825 2577 878 2621 et
912 2569 1115 2638 regalis
1157 2586 1393 2641 purpura
1429 2573 1803 2630 indumentum
1840 2577 1983 2631 illius
2020 2587 2104 2632 est
2135 2581 2188 2633 in

609 2658 1015 2719 resurrectione.
1047 2660 1148 2726 Qui
1173 2662 1776 2720 ctiamBethlehcmites
1798 2667 1919 2734 jure
1942 2677 2188 2733 vocatur,

611 2743 725 2808 quia
751 2744 800 2798 in
820 2746 1136 2803 Bethlehem
1156 2751 1222 2805 de
1244 2751 1468 2822 Virgine
1493 2763 1654 2809 natus
1681 2759 2009 2826 agnoscitur.
2036 2758 2191 2824 Quod

611 2841 777 2887 autem
808 2837 1007 2892 dicitur
1038 2839 1164 2908 quia
1197 2842 1414 2896 tertium
1468 2844 1664 2898 bellum
1695 2844 1791 2900 fuit
1823 2847 1874 2900 in
1904 2847 2039 2913 Gob,
2091 2850 2192 2902 hoc

613 2922 912 2997 intelligitur
953 2933 1084 2999 quia
1113 2949 1274 2988 verus
1320 2934 1490 2990 David
1541 2938 1791 2992 Salvator
1846 2939 2033 3003 Israel,
2068 2951 2191 2994 ante

613 3011 790 3084 legem,
843 3028 896 3075 et
948 3025 1050 3077 sub
1093 3023 1226 3094 lege,
1282 3041 1346 3079 ac
1384 3030 1724 3095 postmodum
1783 3032 1833 3082 in
1880 3032 2190 3100 evangelica

617 3109 775 3174 gratia
821 3110 1006 3166 ﬁdeles
1035 3128 1252 3184 semper
1300 3114 1590 3172 bellatores
1626 3118 1814 3173 habuit
1851 3162 1864 3184 ,
1913 3135 2010 3189 per
2057 3138 2193 3190 quos

617 3207 787 3253 contra
817 3200 1179 3267 Philisthmos,
1212 3205 1267 3260 id
1295 3218 1394 3267 est,
1437 3209 1697 3264 adversus
1739 3211 2002 3279 malignos
2034 3213 2193 3280 spiri-

619 3298 694 3344 tus
719 3295 1013 3351 dimicavit.
1053 3298 1134 3352 Ad
1161 3297 1266 3352 hoc
1294 3299 1475 3368 itaque
1508 3302 1726 3354 tertium
1779 3303 1975 3356 bellum
2021 3302 2188 3358 David

618 3383 754 3436 venit
775 3384 825 3438 in
855 3385 990 3452 Gob,
1041 3387 1133 3457 qui
1162 3388 1552 3458 interpretatur
1583 3392 1728 3444 lacus
1762 3433 1776 3457 ,
1808 3394 1933 3461 quia
1961 3394 2188 3447 Redem-

619 3477 729 3536 ptor
749 3485 951 3542 noster,
981 3477 1110 3532 dum
1140 3479 1290 3534 velut
1311 3479 1439 3535 forti
1477 3493 1688 3537 armato
1712 3484 1906 3538 fortior
1938 3500 2188 3555 superve-

622 3563 691 3614 nit
716 3563 857 3633 (Luc.
898 3567 1002 3639 ιι),
1063 3569 1176 3638 ipse
1223 3586 1320 3640 per
1357 3587 1415 3626 se
1443 3574 1604 3627 etiam
1638 3589 1808 3644 usque
1857 3576 1923 3630 ad
1976 3577 2188 3630 inferna

623 3651 895 3712 descendit.
926 3658 1082 3714 Unde
1110 3676 1208 3731 per
1233 3662 1580 3718 Psalmistam
1617 3666 1751 3720 dicit
1782 3685 1793 3718 :
1835 3685 1851 3718 (
1887 3666 2189 3722 Posuerunt

623 3745 774 3802 meiu
804 3747 920 3804 lacu
947 3749 1214 3818 inferiori,
1252 3753 1596 3819 intenebris,
1646 3766 1703 3809 et
1754 3759 1948 3812 umbra
1996 3759 2188 3813 mortis

625 3832 778 3903 (Psal.
795 3844 1056 3913 murti).
1075 3863 1094 3896 ι
1112 3843 1225 3899 Illic
1236 3847 1731 3916 percussitGoliath
1747 3847 2044 3915 Getlneum,
2062 3851 2188 3920 quia

628 3922 737 3978 dum
761 3929 1050 3985 electorum
1081 3934 1290 3990 animas
1311 3935 1380 3990 de
1403 3938 1659 4006 gehenna:
1684 3938 1936 3992 claustris
1965 3941 2185 4008 eripuit,

628 4017 883 4088 antiquum
909 4021 1154 4088 hostem,
1206 4026 1298 4094 qui
1327 4040 1488 4094 super
1528 4043 1621 4082 eos
1659 4029 1997 4096 tyrannidem
2028 4045 2184 4082 exerr-

630 4105 787 4174 cebat,
825 4109 1004 4166 lelhali
1036 4112 1256 4169 vulnere
1286 4117 1572 4172 sauciavit.

1149 4205 1517 4264 DUBITATIO
1559 4211 1623 4264 ν.

694 4285 886 4354 Quaeris
915 4295 1079 4348 etiam
1109 4309 1208 4349 cur
1255 4296 1307 4350 in
1339 4297 1638 4367 Scripturis
1676 4304 1847 4356 sacris
1884 4305 1953 4358 sit
1981 4304 2085 4359 ista
2108 4306 2186 4360 (li-

633 4379 856 4447 versitas,
881 4395 938 4438 ut
967 4385 1024 4438 in
1049 4384 1184 4441 libro
1223 4387 1428 4459 Regum
1454 4389 1661 4461 legatur
1695 4395 1860 4448 David
1893 4398 2186 4453 redemisse

636 4479 792 4523 aream
825 4471 1022 4529 Ornam
1047 4475 1280 4532 Jebusaai
1325 4478 1408 4549 (Il
1442 4479 1569 4551 Reg.
1602 4485 1774 4554 xxiv),
1807 4484 1968 4538 simul
1999 4495 2054 4540 et
2093 4488 2187 4541 bo-

633 4567 712 4609 ves
731 4561 815 4627 qui
833 4562 1085 4620 oﬂerendi
1116 4579 1271 4622 erant
1295 4569 1351 4622 in
1381 4569 1774 4636 holocaustum,
1805 4573 1950 4628 siclis
1975 4577 2184 4644 argenti

2294 618 2742 716 Paralipomenon
2788 641 2860 693 ita
2899 635 3132 705 legitur;
3167 648 3184 680 ι
3225 628 3376 683 Dedit
3427 640 3557 695 ergo
3588 619 3757 677 David
3782 618 3885 676 Or-

2293 757 2398 796 nan
2425 753 2522 810 pro
2559 737 2676 790 loco
2706 732 2869 788 siclos
2898 728 3015 782 auri
3043 722 3332 793 justissimi
3365 718 3622 793 ponderis
3660 729 3888 772 sexcen-

2294 841 2394 894 tos,
2421 807 2475 885 et
2503 825 2787 882 :editicavit
2819 822 2890 877 ibi
2920 821 3092 874 altare
3136 816 3367 871 Domino
3415 812 3463 883 (Ι
3499 809 3646 865 Petr.
3683 807 3822 878 ιιι).
3861 825 3882 860 ι

2293 925 2383 978 Sic
2413 924 2578 993 igitur
2615 929 2844 987 utraque
2892 914 3112 968 sibimet
3141 910 3422 978 Scriptura
3447 903 3656 968 divisit,
3702 909 3765 955 ut
3792 899 3890 954 illa

2290 1015 2473 1078 boum,
2507 1014 2608 1067 ista
2631 1011 2798 1067 solius
2822 1023 2961 1062 areae
2991 1011 3239 1059 numeret
3262 1000 3517 1070 pretium.
3549 996 3656 1050 Res
3679 995 3886 1062 itaque,

2291 1105 2485 1175 quibus
2528 1103 2685 1172 pretii
2722 1115 2976 1155 mensura
3025 1095 3347 1167 praeﬁgitur,
3399 1092 3743 1158 discrepant;
3790 1082 3890 1140 sed

2292 1197 2589 1265 Scripturte
2625 1203 2826 1248 sancta:
2865 1191 3083 1246 sibimet
3111 1189 3344 1241 invicem
3377 1199 3484 1240 non
3515 1185 3848 1251 repugnant.

2730 1312 2892 1384 645
2935 1308 3304 1366 DUBlTATlO
3344 1307 3432 1360 Vl.

2361 1429 2495 1483 lllud
2527 1437 2795 1497 praeterea
2842 1421 3238 1478 consulendum
3285 1419 3510 1491 putasti,
3562 1415 3708 1488 quod
3749 1412 3887 1485 legi-

2297 1533 2416 1573 tur:
2471 1519 2594 1572 Fuit
2625 1528 2805 1572 autem
2857 1517 2929 1570 ibi
2982 1514 3229 1585 prmlium
3267 1513 3575 1582 dispersum
3616 1521 3781 1580 super
3807 1505 3891 1561 fa-

2293 1614 2428 1665 ciem
2481 1611 2660 1665 omnis
2713 1620 2890 1672 terrm,
2947 1618 3001 1662 ct
3072 1607 3241 1661 multo
3289 1606 3474 1674 plures
3527 1611 3684 1658 erant
3753 1613 3891 1670 quos

2295 1711 2717 1772 consumpserat
2757 1701 2928 1756 saltus
2962 1702 3026 1753 de
3070 1699 3290 1770 populo,
3324 1713 3486 1768 quam
3542 1696 3580 1749 ii
3621 1708 3757 1764 quos
3787 1705 3890 1746 vo-

2294 1804 2513 1848 raverat
2559 1792 2772 1860 gladius
2806 1791 2888 1858 (Il
2943 1791 3072 1860 Reg.
3120 1791 3300 1860 xviii).
3351 1789 3428 1842 De
3469 1803 3575 1858 qua
3607 1785 3890 1841 sententia

2296 1889 2347 1941 in
2392 1888 2531 1940 libro
2584 1885 2976 1938 llehraicarum
3023 1881 3385 1951 quaestionum
3428 1879 3546 1933 hate
3580 1877 3639 1930 Β.
3691 1874 3888 1930 Hiero-

2294 1979 2440 2049 nymi
2479 1979 2641 2031 verba
2675 1985 2800 2030 sunt
2831 1994 2842 2029 :
2883 1994 2899 2024 ι
2931 1973 3141 2027 Saltum
3167 1973 3336 2036 hunc,
3358 1971 3559 2039 inquit,
3587 1965 3680 2038 Qui
3700 1967 3891 2038 plures

2293 2071 2700 2139 consumpsisse
2726 2082 2887 2136 quam
2936 2065 3146 2134 gladius
3176 2077 3402 2116 vorasse
3429 2060 3649 2131 legitur,
3682 2058 3892 2113 bestias

2293 2162 2677 2218 ferocissimas.
2707 2174 2827 2228 qum
2858 2159 2910 2210 in
2943 2156 3087 2210 saltu
3111 2164 3268 2210 erant
3288 2195 3302 2219 ,
3332 2152 3546 2207 Hebraei
3575 2157 3890 2215 autumant,

2295 2272 2320 2307 a
2371 2253 2568 2322 quibus
2597 2253 2783 2320 plures
2831 2247 3140 2316 consumpti
3191 2260 3355 2314 quam
3403 2260 3433 2298 a
3481 2243 3658 2314 gladio
3702 2241 3890 2296 vorati

2295 2347 2514 2402 fuerint.
2547 2367 2563 2398 ι
2603 2346 2798 2400 Verum
2829 2346 2940 2408 hic,
2968 2352 3025 2397 ut
3052 2342 3270 2405 dicitur,
3293 2339 3644 2393 Hebrteorum
3670 2334 3776 2388 fuit
3803 2333 3893 2388 in-

2297 2441 2576 2505 tellectus;
2613 2440 2770 2494 nobis
2805 2448 2984 2491 autem
3015 2435 3230 2489 videtur
3286 2433 3412 2502 quia
3465 2429 3650 2485 vesani
3686 2427 3896 2498 quiquo

2294 2539 2350 2583 et
2376 2529 2645 2591 infruniti,
2689 2529 2779 2596 qui
2831 2543 2954 2582 cum
3009 2523 3247 2578 Absalou
3283 2520 3686 2593 perduellioncs
3717 2517 3890 2574 exsti-

2299 2629 2498 2684 terant,
2528 2619 2641 2674 Deo
2672 2621 2955 2674 deserente
2985 2617 3192 2679 caecati,
3217 2614 3453 2669 arbustis
3478 2611 3895 2668 occurrentibus

2295 2712 2704 2781 impingebant;
2737 2720 2899 2778 atque
2938 2709 3058 2762 ideo
3090 2708 3306 2762 dicatur
3350 2707 3474 2776 quia
3531 2706 3716 2774 plures
3746 2703 3891 2758 ccci-

2296 2801 2477 2855 derint
2521 2801 2665 2854 saltu
2716 2808 3067 2854 consumente
3119 2798 3428 2868 perempti,
3487 2812 3654 2866 quam
3701 2797 3736 2851 ii
3787 2794 3883 2865 qui

2297 2893 2473 2962 gladio
2512 2891 2712 2946 fuerint
2759 2893 3064 2945 trucidante
3106 2890 3305 2945 vorati.
3355 2889 3509 2957 Quod
3562 2891 3636 2943 ita
3687 2887 3892 2944 debere

2298 2984 2523 3052 intelligi
2558 2999 2663 3036 non
2704 2982 3014 3050 ambigitur,
3051 2982 3093 3036 si
3135 2981 3251 3049 ipsa
3300 2980 3425 3050 styli
3470 2979 3893 3048 consequentia,

2298 3073 2378 3126 vel
2410 3074 2698 3143 superﬁcie
2729 3083 2882 3128 tenus
2910 3073 3244 3126 attendatur.
3268 3069 3403 3124 Nam
3432 3080 3718 3140 postquam
3749 3085 3896 3141 pra:-

2298 3167 2505 3220 niittit:
2545 3187 2562 3217 ι
2597 3166 2765 3219 Multo
2809 3167 2990 3234 plures
3044 3174 3201 3218 erant
3232 3180 3368 3233 quos
3412 3163 3584 3218 saltus
3630 3178 3888 3219 consum-

2221 3284 2264 3345 ρ
2299 3266 2480 3327 pserat
2529 3258 2594 3311 de
2636 3257 2848 3326 populo,
2881 3273 3044 3328 quam
3078 3258 3115 3311 ii
3165 3273 3300 3325 quos
3347 3264 3639 3310 voraverat
3680 3255 3896 3325 gladius

2297 3352 2350 3404 in
2387 3353 2472 3405 die
2499 3350 2620 3415 illa;
2661 3371 2677 3402 ι
2726 3362 2924 3420 praesto
2961 3350 3239 3420 subjungit
3278 3367 3292 3403 :
3326 3369 3345 3401 ‹
3377 3352 3590 3406 Accidit
3618 3359 3802 3405 autem
3835 3357 3897 3405 ut

2297 3453 2610 3497 occurreret
2653 3442 2888 3496 Absalon
2940 3444 3114 3496 servis
3162 3441 3333 3496 David
3381 3443 3580 3497 sedens
3616 3442 3669 3496 in
3699 3440 3888 3497 mulo:

2298 3551 2527 3604 cumque
2557 3538 2833 3606 ingressus
2876 3535 3067 3591 fuisset
3102 3537 3281 3591 malus
3327 3537 3515 3592 subter
3556 3536 3892 3592 condensam

2299 3644 2561 3699 quercum
2614 3638 2666 3683 et
2696 3645 2973 3697 magnam,
3019 3630 3247 3685 adhaesit
3278 3639 3442 3700 caput
3481 3629 3599 3700 ejus
3628 3628 3888 3699 quercui;

2298 3730 2372 3784 et,
2429 3722 2520 3775 illo
2568 3736 2831 3790 suspenso
2882 3721 3023 3774 inter
3070 3721 3271 3775 etelum
3321 3729 3377 3774 et
3425 3730 3657 3784 terram,
3710 3718 3893 3774 mulus

2299 3812 2386 3864 cui
2414 3813 2691 3866 insederat
2722 3813 3039 3880 pertransiit
3073 3812 3156 3881 (11
3182 3811 3308 3883 Reg.
3343 3812 3523 3882 xvm).
3563 3830 3582 3864 ι

2831 3933 3199 3991 DUBlTATlO
3252 3933 3362 3989 VII.

2367 4047 2502 4102 lllud
2532 4056 2817 4116 pratterea,
2846 4048 2992 4116 quod
3020 4046 3272 4117 inquiris,
3303 4046 3433 4116 quid
3468 4045 3670 4102 factum
3717 4046 3788 4102 sit
3824 4048 3892 4103 de

2298 4153 2426 4193 arca
2461 4139 2673 4192 Domini
2723 4148 2778 4192 et
2828 4136 3183 4192 tabernaculo
3233 4135 3482 4202 ftederls,
3533 4151 3654 4206 quae
3699 4135 3888 4193 fabre-

2295 4227 2595 4282 t'actasunt
2623 4229 2675 4281 in
2704 4228 2940 4282 deserto.
2975 4224 3132 4281 Sicut
3157 4224 3318 4294 hujus
3346 4227 3422 4280 rei
3452 4241 3589 4296 pene
3617 4226 3690 4280 nil
3725 4225 3889 4282 oﬂicit

2295 4319 2602 4389 ignorantia
2625 4359 2638 4382 ,
2674 4320 2746 4372 ita
2779 4319 2870 4372 vix
2901 4318 3106 4387 aliquid
3155 4319 3404 4373 utilitatis
3453 4319 3717 4389 probatur
3755 4335 3891 4374 con-

2298 4409 2442 4464 ferre
2481 4410 2714 4463 notitia:
2753 4410 3322 4474 verumtamen,sieut
3373 4408 3673 4479 Scripturae
3722 4411 3894 4466 tradit

2297 4499 2618 4563 auctoritas,
2657 4501 2711 4552 in
2745 4508 2929 4554 monte
2957 4500 3204 4563 Abarim,
3251 4501 3344 4556 ubi
3388 4500 3601 4571 Moyses
3641 4502 3892 4571 sepultus

2297 4591 2611 4661 agnoscitur
2643 4590 2824 4659 (Deut.
2878 4591 3099 4659 xxxrv),
3133 4590 3544 4647 tabernaculum
3574 4593 3734 4646 simul
3761 4609 3889 4648 cum

635 4651 976 4712 tantummodo
1004 4659 1396 4730 quinquaginta
1423 4677 1437 4726 ;
1473 4677 1598 4716 cum
1641 4665 1694 4716 in
1735 4664 2188 4735 Paralipomenon
2216 4651 2268 4710 Ῑ)
2297 4651 2447 4746 mica,
2475 4697 2575 4735 nec
2606 4651 2713 4735 m‘m
2746 4691 2801 4735 οι
2829 4681 2872 4733 ῃ]

1654 4669 1694 4716 ¹¹¹
1735 4664 2188 4735 Paralipomenon
2216 4651 2268 4710 D
2297 4697 2447 4746 arca,
2475 4697 2575 4735 nec
2606 4697 2713 4735 non
2746 4691 2801 4735 et
2829 4681 3000 4734 altare
3030 4680 3238 4736 incensi
3263 4683 3604 4737 reconditum
3636 4682 3891 4740 Jeremiae

635 4751 719 4807 pro
739 4743 843 4798 sola
873 4763 993 4803 area
1021 4749 1234 4805 dedisse
1259 4762 1513 4808 narretur
1538 4756 1657 4809 auri
1688 4769 1973 4812 sexcentos
1997 4758 2193 4814 siclos?

637 4829 710 4899 (ll
740 4833 857 4890 Par.
887 4841 992 4910 tu.)
1036 4842 1144 4898 Sed
1174 4845 1456 4901 sciendum
1505 4858 1589 4902 est
1619 4851 1806 4918 procul
1853 4851 2019 4907 dubio
2064 4853 2192 4922 quia

640 4923 684 4976 in
728 4926 852 4985 libro
905 4933 1108 5005 Regum
1161 4937 1328 4992 boves
1375 4943 1747 4996 tantummodo
1801 4944 2192 5014 quinquaginta

639 5015 766 5073 siclis
792 5028 991 5090 argenti
1016 5043 1364 5097 comparasse
1386 5031 1555 5087 David
1580 5033 1774 5104 legitur
1799 5053 1812 5100 ;
1853 5037 2038 5103 quanti
2065 5052 2194 5092 vero

641 5121 800 5168 arcam
838 5123 1251 5190 comparaverit,
1279 5123 1388 5178 illic
1415 5125 1638 5180 omnino
1674 5127 1885 5181 siletur.
1915 5127 2189 5198 Paralipo-

641 5213 812 5260 menon
840 5225 963 5267 vcro
1007 5213 1145 5269 liber
1185 5217 1252 5272 de
1287 5218 1458 5274 bobus
1490 5234 1520 5272 e
1552 5221 1829 5275 contrario
1878 5231 2044 5286 tacet,
2094 5222 2189 5277 sed

644 5302 848 5381 εξίηῐηιιηι
876 5307 1140 5362 sexcentis
1167 5308 1287 5362 auri
1329 5309 1476 5363 siclis
1508 5326 1690 5365 aream
1719 5313 1985 5381 perhibet.
2034 5313 2190 5380 Quod

645 5377 778 5442 facile
800 5396 1121 5464 pervidetur,
1164 5401 1207 5454 si
1237 5401 1290 5454 in
1317 5411 1547 5472 utroque
1593 5377 1736 5459 libro
1757 5405 1871 5474 ipsa
1897 5377 2188 5462 verbo—rum

647 5477 791 5535 senes
808 5483 1081 5556 diligenter
1102 5495 1419 5549 attenditur.
1458 5494 1588 5549 Nam
1621 5497 1673 5550 in
1703 5497 1841 5552 libro
1868 5497 2076 5568 Regum
2102 5500 2189 5556 hic

647 5574 716 5657 est
755 5575 876 5632 ordo
909 5583 1232 5638 verborum:
1287 5604 1305 5637 ι
1335 5585 1482 5640 Emit
1509 5601 1637 5657 ergo
1669 5589 1835 5643 David
1876 5605 2082 5656 aream,
2137 5601 2192 5648 et

649 5653 788 5757 leves
814 5673 1013 5738 argenti
1051 5674 1196 5730 siclis
1221 5653 1611 5748 quinquaginta
1657 5679 1872 5750 (me).
1916 5701 1934 5733 ι
1983 5653 2083 5736 Ubi
2114 5684 2194 5737 sic

653 5746 1048 5841 distinguendum
1075 5778 1176 5831 est,
1215 5777 1275 5821 ut
1321 5746 1487 5838 prius
1504 5746 1781 5841 Scriptura
1826 5746 1970 5827 dicat
2005 5793 2016 5826 :
2050 5774 2194 5828 Emit

655 5837 795 5906 David
818 5868 1013 5927 aream,
1035 5873 1134 5917 nec
1158 5862 1425 5933 exprimat
1444 5837 1665 5934 quanti;
1697 5865 1891 5926 deinde
1913 5875 2194 5939 sequatur,

2294 4772 2574 4840 propheta
2614 4773 2866 4826 manibus
2913 4773 3209 4827 invenitur.
3254 4773 3409 4840 Quod
3441 4774 3678 4830 evidenti
3707 4775 3891 4832 decla-

2295 4874 2449 4919 ratur
2496 4865 2729 4930 indicio,
2762 4866 2806 4918 si
2846 4866 3069 4920 secundi
3116 4865 3238 4920 libri
3289 4867 3724 4924 Machabaeorum
3765 4869 3892 4924 dili-

2295 4963 2486 5024 genter
2513 4956 2826 5010 attendatur
2850 4957 3135 5011 exordium
3164 4975 3177 5010 :
3217 4977 3235 5008 ι
3272 4958 3428 5025 Erat,
3457 4960 3653 5030 inquit,
3684 4961 3739 5015 in
3771 4961 3889 5030 ipsa

2296 5047 2590 5115 scriptura,
2623 5047 2895 5116 quomodo
2939 5049 3345 5104 tabernaculum
3387 5059 3444 5104 et
3487 5067 3672 5108 arcam
3723 5053 3891 5124 jussit

2293 5140 2580 5209 propheta,
2612 5140 2796 5194 divino
2814 5155 3075 5209 responso
3107 5140 3171 5192 ad
3204 5155 3263 5195 se
3306 5141 3470 5206 facto,
3505 5144 3759 5200 comitari
3799 5162 3888 5201 se-

2295 5243 2440 5291 cum,
2489 5243 2771 5297 usquequo
2803 5230 2937 5283 exiit
2992 5231 3044 5282 in
3089 5239 3328 5284 montem
3363 5232 3415 5285 in
3461 5247 3626 5303 quem
3671 5233 3887 5306 Moyses

2295 5317 2544 5372 ascendit
2602 5326 2658 5370 et
2704 5317 2843 5372 vidit
2893 5318 2988 5372 Dei
3050 5318 3394 5388 claritatem;
3446 5332 3503 5376 et
3550 5324 3774 5379 veniens
3815 5325 3893 5382 ibi

2294 5407 2560 5462 Jercmias
2603 5409 2810 5462 invenit
2858 5406 3362 5479 locum'spcluntxe,
3391 5422 3446 5468 et
3475 5415 3888 5472 tabernaculum

2296 5511 2351 5556 et
2380 5519 2584 5567 aream,
2630 5512 2683 5556 et
2718 5503 2889 5558 altare
2919 5504 3129 5559 incensi
3177 5506 3362 5560 intulit
3401 5507 3554 5572 illuc,
3583 5516 3638 5562 et
3685 5509 3889 5563 ostium

2294 5593 2664 5662 obstruxit”!
2693 5593 2870 5648 Much.
2901 5596 2981 5664 ιι).
3013 5614 3031 5646 ι
3053 5594 3178 5651 Haec
3203 5596 3487 5667 igiturtria
3516 5608 3885 5666 sacramenta,

2300 5684 2440 5738 sicut
2505 5685 2706 5739 dictum
2764 5695 2870 5751 est,
2933 5685 3198 5742 Jerennas
3259 5689 3311 5742 in
3377 5689 3601 5759 praefato
3664 5689 3890 5746 Abarim

2301 5786 2486 5831 monte
2517 5778 2837 5832 recondidit.
2871 5778 2926 5834 Si
2962 5780 3089 5848 quid
3131 5789 3312 5834 autem
3345 5797 3407 5836 ex
3442 5782 3526 5837 his
3562 5781 3708 5836 aliud
3737 5793 3889 5852 post-

2303 5867 2526 5927 modum
2567 5869 2772 5927 factum
2798 5867 2986 5940 fuerit,
3013 5879 3107 5928 aut
3139 5879 3286 5929 certe
3313 5875 3359 5932 si
3390 5873 3595 5932 intacta
3623 5887 3889 5946 perman-
