5664 6668
74 0 1750 182 *⁷

0 6339 1245 6668 ἔτι

2355 441 2459 499 627

2354 557 2546 618 serint,
2569 553 2696 622 quia
2719 570 2982 623 nusquam
3010 557 3287 626 Scriptura
3311 567 3726 636 commemorat,
3745 564 3932 609 nostra
3964 556 4011 615 Α

2357 657 2573 716 quoque
2605 643 2904 713 disquirere
2934 648 3222 701 curiositas
3254 664 3359 700 non
3389 655 3699 717 praesumat.

2891 736 3257 791 DUBITATIO
3300 738 3424 792 Vill.

2421 821 2556 878 Illud
2585 826 2747 878 etiam
2783 825 2956 890 Isaiae,
2987 830 3128 895 quod
3160 829 3254 881 tibi
3299 830 3437 898 petis
3467 829 3661 896 exponi
3693 849 3705 880 :
3744 848 3759 879 ι
3794 828 3935 883 Pro-

2348 923 2473 978 pter
2511 917 2688 971 scelus
2736 919 2916 986 populi
2965 922 3069 973 mei
3101 923 3342 988 percussi
3375 938 3519 984 eum,
3552 933 3605 976 et
3638 923 3789 975 dabit
3829 924 3932 976 im-

2345 1006 2494 1073 pium
2523 1022 2621 1075 pro
2645 1009 2941 1078 sepultura,
2973 1020 3026 1062 et
3061 1012 3278 1064 divitem
3313 1028 3411 1081 pro
3442 1022 3618 1067 morte
3646 1029 3740 1065 sua
3770 1013 3929 1072 (Isai.

2350 1094 2511 1165 un),
2555 1115 2574 1148 ι
2609 1106 2670 1150 ut
2697 1099 2853 1153 nobis
2889 1100 3122 1158 videtur.
3155 1102 3261 1154 tale
3292 1112 3394 1156 est.
3429 1102 3589 1157 Pater
3617 1103 3787 1174 646
3811 1120 3928 1158 om-

2342 1188 2599 1258 nipotens
2626 1189 2823 1246 Filium
2841 1201 3063 1262 prapter
3083 1194 3258 1263 populi
3277 1198 3356 1249 sui
3388 1206 3611 1263 peccata
3639 1199 3924 1266 percussit,

2340 1281 2470 1349 quia
2496 1281 2675 1345 illum,
2708 1293 2768 1336 ut
2797 1294 2978 1338 nostra
3004 1296 3222 1353 peccata
3254 1288 3477 1354 deleret,
3512 1291 3691 1344 crucis
3719 1291 3927 1359 patibu-

2340 1367 2449 1422 lum
2474 1371 2659 1428 subire
2680 1374 3081 1430 wnstituinAd
3109 1377 3213 1431 hoc
3241 1378 3383 1432 enim
3405 1388 3489 1434 est
3515 1378 3682 1433 Filius
3711 1394 3739 1431 a
3765 1378 3928 1434 Patre

2337 1462 2590 1527 traditus,
2625 1474 2895 1520 utservus
2917 1466 3072 1522 ﬁeret
3097 1467 3404 1534 absolutus;
3441 1471 3579 1524 sicut
3600 1471 3924 1538 Apostolus:

2339 1569 2358 1604 α
2376 1552 2478 1619 Qui
2501 1556 2746 1625 proprio,
2760 1557 2960 1628 inquit,
2980 1559 3120 1614 Filio
3141 1575 3246 1614 non
3267 1563 3522 1629 pepercit,
3539 1563 3631 1616 sed
3651 1579 3749 1632 pro
3770 1565 3924 1619 nobis

2331 1641 2584 1698 omnibus
2613 1645 2838 1700 tradidit
2858 1647 3004 1702 illum
3033 1648 3208 1704 (Rom.
3229 1665 3324 1704 vm
3341 1651 3378 1718 ).
3395 1670 3412 1702 ι
3438 1650 3519 1705 Ad
3536 1652 3639 1707 hoc
3662 1653 3921 1708 innocens

2329 1731 2648 1791 vulneribus
2661 1745 2745 1791 est
2756 1748 3129 1805 percussusmt
3142 1750 3392 1808 peccator
3406 1741 3638 1796 exsultet
3653 1759 3682 1796 a
3700 1759 3918 1798 suorum

2327 1823 2612 1880 vulnerum
2644 1828 2815 1882 livore
2839 1840 3086 1884 sanatus.
3137 1831 3288 1886 Sicut
3318 1847 3413 1900 per
3443 1834 3692 1888 eumdem
3723 1836 3914 1888 Isaiam

2794 446 2832 500 S
2894 445 3096 501 PETRI
3136 445 3419 501 DAMIANI
3458 445 3609 502 OPP.
3653 440 3886 501 TOMUS
3941 439 4072 498 SEU
4111 440 4287 495 PARS
4324 439 4406 493 Ill.
4447 468 4516 478 -——
4557 434 4918 493 OPUSCULA
4956 434 5184 490 VARIA.

5522 434 5603 491 638

4113 554 4438 605 Potestatem
4469 567 4596 621 ergo
4621 553 4760 605 Deus
4782 548 4980 604 Christi
5015 547 5461 618 persecutoribus
5488 564 5602 617 pm-

4038 645 4171 705 buit,
4204 643 4297 696 sed
4331 651 4385 695 ut
4413 657 4537 696 cum
4572 649 4955 711 persequentes
4994 640 5306 693 occiderent
5336 654 5444 692 non
5473 655 5600 692 nian-

4037 735 4199 788 davit.
4247 734 4396 787 Unde
4447 733 4555 787 illic
4603 734 4881 801 prtemittit
4911 734 5192 799 propheta,
5230 731 5463 785 dicens:
5498 749 5514 781 ι
5545 728 5599 785 Ut

4033 835 4369 893 perverteret
4408 826 4678 878 hominem
4709 825 4759 877 in
4786 823 4990 891 judicio
5015 838 5132 884 suo,
5160 822 5427 875 Dominus
5461 821 5597 888 igno-

4034 916 4172 968 ravit
4227 916 4441 984 (Tm-en.
4500 919 4614 984 ιιι).
4651 937 4666 965 ι
4712 915 5056 970 Pervertcret
5104 915 5301 982 quippe
5351 912 5594 966 Dominus

4034 1005 4084 1057 in
4112 1005 4314 1070 judicio
4343 1007 4636 1069 hominem,
4662 1005 4706 1059 si
4729 1003 5079 1060 condemnari
5111 1002 5430 1072 praeciperet
5455 1001 5594 1056 inno-

4031 1105 4269 1149 Centem.
4305 1097 4408 1149 Sed
4439 1096 4582 1151 aliud
4614 1105 4698 1151 est
4721 1096 5098 1156 condemnare,
5124 1094 5261 1148 aliud
5294 1110 5322 1146 a
5352 1094 5593 1148 condem-

4032 1188 4268 1240 nationis
4295 1187 4559 1257 supplicio
4593 1203 4697 1242 non
4730 1187 4972 1255 eripere;
5005 1185 5148 1239 aliud
5175 1186 5226 1238 in
5258 1191 5482 1238 conatus
5511 1197 5590 1236 sa-

4030 1278 4258 1348 crilcgos
4303 1278 4545 1334 furentes
4601 1277 4896 1349 impellere,
4947 1277 5090 1330 aliud
5133 1290 5466 1345 nequaquam
5497 1259 5590 1330 ἐιε-

4029 1370 4166 1438 cepti
4220 1369 4421 1424 furoris
4467 1370 4731 1424 insaniam
4777 1370 5071 1424 refrenare.
5113 1357 5272 1440 “7
5308 1366 5458 1423 Unde
5491 1366 5590 1422 illic

4028 1477 4134 1516 non
4166 1463 4483 1532 ignorando.
4517 1464 4606 1516 sed
4640 1463 4976 1531 reprobando
5003 1460 5381 1529 subiungitur:
5420 1479 5437 1510 ι
5466 1459 5593 1525 Quis

4028 1562 4107 1607 est
4149 1555 4249 1607 istc
4292 1557 4382 1624 qui
4421 1556 4556 1608 dixit
4602 1564 4658 1608 ut
4709 1555 4880 1617 ﬁeret,
4931 1552 5154 1607 Domino
5190 1566 5292 1604 non
5335 1549 5593 1619 jubentel

4027 1642 4270 1713 (1ὺίά.)ι
4336 1645 4564 1698 Domino
4618 1643 4749 1697 dicit
4797 1659 4903 1696 non
4943 1641 5195 1709 iubente,
5256 1655 5359 1694 non
5417 1650 5592 1695 tamen

4024 1733 4360 1800 prohibente.
4392 1732 4508 1787 Non
4550 1747 4678 1801 ergo
4724 1732 5158 1801 persecutoribus
5196 1730 5334 1784 Deus
5391 1737 5450 1782 ut
5478 1727 5593 1782 Sal-

4023 1835 4264 1877 vatorem
4318 1833 4564 1878 nostrum
4613 1812 4988 1891 cruciﬁgei‘ent
5029 1821 5224 1888 jussit,
5272 1819 5395 1889 quia
5454 1818 5589 1873 nihil

2325 1910 2556 1969 dicitur:
2580 1915 2736 1986 «Ipse
2751 1927 2930 1974 autem
2943 1921 3259 1977 vulneratus
3273 1925 3916 1996 estpropteriniquitates
3943 1917 3992 1977 B
4022 1918 4073 1971 in
4125 1933 4188 1970 eo
4213 1918 4354 1984 quod
4384 1915 4711 1985 puniendum
4743 1922 4888 1968 esset
4923 1913 5146 1967 ίηνθηίῐο
5176 1910 5290 1966 N0!I
5323 1919 5499 1964 tamen
5523 1924 5588 1964 De

2325 2010 2565 2069 nostras,
2599 2006 2822 2061 attritus
2866 2017 2948 2063 est
2988 2020 3208 2079 prepter
3252 2013 3458 2068 scelera
3503 2025 3722 2080 nostra,
3763 2018 3915 2084 cujus

2323 2089 2494 2146 livore
2535 2097 2712 2149 sanati
2754 2112 2943 2152 sumus
2991 2099 3147 2167 (Isai.
3187 2103 3325 2167 LIII).
3358 2123 3376 2152 ι
3433 2104 3538 2156 Sed
3586 2104 3913 2173 Redemptor

2323 2188 2510 2235 noster
2549 2196 2650 2250 pro
2672 2183 2881 2239 duobus
2915 2187 3147 2254 populis,
3203 2191 3387 2257 gentili
3437 2192 3688 2247 videlicet
3727 2205 3781 2246 et
3809 2193 3905 2247 .lu-

2327 2270 2482 2325 daico
2508 2273 2619 2340 pati
2651 2275 2902 2346 dignatus
2931 2289 3034 2342 est,
3071 2296 3301 2349 quorum
3330 2284 3466 2336 alter
3513 2286 3730 2353 impius,
3772 2287 3912 2340 alter

2323 2359 2474 2416 dives
2504 2364 2702 2419 merito
2729 2367 3030 2423 dicebatur.
3061 2371 3128 2424 Et
3169 2373 3382 2439 gentilis
3427 2375 3644 2441 quidem
3683 2377 3911 2442 populus

2327 2451 2528 2523 impius
2575 2466 2714 2511 erat.
2765 2461 2891 2528 quia
2942 2461 3100 2517 idolis
3150 2465 3393 2519 serviens
3442 2468 3699 2534 pietatem
3745 2469 3907 2522 divini

2330 2543 2509 2599 cultus
2538 2545 2838 2616 ignorabat.
2880 2550 3008 2606 Haec
3033 2560 3214 2607 autem
3257 2555 3429 2623 pietas
3461 2555 3649 2611 Graece
3687 2558 3902 2621 dicitur,

2319 2635 2610 2701 θεοσέϐειας
2655 2639 2914 2695 Iudaicus
2960 2658 3092 2697 vero
3136 2647 3361 2712 populus
3389 2647 3540 2701 dives
3589 2649 3899 2713 exstiterat;

2316 2728 2467 2795 quia,
2499 2731 2626 2783 dum
2682 2731 2922 2786 Sabbata
2942 2773 2956 2798 ,
2990 2733 3462 2791 circumcisionem
3483 2779 3496 2801 ,
3554 2742 3899 2805 neomenias,

2315 2831 2618 2890 omnesque
2664 2824 3018 2879 caeremonias
3065 2826 3260 2881 divina:
3303 2827 3436 2898 legis
3486 2832 3726 2899 accepit,
3782 2840 3901 2884 tan-

2315 2923 2482 2975 quam
2522 2909 2758 2979 copiosis
2806 2913 3046 2968 thesauri
3079 2916 3315 2970 coelestis
3346 2917 3547 2972 divitiis
3585 2919 3896 2974 abundavit.

2313 2994 2522 3062 Quibus
2551 2999 2854 3056 exuberare
2880 3003 3085 3058 divitiis
3112 3005 3425 3060 Corinthios
3467 3006 3579 3074 jam
3609 3022 3900 3064 conversos

2311 3087 2516 3145 Paulus
2552 3092 2892 3158 exsultabat,
2926 3110 3047 3150 cum
3076 3098 3317 3150 diceret:
3358 3116 3376 3147 ‹
3405 3098 3619 3153 Gratias
3655 3114 3756 3168 ago
3790 3099 3897 3154 Deo

2312 3196 2439 3237 meo
2477 3198 2698 3254 semper
2734 3201 2834 3253 pro
2878 3186 3033 3243 vobis
3059 3188 3113 3244 in
3144 3190 3320 3260 gratia
3349 3189 3470 3256 Dei,
3500 3205 3620 3260 qua:
3654 3192 3780 3248 data
3809 3199 3893 3246 est

4022 2011 4432 2074 cruciﬁgeretur
4489 2006 4748 2068 inhibuit,
4817 2005 4966 2074 quia,
5029 2018 5126 2071 pro
5178 2000 5357 2054 mundi
5416 2000 5588 2055 salute

4017 2113 4324 2164 passurum,
4374 2095 4681 2148 nullatenus
4726 2108 4848 2147 eum
4895 2108 4961 2145 ex
5011 2091 5294 2160 impiorum
5336 2090 5586 2144 manibus

4016 2191 4286 2242 lihclavit.
4329 2189 4480 2242 [Tude
4512 2189 4645 2241 bene
4678 2201 4800 2240 mox
4833 2184 5085 2238 additur:
5132 2202 5151 2233 ‹
5179 2182 5256 2235 Ex
5286 2196 5379 2236 ore
5421 2181 5584 2237 Altis-

4016 2282 4135 2333 simi
4172 2297 4273 2332 non
4305 2281 4649 2346 egredientur
4681 2293 4779 2332 nec
4818 2277 4977 2340 bona,
5025 2290 5121 2329 nec
5150 2274 5284 2329 mala
5313 2273 5521 2342 (Ibid).
5564 2297 5580 2320 ι

4014 2369 4159 2422 Bona
4216 2371 4414 2436 qtuppe
4471 2368 4862 2437 procederent,
4939 2366 4981 2419 si
5035 2381 5153 2420 eum
5207 2365 5272 2418 de
5323 2364 5584 2433 supplicio

4012 2459 4153 2527 quod
4206 2460 4544 2526 irrogabatur
4591 2459 4850 2525 eriperet;
4888 2455 5026 2510 mala
5074 2469 5234 2518 vero,
5283 2454 5330 2508 si
5377 2455 5582 2510 crimen

4011 2549 4064 2600 in
4099 2563 4161 2599 eo
4193 2548 4281 2615 qui
4318 2547 4592 2615 suppliciis
4645 2545 5034 2614 adjudicandus
5091 2544 5250 2598 fuerit
5291 2546 5576 2613 reperiret.

4011 2638 4066 2690 In
4104 2639 4355 2705 passione
4386 2653 4513 2707 ergo
4544 2636 4743 2690 Christi
4790 2652 4854 2690 ex
4888 2651 4982 2690 ore
5007 2635 5265 2689 Altissimi
5311 2649 5412 2688 nec
5443 2635 5580 2689 bona

4007 2729 4379 2797 egrediuntur,
4413 2743 4509 2781 nec
4540 2728 4702 2791 mala,
4737 2727 4865 2795 quia
4895 2726 5056 2781 Pater
5099 2742 5218 2780 eum
5265 2741 5365 2780 nec
5387 2741 5456 2780 ex
5483 2743 5578 2797 po-

4009 2828 4204 2872 testate
4247 2818 4460 2882 liberat,
4492 2834 4592 2871 nec
4635 2833 4702 2871 ex
4747 2816 4880 2887 legis
4927 2818 5178 2886 mquitate
5218 2816 5573 2883 condemnat;

4006 2909 4132 2977 quia
4182 2907 4308 2961 licet
4352 2923 4457 2961 non
4489 2908 4720 2976 reperiat
4749 2917 5122 2976 peccatorem,
5162 2922 5258 2975 pro
5295 2907 5470 2962 salute
5496 2917 5578 2962 ta-

4005 3016 4127 3054 men
4158 3002 4342 3054 mundi
4371 3002 4422 3053 in
4457 3001 4708 3067 passione
4734 3000 4967 3068 positum
4995 3015 5101 3054 non
5134 3000 5291 3068 eripit
5321 3001 5576 3055 innocen-

4003 3100 4129 3143 tem.
4186 3089 4358 3141 Nullis
4415 3090 4558 3142 videt
4608 3088 4847 3158 peccatis
4877 3088 5191 3153 obnoxium,
5247 3105 5346 3144 nec
5394 3098 5571 3144 tamen

4000 3183 4176 3236 reddit
4213 3183 4504 3251 impiorum
4544 3181 4793 3235 manibus
4823 3181 5149 3249 absolutum,
5197 3193 5254 3235 ut
5277 3181 5404 3236 dum
5431 3183 5573 3236 subit

2308 3273 2466 3331 vobis
2520 3276 2574 3330 in
2624 3275 2844 3332 Christo
2893 3277 3057 3346 Jesu;
3102 3281 3230 3351 quia
3279 3283 3336 3336 in
3392 3283 3650 3337 omnibus
3697 3283 3894 3338 divites
3925 3260 3973 3324 (ἶ
4006 3273 4262 3326 innocens
4311 3286 4548 3340 Poenam.
4595 3272 4686 3339 ‘1“.l
4725 3281 4976 3340 Ρθοθίιιοτ
5019 3280 5102 3325 εει
5149 3280 5453 3326 “verum?
5504 3271 5570 3351 Ed

2307 3359 2438 3417 facti
2473 3361 2606 3418 estis
2633 3364 2688 3418 in
2719 3365 2840 3431 illo,
2875 3367 2929 3422 in
2959 3370 3105 3423 omni
3135 3371 3325 3434 verbo,
3353 3380 3407 3424 et
3433 3371 3492 3425 in
3529 3372 3675 3426 οιιιιιί
3709 3373 3892 3427 scien-

2310 3451 2406 3515 tia,
2432 3451 2507 3506 ita
2531 3463 2588 3507 ut
2617 3453 2753 3509 nihil
2781 3457 2936 3512 vobis
2962 3457 3101 3513 desit
3130 3460 3185 3514 in
3214 3460 3322 3515 ulla
3349 3463 3522 3529 gratia
3551 3462 3613 3530 (1
3643 3461 3762 3516 Cor.
3793 3463 3886 3531 1).»

2310 3538 2565 3597 Salvator
2600 3556 2732 3615 ergo
2757 3554 2962 3611 noster,
2997 3561 3096 3616 pro
3132 3558 3309 3603 morte
3333 3565 3495 3619 quam
3528 3551 3581 3604 in
3614 3567 3672 3606 se
3707 3567 3893 3608 susce-

2305 3631 2406 3700 pit,
2449 3631 2585 3687 duos
2615 3634 2682 3688 de
2728 3645 2902 3690 morte
2932 3638 3288 3694 resuscitatos
3334 3639 3480 3694 Patri
3513 3641 3739 3710 populos
3768 3643 3893 3695 red-

2305 3721 2464 3790 didit,
2493 3724 2751 3795 gentilem
2783 3727 3010 3793 scilicet,
3044 3731 3136 3799 qui
3185 3732 3523 3787 dtemonibus
3565 3732 3696 3786 olim
3727 3732 3892 3801 impie

2304 3815 2598 3878 serviebat,
2620 3825 2677 3870 et
2700 3815 3007 3884 Judaicum,
3030 3822 3145 3890 qui,
3166 3826 3413 3892 quamvis
3437 3826 3775 3880 occidentem
3802 3825 3889 3879 lit-

2303 3911 2476 3960 teram
2519 3912 2749 3974 tenens,
2787 3919 2841 3963 et
2903 3910 3272 3967 viviﬁcantem
3317 3916 3568 3978 spiritum
3614 3917 3882 3984 nesciens,

2302 3993 2501 4052 divina
2529 4005 2712 4052 tamen
2741 3999 2876 4068 legis
2907 4001 3126 4058 divitias
3159 4006 3490 4072 possidebat.

2839 4089 3208 4147 DUBITATIO
3245 4094 3263 4146 l
3273 4093 3334 4147 Χ.

2371 4174 2656 4234 Postremo
2699 4182 2841 4249 quod
2882 4184 3079 4251 quaeris
3126 4183 3255 4239 illud
3307 4183 3558 4242 Ieremia:
3608 4189 3884 4256 prepbeta:

2303 4264 2434 4334 quid
2470 4266 2580 4320 sit:
2621 4285 2638 4318 ι
2667 4268 2749 4322 Ex
2789 4284 2883 4324 ore
2921 4272 3182 4327 Altissimi
3230 4290 3338 4329 non
3389 4277 3738 4347 egredientur
3783 4293 3883 4333 nec

2299 4353 2467 4420 bona,
2510 4369 2609 4410 nec
2660 4355 2799 4411 mala
2847 4357 3072 4425 (Thren.
3120 4377 3211 4418 m:
3265 4365 3422 4433 Apoc.
3463 4368 3566 4435 v);
3602 4386 3621 4417 ι
3676 4367 3882 4421 famosa

2303 4443 2531 4510 quaestio
2579 4453 2661 4500 est
2689 4461 2826 4515 pene
2866 4449 3030 4504 totius
3060 4450 3335 4508 Ecclesia.
3380 4455 3422 4506 Α
3460 4456 3707 4523 plurimis
3737 4457 3880 4511 enim

2301 4537 2584 4602 quaeritur,
2615 4546 2671 4591 et
2700 4540 2929 4594 celebris
2959 4542 3129 4596 currit
3157 4558 3253 4611 per
3281 4559 3375 4598 ora
3409 4547 3721 4601 multorum.
3748 4549 3877 4613 Sed,

4001 3362 4232 3416 veniam.
4260 3361 4323 3414 Et
4348 3361 4473 3413 dum
4503 3375 4661 3423 unus,
4689 3360 4781 3431 qui
4805 3375 4910 3414 non
4937 3361 5115 3424 debet,
5146 3359 5299 3414 solvit
5327 3343 5569 3413 omnium

3999 3453 4201 3518 debita,
4243 3468 4450 3516 omnes,
4501 3452 4593 3522 qui
4633 3453 4731 3506 sub
4769 3452 5023 3522 originali
5055 3461 5276 3507 vetusta:
5303 3451 5573 3508 cautionis

3993 3542 4183 3598 {tenore
4215 3545 4538 3599 tenebantur
4563 3542 4795 3607 astricti,
4838 3541 5058 3606 rescissi
5079 3542 5418 3612 chirographi
5452 3541 5572 3596 red-

3994 3636 4192 3692 dantur
4221 3636 4430 3708 legibus
4457 3634 4709 3691 absoluti.

4548 3723 4915 3783 DUBITATIO
4951 3724 5019 3779 Χ.

4062 3825 4118 3879 1η
4149 3823 4252 3877 hoc
4277 3821 4460 3885 etiam,
4491 3821 4632 3888 quod
4661 3829 4714 3873 tu
4742 3834 4849 3873 non
4881 3818 5203 3888 interrogas,
5241 3831 5339 3887 ego
5369 3817 5565 3887 sepius

3992 3911 4253 3976 dubitavi,
4285 3927 4381 3966 cur
4434 3907 4600 3962 David
4645 3906 4778 3963 Joab
4819 3915 4872 3962 et
4901 3905 5100 3972 Semei,
5147 3907 5340 3977 quibus
5389 3906 5562 3961 iratus

3991 4013 4132 4068 erat,
4186 4003 4311 4056 dum
4365 4002 4660 4062 adviveret,
4693 3999 4990 4053 clementer
5028 3997 5276 4061 indulsit;
5324 3999 5562 4053 moriens

3992 4102 4173 4148 autem
4228 4091 4523 4154 Salomoni,
4570 4089 4794 4143 sibimet
4840 4089 4892 4142 in
4922 4095 5132 4159 sceptra
5183 4085 5325 4156 regia
5379 4100 5563 4140 succe-

3991 4184 4159 4248 denti,
4187 4182 4487 4251 perdendos
4519 4193 4640 4234 esse
4666 4179 4938 4234 mandavit
4985 4198 5003 4230 ι
5061 4177 5160 4242 Tu,
5193 4177 5384 4247 inquit,
5419 4178 5560 4232 nosti

3990 4290 4108 4345 quae
4150 4273 4340 4328 fecerit
4378 4274 4505 4327 mihi
4556 4269 4690 4326 Joab
4743 4271 4884 4325 Illius
4932 4271 5156 4337 Sarvim,
5207 4285 5324 4339 qua:
5370 4270 5562 4325 fecerit

3988 4366 4197 4420 duobus
4246 4364 4578 4435 principibus
4627 4362 4900 4417 exercitus
4960 4360 5159 4426 Israel,
5211 4361 5393 4414 Abner
5450 4360 5560 4414 ﬁlio

3987 4455 4113 4519 Ner,
4148 4464 4202 4509 et
4244 4455 4458 4508 Amasa:
4486 4453 4593 4508 lilio
4620 4452 4826 4520 Jetber,
4864 4467 4997 4522 quos
5035 4451 5258 4517 occidit,
5286 4460 5341 4504 et
5369 4448 5558 4505 effudit

3985 4547 4305 4617 sanguinem
4357 4544 4479 4599 belli
4530 4546 4582 4598 in
4636 4560 4790 4614 pace.
4821 4562 4840 4595 ›
4897 4544 5073 4613 Atque
5117 4542 5271 4612 paulo
5306 4550 5424 4610 post
5464 4541 5557 4595 ad—

2298 4637 2362 4678 eo
2394 4625 2659 4696 largiente
2710 4629 2801 4697 qui
2832 4633 3005 4700 aperit
3036 4633 3231 4688 librum
3291 4646 3346 4689 et
3391 4637 3551 4692 solvit
3602 4639 3874 4708 signacula
3902 4614 3958 4676 θ
3987 4614 4122 4694 didit
4148 4655 4162 4692 :
4199 4656 4215 4689 ι
4246 4637 4432 4691 Facies
4460 4651 4588 4708 ergo
4620 4636 4777 4705 juxta
4807 4633 5124 4704 sapientiam
5157 4641 5331 4696 tuam,
5365 4642 5417 4685 et
5444 4647 5551 4687 non

2295 4716 2432 4786 ejus,
2479 4721 2596 4774 haec
2639 4722 2797 4777 Iacile
2826 4726 3053 4794 quaestio
3082 4729 3328 4790 solvitur,
3364 4733 3407 4783 si
3453 4745 3558 4784 non
3586 4748 3652 4785 ex
3695 4736 3869 4802 nobis,

2297 4809 2388 4861 sed
2441 4823 2511 4864 ex
2566 4811 2658 4866 illo
2716 4813 3041 4870 conﬁdentia
3095 4830 3468 4886 pralsumatur.
3522 4821 3873 4890 Omnipotens

2297 4894 2477 4962 Pater,
2530 4910 2584 4955 et
2628 4905 2969 4961 innocentem
3025 4907 3214 4963 Filium
3278 4912 3565 4980 impiorum
3623 4917 3869 4973 manibus

2299 4987 2557 5055 tradidit,
2589 4999 2644 5045 et
2684 5002 2862 5050 tamen
2892 5012 2920 5051 a
2957 5006 3105 5054 recto
3139 5001 3362 5069 justitiae
3407 5004 3626 5058 tramite
3653 5021 3758 5060 non
3795 5023 3872 5061 re-

2296 5078 2486 5144 cessit;
2529 5081 2786 5148 quoniam
2816 5086 2938 5140 inde
2975 5089 3239 5154 justitiam
3271 5091 3527 5147 reﬂorere
3566 5098 3866 5164 constituit,

2294 5165 2437 5256 unde
2462 5165 2612 5222 illum
2641 5171 2709 5225 ad
2739 5181 2950 5243 tempus
2973 5177 3252 5244 injustitize
3289 5184 3570 5253 subjaccre
3601 5188 3869 5256 permisit.

2296 5251 2447 5356 Sicut
2473 5258 2528 5312 in
2556 5259 2696 5316 libro
2723 5261 3017 5333 Sapientiae
3055 5268 3284 5338 legitur:
3326 5294 3341 5324 ‹
3371 5251 3504 5328 Cum
3538 5251 3634 5342 sis,
3672 5280 3869 5348 inquit,

2287 5351 2486 5417 justus,
2523 5351 2668 5420 justo
2720 5358 2901 5412 omnia
2954 5360 3197 5430 disponis
3248 5362 3390 5434 (Sap.
3438 5368 3593 5436 xu):
3633 5389 3650 5422 ›
3691 5373 3866 5442 ipsum

2294 5453 2509 5511 quoque
2555 5445 2646 5515 qui
2691 5463 2795 5504 non
2839 5450 3000 5506 debet
3044 5456 3252 5524 puniri,
3302 5459 3644 5518 condemnas.
3705 5465 3867 5520 Pater

2293 5527 2476 5601 itaque
2502 5533 2700 5590 Filium
2732 5550 2960 5596 mortem
2992 5545 3172 5600 subire
3201 5549 3467 5616 permisit,
3494 5563 3863 5609 verumtamen

2295 5630 2354 5675 ιιι
2400 5642 2523 5684 eum
2570 5634 2922 5703 peritnerent,
2954 5642 3387 5710 peremptoribus
3436 5658 3542 5696 non
3578 5646 3860 5714 praecepit;

2295 5719 2530 5795 alioquin
2580 5728 2926 5801 inculpabiles
2974 5737 3312 5794 exstitissent
3345 5739 3471 5794 dum
3500 5739 3860 5801 ministerium

2296 5815 2586 5887 impietatis
2611 5825 2935 5882 ascriberent
2967 5830 3183 5898 pictatis
3215 5834 3444 5890 auctori.

3987 4731 4216 4787 deduces
4243 4730 4495 4785 canitiem
4529 4728 4643 4796 ejus
4678 4727 4903 4798 paciﬁce
4938 4727 5004 4780 ad
5037 4725 5233 4780 inferos
5259 4723 5387 4797 (III
5417 4723 5547 4795 Reg.

3985 4824 4069 4890 ιι).
4131 4842 4147 4871 ›
4182 4821 4257 4874 De
4297 4822 4474 4874 Semei
4517 4834 4730 4889 quoque
4760 4820 4838 4873 sic
4866 4819 4979 4872 ait:
5013 4835 5031 4868 ι
5084 4817 5260 4870 Habes
5287 4823 5341 4868 et
5371 4815 5549 4869 Semei

3984 4913 4123 4981 apud
4159 4922 4205 4966 te
4249 4912 4415 4965 lilium
4456 4910 4593 4963 Cera
4645 4893 4737 4961 ﬁlii
4791 4908 5002 4963 Gemini
5044 4907 5109 4961 de
5155 4905 5422 4966 Bahurim,
5458 4904 5546 4972 qui

3979 5003 4259 5056 maledixit
4287 5004 4418 5056 mihi
4454 5001 4834 5056 maledictione
4865 5001 5124 5069 pessima,
5171 4998 5383 5068 quando
5406 4997 5545 5050 ibam

3977 5096 4041 5149 ad
4065 5104 4273 5159 castra;
4312 5113 4328 5144 ι
4365 5093 4557 5147 deinde
4583 5093 4909 5162 quibusdam
4940 5091 5272 5160 interpositis
5302 5089 5538 5142 addidit:

3977 5206 3994 5238 ι
4029 5188 4373 5255 Deducesque
4427 5202 4588 5241 canos
4635 5186 4752 5252 ejus
4801 5202 4923 5240 cum
4963 5185 5219 5255 sanguine
5263 5183 5328 5236 ad
5383 5181 5542 5234 infer-

3975 5296 4100 5334 num
4133 5280 4344 5350 (ΗΜΛ.
4382 5298 4399 5330 ι
4436 5277 4574 5346 Quid
4619 5291 4702 5333 εει
4750 5279 4894 5333 enim
4926 5280 5069 5348 quod
5097 5293 5188 5331 eos
5237 5275 5402 5329 David
5427 5288 5538 5328 mo-

3971 5373 4113 5426 riens
4144 5373 4364 5426 damnat
4393 5372 4587 5440 quibus
4645 5370 4871 5425 vivendo
4898 5375 5232 5440 pepercerat,
5263 5381 5382 5420 cum
5412 5379 5534 5434 pro-

3975 5463 4116 5519 fecto
4163 5465 4393 5518 rationis
4438 5467 4567 5518 ordo
4638 5463 4897 5532 deposcat
4947 5474 5005 5516 ut
5049 5463 5100 5515 in
5150 5458 5532 5529 perduelliones

3974 5558 4058 5607 vel
4104 5556 4373 5624 quoslibet
4417 5555 4664 5609 inimicos
4715 5555 4900 5608 vivens
4948 5553 5266 5607 sententiam
5317 5547 5530 5603 ultionis

3977 5657 4274 5715 exsereret,
4307 5649 4545 5703 moriens
4577 5655 4758 5703 autem
4788 5647 4867 5702 eis
4897 5645 5316 5701 misericorditer
5352 5641 5520 5698 indul-

4007 5750 4124 5796 eret
4143 5739 4166 5793 τ

4007 5757 4166 5796 ereti

3972 5757 4002 5811 8
4041 5827 4152 5892 Sed
4179 5829 4459 5890 sciendum
4508 5841 4588 5894 est
4633 5832 4759 5908 quia
4805 5848 4901 5905 per
4947 5845 5168 5904 regnum
5208 5826 5394 5898 Davrd,
5437 5822 5525 5898 qui
