5664 6622
693 416 794 475 629

1355 416 1597 478 orusc.
1645 413 1908 472 xxxvu.
1947 441 2019 454 -
2059 407 2146 466 ne
2188 403 2415 462 vanus
2454 404 2698 462 sacros
2739 388 3291 474 QUmsriomBus.

3841 401 3951 460 650

701 541 777 589 ιοι
813 533 1276 603 ρθτεεειιιῐοηῑδυε
1310 544 1366 590 ει
1387 533 1644 589 aerumnis
1691 532 1931 595 attritus,
1963 538 2041 584 tot
2066 519 2616 589 adver—Ajustiliam
2668 521 2890 575 indicat.
2931 520 3064 587 Quia
3115 535 3253 574 unus
3308 516 3561 587 idemque
3613 515 3952 586 Redemptor

670 611 676 619 ’
702 622 945 679 sitatibus
971 632 1028 678 et
1057 623 1253 695 inopiis
1280 639 1400 678 cum
1435 623 1548 678 suis
1574 621 2034 678 commilitonibus
2077 629 2158 675 est
2188 617 2266 672 af-

703 713 895 780 flictus,
937 716 1041 770 hoc
1085 731 1322 785 praesens
1367 715 1622 771 saeculum
1674 715 2003 786 designatur.
2057 713 2111 768 in
2159 727 2267 783 quo

703 820 819 860 cum
846 807 955 861 suis
983 807 1243 862 membris
1271 807 1517 862 Christus
1544 806 1816 878 afﬂigitur,
1850 806 2144 876 multisque
2168 806 2268 859 tri-

704 898 1062 954 bulationibus
1104 898 1339 955 Ecclesia
1375 901 1664 956 laceratur.
1689 899 1935 967 Regnum
1965 914 2094 953 vero
2121 898 2271 954 Salo-

704 991 894 1055 monis,
927 991 1021 1060 qui
1046 990 1249 1046 divitiis
1277 1001 1332 1046 et
1362 993 1532 1063 gloria
1562 999 1758 1047 cuncta
1807 991 2068 1062 regalium
2098 977 2271 1061 digni-

708 1087 875 1136 tatum
914 1080 1042 1149 jura
1089 1084 1440 1148 transcendit,
1481 1085 1665 1139 omnia
1713 1082 2030 1154 principalis
2058 1080 2272 1150 imperii

701 1172 911 1241 fastigia
936 1176 1233 1244 superavit,
1265 1175 1456 1230 futura:
1481 1176 1604 1232 vitae
1626 1176 1912 1232 denuntiat
1941 1175 2191 1247 gloriam,
2218 1174 2273 1228 in

705 1278 806 1335 qua
831 1266 1080 1322 Christus
1128 1281 1255 1323 vere
1276 1268 1534 1337 paciﬁcus
1566 1277 1769 1323 :eterna
1799 1283 1922 1322 cum
1949 1267 2064 1321 suis
2091 1266 2275 1336 quiete

703 1358 1016 1428 perfruitur,
1064 1373 1128 1414 ac
1167 1360 1402 1416 caelestis
1425 1360 1662 1416 convivii
1690 1359 1921 1431 dapibus
1951 1358 2275 1414 solemniter

704 1449 963 1518 epulatur.

774 1538 920 1594 Unus
945 1539 1130 1610 igitur,
1159 1542 1406 1612 idemque
1434 1542 1762 1613 Redemptor
1789 1549 1996 1608 noster,
2029 1550 2083 1598 et
2107 1541 2277 1615 648

705 1644 841 1684 nunc
862 1631 1034 1686 David
1063 1642 1170 1700 est,
1198 1642 1254 1689 et
1281 1643 1408 1688 tunc
1435 1632 1690 1689 Salomon
1719 1634 1854 1700 erit;
1884 1634 2007 1703 quia
2033 1641 2089 1688 et
2115 1636 2277 1689 modo

706 1729 954 1790 tauquam
995 1722 1319 1778 manufortis
1366 1739 1465 1793 per
1506 1725 1749 1779 membra
1799 1739 1895 1777 sua
1935 1731 2125 1798 contra
2156 1724 2278 1777 dia-

703 1809 876 1863 bolum
914 1827 1159 1881 pugnare
1197 1828 1302 1868 non
1350 1814 1547 1868 desinit
1583 1831 1596 1866 :
1630 1827 1684 1868 et
1726 1823 1877 1877 tunc,
1910 1814 2084 1883 sopita
2113 1827 2274 1882 pror-

703 1914 790 1954 sus
820 1903 965 1955 omni
1002 1903 1184 1958 carnis
1213 1915 1266 1957 et
1317 1905 1542 1973 spiritus
1570 1907 1966 1971 controversia,
1999 1921 2120 1960 cum
2151 1921 2275 1961 cor-

705 2004 828 2057 pore
865 2007 994 2058 suo,
1028 1994 1171 2061 quod
1215 2003 1296 2048 est
1340 1995 1600 2062 Ecclesia,
1651 2006 1708 2051 ut
1759 2014 1945 2053 revera
1990 1999 2270 2069 paciﬁcus,

701 2088 896 2136 aeterna
953 2084 1342 2153 tranquillitate
1407 2089 1679 2158 regnabit.
1742 2088 1894 2144 Nunc
1966 2093 2018 2146 in
2084 2093 2273 2147 electis

702 2170 849 2236 suis,
903 2173 1058 2241 quasi
1115 2173 1284 2229 David
1337 2175 1708 2232 calamitatum
1776 2180 2017 2236 fascibus
2073 2185 2276 2251 premi-

704 2267 810 2322 tur,
863 2264 1300 2329 persecutionum
1332 2281 1396 2320 ac
1423 2267 1652 2322 diversis
1693 2269 2082 2326 adversitatum
2122 2288 2276 2340 pres-

703 2351 842 2405 suris
865 2361 1111 2423 urgetur,
1144 2354 1580 2413 tribulationibus
1615 2369 1668 2414 ct
1694 2362 1950 2416 :erumnis
1976 2364 2268 2430 atteritur;

702 2443 1040 2508 postmodum
1087 2455 1343 2514 tauquam
1387 2446 1644 2503 Salomon
1690 2452 2010 2507 exuberanti
2057 2454 2273 2509 divitia-

704 2544 818 2586 rum
875 2534 1263 2590 immortalium
1306 2538 1460 2606 copia
1509 2539 1765 2608 potietur.
1819 2541 1971 2596 Nune
2013 2542 2201 2607 David,
2244 2559 2275 2598 a

703 2620 836 2680 facie
863 2626 1101 2684 Absalon
1133 2627 1367 2700 fugiens,
1414 2631 1599 2686 decem
1650 2633 1988 2688 concubinas
2027 2637 2084 2687 in
2116 2636 2277 2690 domo

703 2713 952 2786 relinquit
994 2717 1082 2790 (ΙΙ
1112 2718 1238 2790 Reg.
1274 2722 1388 2791 xv),
1423 2736 1558 2790 quas
1588 2722 1823 2779 Absalon
1867 2739 1963 2794 per
2008 2725 2277 2780 incestum

705 2807 925 2876 turpiter
949 2809 1151 2876 fmdat;
1179 2813 1304 2882 quia
1339 2814 1669 2882 Redemptor
1695 2823 1881 2870 noster
1917 2817 2044 2870 dum
2074 2816 2280 2885 eiectus

704 2894 767 2949 de
793 2898 1012 2954 civitate
1044 2898 1270 2956 Judaica
1309 2903 1363 2956 in
1402 2902 1677 2958 desertum
1708 2905 1951 2973 gentium
2001 2918 2279 2977 properat,

707 2986 1032 3058 relinquitin
1074 2993 1233 3046 domo
1268 2993 1402 3061 legis
1439 2991 1676 3059 Iudaeos,
1724 3011 1828 3050 non
1861 2997 2092 3052 viriliter
2135 2999 2284 3054 ince-

705 3075 905 3145 dentes,
955 3081 1054 3135 sed
1103 3083 1355 3137 muliebri
1406 3086 1820 3141 conversatione
1867 3088 2132 3142 viventes.
2178 3090 2283 3156 Qui

705 3165 954 3223 nimirum
983 3185 1084 3240 per
1105 3171 1290 3227 decem
1320 3175 1651 3229 concubinas
1684 3191 1793 3231 non
1820 3178 2118 3248 incongrue
2148 3179 2285 3250 ﬁgu—

707 3267 912 3326 rantur,
948 3263 1062 3331 qui,
1109 3263 1236 3318 dum
1275 3267 1548 3321 enerviter
1591 3269 1780 3323 decem
1829 3268 1965 3339 legis
2009 3283 2282 3341 praecepta

707 3353 1032 3419 custodiunt,
1057 3368 1164 3408 non
1192 3363 1402 3410 castum
1423 3357 1759 3412 matrimonii
1784 3368 2064 3414 merentur
2093 3376 2283 3416 ascen-

707 3442 828 3502 dere
859 3448 1189 3515 thalamum;
1222 3452 1338 3515 sed,
1387 3453 1594 3521 absque
1626 3451 1749 3509 ﬁdei
1799 3455 2136 3513 cohaerentes
2181 3473 2282 3512 an-

707 3536 859 3605 nulo,
915 3541 1219 3596 sortiuntur
1278 3557 1375 3612 pro
1435 3544 1686 3616 coniugio
1753 3547 2080 3616 pellicatum.
2138 3549 2284 3616 Quas

707 3626 934 3686 Absalon
982 3633 1274 3689 lasciviens
1307 3635 1530 3704 polluit,
1580 3638 1710 3706 quia
1755 3639 2026 3710 malignus
2061 3642 2284 3708 spiritus

711 3725 961 3790 reprobas
995 3727 1285 3794 impiorum
1334 3729 1558 3784 animas.
1582 3731 1739 3799 quasi
1766 3731 2140 3800 prostituendo
2167 3748 2285 3788 cor-

711 3820 920 3888 rumpit.
947 3819 1027 3873 De
1054 3821 1248 3889 quibus
1273 3823 1531 3891 scriptum
1560 3830 1643 3876 est
1674 3840 1687 3873 :
1720 3841 1736 3872 ι
1763 3821 1901 3889 Quia
1939 3823 2111 3878 David
2136 3833 2286 3893 post-

713 3912 920 3967 modum
967 3928 1074 3968 non
1100 3922 1184 3967 est
1220 3915 1490 3983 ingressus
1532 3917 1593 3968 ad
1623 3930 1737 3979 eas,
1777 3915 1869 3970 sed
1905 3923 2058 3970 erant
2085 3916 2284 3972 clausa:

712 4016 875 4069 usque
923 4005 976 4058 in
1031 4004 1172 4058 diem
1220 4005 1408 4058 mortis
1456 4019 1564 4058 sum
1624 4005 1678 4057 in
1735 4005 1997 4060 viduitate
2039 4007 2285 4062 viventes

713 4089 810 4157 (II
841 4091 964 4164 Reg.
1000 4095 1112 4160 xx}.
1145 4112 1163 4144 ‹
1217 4094 1577 4150 Perdiderunt
1623 4095 1764 4149 enim
1817 4097 2018 4159 virum,
2069 4098 2134 4151 de
2176 4112 2283 4166 quo

713 4197 804 4254 per
831 4186 1022 4240 Isaiam
1068 4185 1304 4240 dicitur:
1354 4205 1372 4236 ‹
1402 4185 1666 4251 Quoniam
1708 4197 2035 4257 acceperunt
2074 4196 2281 4256 septem

716 4274 958 4330 mulieres
987 4275 1164 4329 virum
1199 4292 1361 4330 unum.
1399 4275 1553 4346 (farti.
1585 4277 1682 4345 iv),
1716 4296 1733 4327 ι
1769 4277 1837 4332 de
1865 4279 2062 4346 quibus
2102 4289 2155 4332 et
2186 4294 2285 4348 per

717 4359 1048 4419 Salomonem
1094 4365 1288 4419 dicitur
1331 4385 1343 4418 :
1399 4385 1417 4416 ί
1467 4366 1603 4432 Quia
1631 4369 1984 4438 septingenta:
2023 4380 2149 4425 sunt
2198 4387 2284 4427 re-

717 4453 844 4521 ginae
873 4455 1007 4526 (24).
1038 4477 1055 4506 ι
1089 4456 1429 4526 Acceperunt
1458 4459 1640 4527 itaque
1665 4470 1869 4530 septem
1888 4501 1900 4524 ,
1933 4475 2051 4532 qum
2085 4463 2284 4518 amise-

2371 623 2572 675 noster,
2601 619 2657 663 et
2685 626 2824 663 nunc
2877 611 3034 680 quasi
3074 609 3242 662 David
3272 607 3628 677 reproborum
3655 606 3956 677 pravitates

2369 701 2746 771 aequanimiter
2771 701 2988 765 tolerat,
3033 709 3086 752 et
3113 698 3459 768 postmodum
3499 706 3754 766 tanquam
3804 696 3960 753 Salo-

2369 804 2495 843 mon
2520 791 2571 843 in
2604 790 2774 860 gloria
2825 806 2920 844 sua
2949 789 3173 844 veniens
3201 804 3295 844 eos
3324 788 3480 859 quasi
3525 788 3733 843 vibrato
3767 787 3962 858 judicii

2371 880 2453 936 sui
2487 896 2745 937 mucrone
2776 883 3026 937 trucidat.
3045 881 3171 936 Haec
3195 881 3475 936 alternitas
3504 881 3667 935 divini
3693 880 3964 936 examinis

2373 971 2684 1041 frequenter
2716 974 2770 1028 in
2823 974 3028 1028 eisdem
3061 973 3234 1028 David
3286 971 3630 1027 sermonibus
3666 971 3964 1037 invenitur,

2374 1061 2511 1115 sicut
2564 1061 2700 1115 ille:
2747 1082 2764 1114 ε
2801 1061 3235 1117 Misericordiam
3263 1102 3277 1126 ,
3332 1061 3549 1129 inquit,
3598 1068 3655 1114 et
3699 1059 3969 1130 judicium

2374 1151 2606 1206 cantabo
2633 1151 2749 1217 tibi,
2770 1152 2997 1207 Domine
3017 1148 3190 1222 (Paul.
3213 1150 3285 1222 (ι).
3317 1150 3430 1204 »ιΕι
3455 1169 3466 1203 :
3487 1169 3506 1202 ι
3538 1148 3970 1204 Misericordiam

2375 1251 2429 1298 et
2457 1243 2743 1299 veritatem
2771 1244 2944 1316 diligit
2967 1245 3111 1300 Deus
3143 1241 3320 1316 (Psal.
3368 1241 3622 1313 Lxxxm).
3653 1242 3968 1297 Misericor-

2377 1333 2462 1388 dia
2489 1341 2543 1387 et
2565 1335 2768 1390 veritas
2797 1335 3155 1390 obviaverunt
3185 1335 3288 1389 sibi
3318 1332 3493 1404 (Psal.
3536 1333 3781 1401 Lxxxrv).
3817 1351 3837 1384 ι
3876 1330 3972 1386 Sic

2375 1425 2558 1494 itaque
2585 1426 2710 1481 dum
2742 1427 3112 1482 misericordia
3154 1427 3398 1490 veritati,
3432 1426 3588 1495 quasi
3617 1424 3786 1480 David
3829 1439 3973 1495 prte-

2377 1517 2600 1584 ponitur
2630 1515 2950 1584 Salomoni,
3002 1527 3062 1572 ut
3101 1533 3239 1587 quos
3274 1518 3363 1588 pie
3409 1516 3579 1572 David
3620 1531 3716 1586 per
3761 1515 3974 1570 miseri-

2377 1606 2619 1660 COrdiam
2661 1609 2914 1670 sustinet,
2950 1605 3208 1662 Salomon
3251 1622 3349 1677 per
3373 1606 3642 1676 judicium
3662 1605 3810 1673 juste
3841 1618 3973 1660 con-

2379 1699 2617 1754 demnet.
2645 1697 2714 1753 Et
2740 1699 3034 1754 notandum
3059 1701 3203 1769 quod
3235 1715 3330 1769 per
3360 1699 3516 1764 Joab,
3547 1700 3638 1768 qui
3663 1700 3776 1754 suis
3796 1696 3974 1753 homi-

2383 1790 2584 1846 cidium
2633 1791 2882 1846 manibus
2931 1795 3298 1863 perpetravit,
3353 1793 3429 1848 illi
3476 1795 3831 1864 designantur
3876 1791 3977 1862 qui

2303 1870 2350 1930 B
2379 1881 2523 1935 mala
2549 1882 2799 1936 faciunt:
2832 1897 2931 1951 per
2976 1882 3156 1938 Semei
3204 1899 3334 1938 vero
3361 1926 3375 1951 ,
3428 1885 3520 1953 qui
3564 1885 3678 1957 regi
3733 1894 3978 1939 tantum-

2380 1974 2542 2030 modo
2586 1975 2964 2041 maledixerat,
2996 1976 3070 2029 illi
3110 1976 3324 2047 ﬁgurati
3371 1986 3497 2030 sunt
3558 1975 3650 2046 qui
3686 1990 3850 2046 prava
3895 1975 3978 2030 lo—

2381 2073 2639 2134 quuntur.
2675 2064 2807 2120 Nam
2839 2075 2894 2120 et
2947 2065 2983 2119 ii
3035 2067 3128 2135 qui
3165 2068 3415 2135 nequiter
3453 2075 3652 2135 agunt,
3697 2075 3751 2120 et
3776 2066 3852 2120 illi
3879 2065 3980 2135 qui

2381 2159 2720 2213 sermonibus
2760 2157 3005 2227 reprobis
3036 2174 3100 2212 ac
3137 2158 3290 2214 falsis
3321 2159 3601 2228 insistunt,
3633 2159 3691 2212 in
3720 2169 3980 2213 extrema

2383 2249 2736 2304 discussionis
2787 2244 3040 2304 examine
3087 2250 3278 2320 procul
3333 2249 3497 2305 dubio
3547 2251 3978 2318 damuabuntur,

2381 2341 2524 2394 sicut
2549 2336 2716 2413 649
2752 2343 2895 2395 idem
2919 2345 2996 2395 ait
3027 2361 3039 2394 :
3089 2362 3106 2392 ‹
3141 2341 3316 2397 Odisti
3343 2359 3534 2397 omnes
3563 2343 3656 2412 qui
3682 2353 3981 2410 operantur

2383 2431 2772 2501 iniquitatem;
2820 2434 3016 2503 perdes
3047 2449 3141 2490 eos
3183 2438 3274 2503 qui
3308 2436 3604 2504 loquuntur
3632 2435 3983 2490 mendacium

2384 2525 2554 2594 (Ptol.
2584 2527 2644 2596 ι).
2671 2547 2689 2577 ι
2714 2525 2819 2580 Sed
2852 2543 2920 2580 ne
2941 2526 3054 2593 jam
3080 2526 3325 2582 fortassis
3348 2527 3655 2597 epistolaris
3675 2526 3985 2595 compendii

2383 2613 2546 2666 limen
2575 2616 2824 2679 excedat,
2861 2617 3071 2671 calamo
3117 2611 3395 2670 silentium
3422 2619 3756 2686 imperamus
3777 2657 3794 2682 ,
3830 2630 3897 2669 ne
3925 2621 3983 2670 et

2385 2705 2486 2773 ipsi
2512 2707 2906 2777 redarguamur
2951 2708 3236 2776 indociles,
3269 2709 3396 2764 dum
3443 2719 3494 2763 te
3529 2707 3724 2764 docere
3750 2707 3979 2762 nitimur

2385 2806 2731 2863 quaestiones.

2736 3002 3386 3065 ARGUMENTATIO
3430 3003 3623 3066 ALIA

2633 3123 2711 3164 DE
2749 3124 2952 3166 VARUS
2985 3123 3200 3166 SACRIS
3236 3123 3736 3177 QUESTIONIBUS.

2314 3213 2362 3278 C
2391 3224 2788 3282 Ancuusuruu.
2811 3258 2881 3268 ——
2899 3227 3044 3283 Idem
3068 3227 3182 3282 fere
3206 3236 3582 3298 argumentum
3606 3238 3690 3284 est
3716 3227 3876 3298 hujus
3895 3246 3986 3286 ar-

2459 3299 2902 3368 gumentationis,
2941 3299 3084 3367 quod
3115 3299 3452 3367 superioris:
3495 3301 3630 3354 duas
3657 3300 3801 3354 cnim
3845 3301 3984 3358 alias

2459 3370 2526 3439 ab
2581 3369 2769 3439 eodem
2821 3369 3074 3423 Alberico
3132 3377 3355 3439 rogatus
3411 3369 3736 3439 quaestiones
3784 3371 3989 3431 enodat

2457 3438 2645 3492 beatus
2674 3437 2868 3492 Petrus
2897 3437 3215 3492 Damianus.

2457 3529 2729 3584 ALBERICO
2762 3529 2916 3583 fratri
2955 3528 3300 3594 charissima,
3337 3527 3555 3586 Parens
3583 3539 3838 3601 peccator
3863 3545 3989 3589 mo-v

2388 3623 2594 3677 nachus
2623 3621 2874 3677 salutem.

2957 3712 3330 3768 DUBITATIO
3376 3713 3419 3767 1.

2457 3802 2716 3858 Dubitare
2761 3811 2814 3856 te
2840 3802 3120 3872 perhibes,
3151 3802 3525 3868 dilectissime,
3559 3820 3657 3858 cur
3686 3820 3792 3860 non
3825 3808 3988 3864 modo

2389 3889 2686 3960 Scriptum
2714 3892 2928 3947 Veteris
2968 3891 3329 3956 Testamenti,
3373 3893 3467 3947 sed
3515 3902 3569 3947 et
3594 3893 3839 3964 plerique
3887 3897 3989 3952 do-

2389 3992 2566 4038 ctores
2589 3982 2860 4050 Ecclesiae,
2891 3984 3080 4039 decem
3121 3983 3402 4038 mensibus
3430 3995 3683 4039 asserunt
3709 3985 3993 4043 hominem

2390 4075 2444 4128 in
2473 4083 2716 4130 materno
2745 4084 2902 4130 utero
2927 4075 3259 4139 coalescere,
3295 4090 3393 4130 nec
3422 4075 3563 4130 intra
3602 4092 3794 4133 novem
3826 4093 3985 4132 men-

2388 4169 2525 4222 sium
2565 4171 2801 4240 spatium
2849 4168 3128 4229 fateantur
3161 4168 3332 4222 exire.
3397 4169 3474 4223 De
3525 4168 3739 4238 quibus,
3784 4185 3851 4224 ne
3889 4185 3990 4240 per

2387 4259 2556 4313 multa
2601 4275 2883 4330 vagemur,
2929 4257 3125 4315 sufﬁcit
3162 4260 3210 4315 si
3245 4275 3412 4314 unum
3443 4261 3707 4314 duntaxat
3747 4275 3990 4330 appona-

2387 4367 2508 4407 mus
2536 4353 2862 4423 exemplum.
2903 4352 2996 4407 Ait
3026 4353 3173 4407 enim
3208 4352 3264 4407 in
3308 4351 3447 4407 libro
3493 4351 3784 4421 Sapientiae
3831 4352 3987 4408 Salo-

2388 4459 2551 4498 mon:
2605 4462 2623 4494 ι
2669 4443 2800 4499 Sum
2829 4445 3049 4516 quidem
3079 4453 3136 4500 et
3177 4457 3279 4514 ego
3306 4443 3552 4497 mortalis
3588 4443 3750 4512 homo
3793 4443 3990 4500 similis

717 4555 835 4600 runt
860 4548 1062 4602 decem.
1097 4547 1380 4604 leesrcm
1428 4553 1621 4618 quippe
1665 4565 1924 4619 sponsum
1960 4562 2148 4608 sancta
2178 4555 2283 4609 sibi
2312 4536 2673 4640 ngnibusw
2735 4545 2789 4640 θξ
2842 4552 2911 4591 ex
2956 4550 3153 4606 genere
3199 4545 3416 4640 ‘ef’ei‘o
3479 4532 3624 4588 imus
3689 4533 3782 4602 qui
3833 4534 3986 4601 pri”

717 4639 1095 4695 confoederavit
1137 4639 1409 4704 Ecclesia,
1460 4641 1757 4708 septiformi
1799 4643 2005 4700 scilicet
2052 4645 2286 4716 Spiritus

717 4727 850 4785 dono
875 4731 1099 4800 repleta.
1129 4729 1299 4799 Quem
1338 4747 1595 4801 sponsum
1627 4749 1922 4807 synagoga,
1964 4753 2084 4806 quae
2113 4741 2286 4794 Deca-

719 4815 816 4888 logi
848 4824 1098 4876 mandata
1143 4833 1485 4893 perceperat,
1541 4826 1794 4892 perdidit,
1843 4828 2109 4898 viduaque
2157 4845 2284 4898 per-

721 4910 928 4972 mansit,
959 4913 1104 4980 quia,
1133 4915 1257 4967 dum
1303 4914 1356 4967 in
1397 4915 1556 4969 deme
1604 4919 1847 4973 consueti
1888 4918 2026 4972 ritus
2054 4930 2106 4974 ct
2134 4921 2283 4992 lega-

721 4996 846 5054 lium
905 5004 1346 5058 caeremoniarum
1414 5005 1757 5062 immobiliter
1819 5009 2090 5077 perstitit,
2161 5027 2285 5067 cum

719 5108 840 5164 rege
865 5096 1031 5153 David
1064 5099 1118 5152 in
1155 5098 1366 5153 deserta
1411 5099 1688 5170 gentilium
1727 5105 1875 5156 exire
1905 5103 2249 5172 contempsit.

787 5188 950 5245 David
984 5205 1112 5260 ergo
1145 5191 1328 5246 vivens
1360 5189 1554 5246 tolerat
1589 5207 1726 5263 quos
1765 5193 1816 5247 in
1867 5194 1972 5248 ﬁne
2024 5196 2282 5252 condem~

722 5286 826 5343 nat,
873 5281 1000 5350 quia
1035 5279 1203 5337 Iudex
1258 5283 1476 5337 humani
1529 5285 1741 5352 generis
1797 5284 2082 5353 Christus,
2123 5303 2285 5356 quem

726 5365 808 5422 ille
830 5369 1092 5440 signabat,
1125 5370 1230 5426 illis
1260 5387 1404 5427 nunc
1426 5373 1760 5428 misericordi
1770 5381 1848 5429 ter
1871 5377 2063 5444 parcit,
2091 5378 2286 5446 quibus

729 5456 777 5511 in
806 5461 908 5516 ﬁne
933 5463 1116 5517 saeculi
1144 5465 1466 5519 sententiam
1493 5463 1649 5534 iustae
1677 5465 2037 5522 damnationis
2079 5469 2285 5540 infligit.

729 5545 887 5606 David
940 5555 1120 5625 itaque
1193 5556 1617 5614 misericordiam
1673 5570 1973 5630 praerogat;
2033 5559 2289 5617 Sale-mon

933 5717 1276 5806 Illchtgaxi.‘
1306 5719 1418 5775 Hoc
1446 5733 1678 5806 non‘pe‘r
1718 5717 2071 5806 Salomo‘nem‘
2088 5719 2288 5806 dictum

728 5790 830 5854 αι,
856 5789 950 5844 sed
976 5804 1076 5859 per
1104 5789 1438 5862 Scriptor-am
1473 5791 1540 5848 de
1569 5789 1875 5848 Salomone.
1908 5789 2012 5847 Per
2039 5789 2282 5846 Salomo-

2394 4627 2568 4684 factus
2620 4636 2724 4696 est,
2764 4629 2821 4682 in
2865 4639 3054 4684 ventre
3099 4629 3290 4682 matris
3343 4628 3602 4697 ﬁguratus
3647 4642 3767 4682 sum
3816 4641 3985 4693 caro;

2390 4722 2576 4774 decem
2617 4719 2886 4773 mensium
2935 4727 3178 4788 tempore
3230 4718 3547 4788 coagulatus
3596 4731 3714 4770 sum
3763 4716 3820 4770 in
3861 4730 3988 4768 san-

2389 4813 2551 4884 guine
2593 4829 2659 4868 ex
2706 4815 2911 4866 semine
2967 4810 3204 4865 hominis
3246 4819 3304 4864 et
3351 4809 3746 4864 delectamento
3785 4806 3986 4863 somnii

2393 4903 2778 4966 convenientis,
2810 4912 2866 4955 et
2891 4916 2993 4974 ego
3022 4912 3182 4956 natus
3216 4904 3399 4970 accepi
3426 4912 3767 4956 communem
3801 4911 3988 4951 aerem

2396 4995 2550 5067 (Sep.
2583 4993 2718 5063 vn);
2754 5011 2773 5046 ι
2800 5007 2922 5048 cum
2953 5001 3007 5047 et
3033 4992 3225 5046 beatus
3245 4989 3482 5046 Joannes
3503 4988 3765 5060 Baptista,
3794 4994 3848 5040 et
3872 4987 3990 5055 ipse

2394 5098 2582 5143 auctor
2618 5094 2673 5142 et
2707 5086 2985 5141 institutor
3010 5092 3220 5140 natura}
3247 5083 3519 5148 Christus,
3548 5082 3626 5136 sic
3654 5080 3795 5134 intra
3825 5093 3990 5134 novev

2394 5181 2606 5234 narium
2635 5177 2746 5232 nati
2783 5176 2986 5231 fuerint
3015 5176 3284 5246 mensium
3318 5188 3556 5239 cursum,
3587 5179 3646 5226 ut
3672 5186 3739 5226 ex
3774 5171 3988 5226 decimo

2397 5286 2581 5326 mense.
2621 5286 2691 5328 ne
2723 5269 3102 5324 tenuissimum
3148 5269 3364 5339 quidem
3402 5264 3680 5336 attigerint
3719 5273 3983 5319 atomum.

2398 5362 2530 5416 Nam
2560 5359 2796 5416 Joannes
2829 5362 3049 5431 quidem
3075 5369 3368 5431 conceptus
3404 5367 3507 5425 est,
3542 5359 3681 5413 sicut
3706 5356 3984 5420 scribitur,

2394 5471 2492 5509 vni
2536 5452 2655 5508 Kal.
2707 5453 2988 5519 Octobris,
3045 5462 3099 5509 et
3148 5461 3307 5507 natus
3353 5461 3436 5507 est
3478 5467 3574 5506 Vlll
3621 5447 3989 5503 Kalendarum

2397 5551 2544 5607 Jutii.
2575 5549 2824 5604 Salvator
2854 5557 3035 5602 autem
3067 5554 3250 5602 noster
3280 5553 3572 5613 conceptus
3609 5550 3691 5598 est
3737 5540 3791 5595 in
3831 5547 3987 5592 utero

2393 5730 2524 5770 nem
2554 5723 2731 5769 autem
2772 5712 2970 5766 dicitur
3003 5730 3015 5763 :
3054 5710 3331 5780 sexaginta
3361 5714 3481 5763 sunt
3528 5703 3718 5774 reginw
3757 5709 3802 5750 et
3845 5705 3988 5749 octo-

2392 5789 2538 5858 ginta
2563 5784 2864 5842 concubime
2897 5781 3079 5848 (Cum.
3108 5785 3208 5849 vi).
