5664 6544
2312 447 2407 501 651

2768 446 2823 501 S.
2858 444 3053 502 PETRI
3093 444 3371 503 DAMIANI
3406 444 3554 503 OPP.
3598 442 3831 503 TOMUS
3874 439 4005 497 SEU
4044 441 4219 497 PARS
4257 441 4339 497 Ill.
4372 472 4442 484 --
4469 439 4829 502 OPUSCULA
4864 444 5091 500 VARIA.

5443 444 5541 501 632

2307 555 2555 629 virginali
2606 572 2701 611 vnt
2747 557 3102 613 Kalendarum
3147 560 3344 627 Aprili,
3395 568 3447 612 et
3490 569 3649 613 natus
3688 566 3768 610 est
3812 555 3877 609 ad
3909 556 3954 613 A
3982 568 4118 608 cem.
4162 553 4283 607 llrcc
4311 554 4525 609 interim
4558 558 4651 609 tibi
4693 557 4888 610 solutio
4917 572 5074 625 super
5102 556 5370 627 preposita
5398 572 5537 625 quae-

2308 650 2535 703 saluteni
2586 650 2767 703 mundi
2805 668 2895 705 vm
2930 653 3285 705 Kalendarum
3317 653 3572 705 Januarii.
3606 651 3661 703 ln
3690 649 3885 717 quibus

2305 740 2569 798 nimirum
2603 743 2844 812 utrisque
2893 744 3329 811 conceptionibus
3377 756 3425 799 et
3474 742 3881 805 nativitatibus;

2306 828 2447 883 servi
2485 830 2689 885 scilicet
2733 849 2795 887 ac
2835 834 3067 899 Domini,
3117 836 3193 888 sic
3241 852 3429 889 novem
3469 848 3680 887 menses
3726 848 3883 901 repe-

2304 919 2521 973 riuntur
2581 922 2813 991 impleti,
2870 934 2927 977 ut
2988 926 3181 979 decimi
3239 927 3535 980 nullatenus
3597 926 3884 979 videantur

2304 1009 2543 1079 incepti;
2596 1028 2900 1081 quanquam
2944 1016 2987 1069 si
3024 1016 3309 1085 diligenter
3341 1026 3548 1084 tempus
3594 1026 3882 1083 utrumque

2301 1102 2679 1169 perpenditur,
2720 1104 2927 1159 duobus
2958 1106 3144 1160 diebus
3192 1107 3391 1159 diutius
3427 1123 3589 1175 quam
3648 1106 3879 1161 Joannes

2299 1187 2444 1243 intra
2471 1200 2715 1246 materna
2754 1194 2959 1249 viscera
3003 1195 3261 1249 mansisse
3301 1196 3558 1251 Dominus
3587 1184 3873 1251 invenitur;

2298 1273 2433 1329 Cum
2468 1276 2631 1347 igitur
2658 1280 2898 1350 plerique
2949 1282 3191 1337 homines
3220 1284 3577 1350 lntra_novem
3612 1286 3875 1339 mensium

2299 1380 2516 1420 cursum
2556 1368 2755 1437 absque
2784 1371 2887 1425 ulla
2919 1388 3140 1441 prorsus
3169 1375 3520 1444 ambiguitate
3552 1384 3871 1440 nascantur;

2298 1457 2427 1526 quid
2453 1466 2535 1511 est
2564 1462 2703 1528 quod
2755 1476 2849 1529 per
2880 1463 3065 1517 decem
3098 1479 3312 1519 menses
3344 1465 3394 1518 in
3422 1475 3575 1519 utero
3603 1464 3874 1533 coagulari

2298 1559 2329 1598 a
2358 1545 2671 1603 doctoribus
2697 1551 3090 1617 perhibentur?

2365 1634 2472 1689 Sed
2502 1638 2553 1691 in
2585 1648 2843 1707 quantum
2877 1644 3033 1697 nobis
3055 1644 3213 1698 datur
3234 1645 3474 1714 intelligi,
3504 1659 3716 1698 menses
3738 1643 3874 1713 apud

2292 1736 2505 1783 veteres
2532 1732 2751 1801 triginta
2788 1738 3157 1789 tantummodo
3190 1738 3396 1790 dierum
3428 1753 3651 1791 numero
3681 1752 3877 1807 suppu-

2294 1820 2584 1887 tabantur;
2637 1826 2738 1879 ista
2788 1844 2916 1883 vero
2965 1831 3170 1899 regula,
3218 1847 3334 1900 quae
3365 1849 3505 1887 nunc
3548 1842 3779 1895 tenetur,
3816 1840 3874 1885 ut

3984 646 4154 698 stione
4208 644 4457 709 sulliciat,
4510 649 4677 702 donec
4730 650 4990 716 pctiorem
5049 658 5098 703 te
5144 664 5172 702 a
5221 650 5537 717 sapientibus

3984 735 4167 788 audire
4196 736 4492 807 contingat.

4532 828 4896 886 DUBlTATIO
4938 831 4999 885 ll.

4169 915 4247 969 De
4269 920 4351 971 die
4372 920 4627 988 passionis
4651 930 4699 973 et
4725 922 5113 975 resurrectionis
5146 921 5356 975 Christi.

4048 1008 4303 1064 Dubietas
4329 1012 4489 1065 etiam
4520 1012 4585 1065 de
4606 1013 4853 1080 passione
4876 1028 4936 1066 ac
4959 1013 5345 1066 resurrectione
5365 1008 5534 1064 Domi-

3979 1099 4122 1163 nica,
4156 1115 4273 1169 qua:
4308 1100 4551 1155 videlicet
4582 1102 4681 1156 hoc
4711 1118 4851 1157 anno
4879 1102 4947 1155 ita
4979 1119 5073 1172 per
5098 1103 5274 1156 omnia
5302 1102 5531 1163 veniunt.

3978 1190 4118 1242 sicut
4149 1200 4272 1244 tunc
4319 1190 4624 1259 specialiter
4670 1206 4791 1246 cum
4824 1192 5078 1245 Dominus
5114 1200 5197 1246 est
5234 1190 5532 1245 cruciﬁxus.

3976 1277 4209 1347 Inquiris
4231 1281 4371 1332 enim
4403 1289 4578 1334 utrum
4606 1297 4746 1344 raro,
4777 1297 4842 1336 an
4868 1283 5060 1336 crebro
5079 1282 5154 1337 sic
5183 1282 5413 1335 veniant.
5436 1278 5531 1332 Alii

3948 1366 4241 1436 'siquidem
4274 1386 4329 1424 se
4376 1386 4649 1439 nunquam
4690 1373 4790 1426 hoc
4822 1374 5050 1437 vidisse,
5094 1372 5180 1425 alii
5221 1371 5412 1439 saepius
5440 1370 5533 1423 hoc

3976 1460 4029 1513 in
4058 1461 4167 1513 vita
4212 1477 4305 1514 sua
4338 1464 4632 1531 contigisse
4663 1463 4987 1518 confirmant
5014 1481 5027 1526 ;
5074 1474 5127 1518 tu
5159 1478 5305 1528 vero,
5337 1463 5426 1531 qui
5452 1475 5535 1514 ve-

3977 1553 4155 1607 ritatis
4188 1556 4370 1609 studes
4413 1570 4534 1610 esse
4572 1556 4883 1624 discipulus,
4919 1565 5077 1610 tanta:
5110 1554 5353 1608 varietati
5386 1553 5534 1605 times

3978 1647 4233 1699 adbibere
4269 1650 4447 1711 tidem,
4489 1664 4555 1702 ne
4606 1648 4807 1702 scilicet
4837 1649 4888 1701 in
4926 1646 5388 1718 compugnantium
5421 1657 5535 1698 seno

3977 1738 4269 1790 tentiarum
4299 1740 4597 1793 traducaris
4628 1754 4867 1793 errorem

4050 1827 4152 1880 Sed
4196 1830 4407 1881 noveris
4442 1831 4725 1897 quoniam,
4758 1831 4809 1882 in
4840 1838 5094 1898 quantum
5140 1845 5203 1883 ex
5258 1827 5534 1881 traditione

2295 1907 2387 1962 alii
2434 1926 2647 1967 menses
2701 1916 2919 1986 triginta
2973 1922 3287 1975 contineant
3329 1924 3463 1987 dies,
3518 1924 3604 1977 alii
3656 1924 3871 1992 triginta
3901 1913 3947 1972 B
3976 1918 4388 1986 przecedentium
4444 1920 4764 1988 scriptorum
4816 1920 5063 1989 colligere
5108 1933 5406 1987 possumus:
5451 1916 5535 1970 hic

2288 2014 2479 2066 unum,
2512 2004 2578 2056 ab
2608 2004 2749 2059 illius
2781 2008 3015 2074 Romuli,
3049 2013 3141 2079 qui
3177 2012 3478 2067 Romanam
3522 2015 3709 2067 urbem
3745 2028 3872 2067 con-

2290 2088 2457 2155 didit,
2510 2094 2845 2152 institutione
2893 2101 3189 2155 descendit.
3242 2103 3500 2159 Romulus
3552 2105 3692 2156 enim
3746 2119 3867 2158 cum

2288 2179 2454 2243 acris,
2484 2182 2577 2235 sed
2605 2187 2831 2252 agrestis
2857 2188 3020 2257 65o
3047 2200 3189 2243 esset
3214 2192 3434 2259 ingenii,
3469 2194 3592 2247 dum
3623 2194 3782 2261 erepti
3806 2207 3868 2245 ac

2286 2268 2411 2321 novi
2441 2278 2639 2325 statum
2669 2276 2946 2331 ordinaret
2992 2280 3222 2349 imperii,
3262 2282 3408 2335 illum
3440 2283 3579 2337 diem
3610 2284 3868 2354 cujusque

2288 2360 2494 2414 mensis
2522 2367 2881 2422 constituebat
2916 2371 3149 2437 initium,
3186 2375 3236 2427 in
3268 2390 3373 2442 quo
3403 2392 3551 2431 nova:
3581 2377 3719 2431 lume
3747 2394 3871 2433 con-

2286 2448 2519 2515 spiceret
2555 2463 2777 2522 ortum;
2819 2470 2877 2511 ut
2926 2460 3015 2515 ille
3058 2465 3394 2530 potissimum
3438 2468 3553 2521 dies
3602 2468 3867 2522 Kalendas

2286 2540 2556 2609 efﬁceret,
2602 2562 2707 2616 quo
2761 2565 2898 2605 nova
2948 2553 3070 2607 luna
3127 2558 3377 2621 primitus
3425 2558 3707 2613 illuxisset.
3759 2560 3865 2613 Sed

2285 2632 2412 2699 quia
2437 2637 2593 2691 modo
2629 2641 2852 2706 tardius,
2892 2645 3052 2697 modo
3086 2646 3313 2699 celerius
3347 2650 3464 2700 luna
3498 2651 3668 2702 videri
3709 2649 3862 2711 solet,

2282 2723 2505 2792 contigit
2531 2735 2587 2777 ut
2610 2743 2729 2780 cum
2765 2731 2971 2784 tardius
3001 2736 3266 2801 apparuit,
3304 2737 3610 2802 prtecedens
3663 2738 3862 2791 mensis

2279 2813 2479 2881 plures,
2513 2832 2634 2871 cum
2667 2834 2795 2873 vero
2824 2822 3079 2883 celerius.
3110 2826 3222 2878 dies
3254 2830 3525 2895 acciperet
3554 2830 3861 2896 pauciores.

2286 2901 2438 2957 Unde
2487 2904 2683 2960 factum
2720 2919 2799 2963 est
2831 2920 2889 2964 ut
2930 2913 3018 2965 alii
3058 2930 3271 2968 menses
3302 2917 3520 2985 triginta
3556 2934 3740 2981 unum,
3774 2919 3863 2973 alii

2280 2990 2499 3059 triginta
2528 2994 2639 3047 dies
2678 3001 3045 3053 tantummodo
3082 3004 3425 3057 sortirentur.
3458 3004 3586 3070 Qua:
3615 3006 3865 3061 videlicet

2278 3080 2461 3150 regula
2484 3099 2623 3138 nunc
2646 3086 2698 3138 in
2728 3090 3105 3156 supputatione
3130 3094 3417 3157 mensium,
3444 3103 3501 3145 ut
3526 3094 3859 3161 (zonjicimus,

2280 3172 2422 3241 apud
2460 3189 2559 3227 nos
2588 3191 2649 3228 ex
2681 3178 2821 3230 illius
2849 3179 3182 3235 institutione
3223 3193 3453 3239 tenetur.

3975 2008 4265 2062 Dominica:
4298 2009 4563 2076 passionis
4616 2007 4870 2062 articulus
4892 2050 4905 2074 ,
4939 2022 5003 2061 ex
5047 2023 5109 2062 eo
5143 2019 5375 2077 tempore
5432 2018 5534 2075 quo

3973 2098 4231 2151 Dominus
4274 2112 4357 2153 est
4404 2100 4456 2152 in
4493 2113 4653 2153 cruce
4700 2115 5012 2169 suspensus,
5065 2099 5219 2169 651
5270 2110 5532 2167 nunquam

3971 2189 4043 2242 ita
4079 2204 4262 2241 rursus
4308 2190 4487 2242 evenit
4516 2189 4616 2241 nisi
4648 2190 4831 2252 semel,
4872 2197 4923 2241 et
4956 2202 5096 2242 nunc
5122 2187 5353 2241 secundo
5388 2201 5536 2255 repe-

3971 2279 4120 2330 titur.
4155 2278 4282 2332 Post
4308 2281 4609 2347 passionem
4642 2280 4836 2349 quippe
4875 2279 5085 2333 Domini
5115 2278 5532 2348 quingentesimo

3970 2366 4248 2436 trigesimo
4305 2369 4464 2421 tertio
4507 2383 4645 2421 anno
4695 2366 4962 2436 paschalis
5005 2366 5310 2421 solemnitas
5350 2366 5533 2421 eodem

3971 2474 4175 2521 mense,
4210 2468 4261 2511 et
4288 2460 4395 2519 die,
4436 2468 4488 2513 et
4526 2459 4669 2522 luna,
4698 2460 4991 2527 eodemque
5034 2468 5398 2523 concurrente,
5445 2457 5531 2527 qui

3970 2552 4176 2617 primus
4208 2550 4427 2618 quintus
4453 2560 4553 2613 est,
4584 2550 4824 2620 contigit,
4855 2551 5047 2619 quibus
5067 2551 5240 2620 primo
5262 2565 5408 2606 novre
5437 2550 5536 2605 Do-

3970 2640 4181 2693 minica:
4252 2640 4663 2693 resurrectionis
4736 2655 4875 2693 anno
4925 2640 5259 2709 contigerat;
5318 2649 5370 2694 et
5435 2640 5533 2695 hoc

3967 2743 4107 2780 anno
4157 2728 4403 2781 similiter
4452 2728 4529 2793 ﬁt,
4566 2738 4622 2782 ut
4673 2729 4725 2782 in
4763 2745 4926 2782 unum
4970 2741 5157 2783 cuncta
5190 2739 5526 2784 concurrant.

3970 2817 4120 2871 Sicut
4148 2820 4289 2870 enim
4320 2826 4444 2873 tunc
4474 2834 4593 2872 cum
4628 2820 4882 2874 Dominus
4916 2830 5202 2889 pateretur,
5241 2832 5295 2874 et
5338 2822 5532 2876 mensis

3966 2916 4082 2960 erat
4113 2908 4359 2967 Martius,
4403 2918 4457 2961 et
4498 2910 4611 2963 dies
4654 2925 4682 2962 a
4742 2910 4993 2964 Kalendis
5038 2912 5233 2979 Aprilis
5285 2923 5527 2977 octavus,

3967 2998 4100 3053 feria
4141 3010 4254 3052 crat
4306 3009 4477 3063 sexta,
4531 3011 4583 3055 et
4632 3001 4756 3055 luna
4800 3003 5003 3055 decima
5043 3013 5259 3070 quarta;
5321 3004 5390 3058 ita
5440 3019 5531 3073 per

3967 3091 4171 3155 omnia,
4213 3100 4263 3144 ct
4290 3092 4717 3159 quingentesimo
4742 3093 5014 3161 trigesimo
5044 3094 5198 3146 tertio
5228 3108 5364 3146 anno
5391 3105 5532 3163 post-

3948 3182 4178 3233 ‘modum
4208 3184 4455 3249 contigit,
4482 3193 4535 3234 et
4564 3183 4663 3237 hoc
4688 3198 4847 3246 anno,
4872 3186 4959 3251 qui
4992 3184 5299 3236 millesimus
5321 3199 5532 3255 sexage-

2350 3260 2457 3316 Scd
2487 3266 2738 3332 quoniam
2777 3269 2917 3322 hanc
2962 3273 3175 3339 gentilis
3216 3274 3447 3327 hominis
3496 3276 3753 3344 regulam,
3798 3284 3854 3330 ut
3887 3254 3930 3315 (Σ
3964 3272 4131 3324 simus
4173 3272 4394 3339 quintus
4436 3280 4549 3336 est,
4596 3272 4843 3327 similiter
4890 3274 5053 3327 venit.
5109 3272 5526 3344 Composuerunt

2276 3352 2435 3409 nobis
2458 3355 2687 3421 videtur,
2714 3369 2925 3415 veteres
2955 3365 3125 3417 sancti
3150 3380 3255 3419 non
3288 3376 3595 3433 tenuerant,
3619 3370 3854 3424 tricenos

2276 3445 2612 3501 solummodo
2641 3450 2755 3504 dies
2784 3452 3007 3523 singulis
3034 3456 3333 3525 quibusque
3377 3462 3653 3514 mensibus
3688 3462 3855 3516 ascri-

2274 3534 2494 3589 behant.
2532 3538 2684 3593 Unde
2715 3540 2943 3597 sulliciat
2986 3545 3160 3612 nobis,
3202 3556 3258 3599 ut
3312 3550 3471 3603 unius
3502 3550 3738 3605 doctoris
3775 3551 3855 3605 in-

2277 3640 2522 3683 seramus
2580 3632 2896 3700 exemplum.
2962 3632 3162 3692 Beatus
3228 3638 3465 3707 loquitur
3518 3642 3854 3711 Augustinus

2276 3715 2390 3785 (lib.
2438 3734 2489 3772 tv
2525 3718 2601 3773 De
2633 3721 2844 3787 Trinit.,
2885 3739 3003 3793 cap.
3037 3728 3109 3790 5;
3156 3737 3211 3779 et
3259 3730 3353 3781 lib.
3390 3747 3595 3785 Lxxxm
3627 3732 3851 3799 Quam,

2275 3818 2465 3875 quaest.
2498 3800 2619 3879 56):
2649 3811 2998 3882 quadraginta
3033 3825 3087 3869 et
3120 3833 3214 3870 sex
3237 3820 3389 3873 annis
3419 3822 3743 3876 aediﬁcatum
3774 3832 3856 3877 est

2274 3897 2535 3967 templum
2548 3900 2668 3964 hoc,
2688 3912 2740 3955 et
2755 3911 2805 3954 tu
2825 3905 2875 3956 in
2896 3906 3071 3984 triduo
3086 3906 3211 3961 illud
3232 3910 3555 3963 reeditlcas?
3569 3910 3751 3981 (Joan.
3770 3912 3853 3984 ll.)

2277 3987 2379 4055 Qui
2406 3990 2654 4047 videlicet
2683 4010 2936 4050 numerus
2960 3981 3003 4051 si
3026 4013 3121 4067 per
3141 4001 3412 4053 senarium
3438 4002 3672 4065 ducitur,
3697 4020 3857 4058 omne

2277 4086 2491 4147 tempus
2528 4095 2632 4146 quo
2664 4081 2923 4138 Dominus
2976 4086 3027 4138 in
3076 4088 3263 4141 matris
3316 4098 3471 4144 utero
3515 4093 3715 4145 mansit
3750 4092 3852 4145 im-

2274 4170 2469 4237 pletur.
2508 4170 2643 4225 Nam
2670 4176 2989 4246 quadragies
3022 4180 3196 4233 sexies
3216 4182 3361 4246 seni,
3394 4183 3612 4235 ducenti
3648 4192 3858 4251 septua-

2277 4258 2421 4325 ginta
2459 4274 2552 4313 sex
2584 4261 2699 4315 dies
2736 4264 2891 4328 ﬁunt,
2934 4267 3024 4333 qui
3069 4268 3277 4323 dierum
3333 4286 3591 4325 numerus
3627 4273 3857 4343 complet

2277 4360 2470 4399 novem
2502 4364 2731 4415 menses,
2768 4360 2821 4404 et
2859 4369 2953 4408 sex
3001 4356 3156 4420 dies;
3187 4360 3275 4427 qui
3310 4360 3559 4416 videlicet
3599 4371 3854 4431 tanquam

2276 4433 2459 4489 decem
2503 4453 2714 4494 menses
2751 4443 3084 4509 parientibus
3129 4444 3344 4501 feminis
3394 4448 3746 4519 imputantur.
3795 4452 3855 4507 In

2278 4527 2473 4593 quibus
2494 4529 2746 4583 nimirum
2772 4535 2951 4587 verbis
2986 4534 3356 4591 indubitanter
3384 4541 3689 4595 ostenditur
3711 4545 3854 4611 quod

3958 3371 4137 3415 autem
4180 3363 4486 3430 paschalem
4524 3379 4738 3418 cursum
4771 3372 5001 3433 quatuor
5027 3365 5218 3419 eruditi
5248 3367 5369 3431 viri,
5400 3366 5525 3437 Hip-

3956 3452 4194 3521 polytus,
4247 3452 4539 3517 Eusebius,
4594 3452 4920 3523 Theophilus
4967 3464 5021 3509 et
5070 3453 5348 3524 Prosper:
5412 3467 5529 3527 post

3957 3558 4092 3611 quos
4126 3543 4394 3615 Victorius
4443 3545 4661 3597 natione
4698 3546 5015 3613 Aquitanus,
5043 3546 5528 3615 scrupulosissimus

3955 3635 4205 3688 videlicet
4235 3636 4547 3701 calculator,
4590 3647 4807 3705 rogatus
4838 3654 4867 3691 a
4912 3649 5100 3693 sancto
5143 3639 5341 3694 Hilario
5386 3641 5529 3699 urbis

3956 3724 4141 3779 Roma:
4176 3726 4449 3795 episcopo,
4496 3741 4607 3780 rem
4648 3726 4953 3795 diligentius
5000 3728 5334 3792 instauravit,
5384 3746 5529 3784 eum-

3956 3814 4188 3884 demque
4225 3830 4441 3870 cursum
4487 3815 4793 3871 cautissima
4837 3817 4967 3874 satis
5002 3818 5339 3888 iudagatione
5385 3834 5527 3875 com-

3955 3904 4155 3973 posuit.

4026 3991 4287 4049 Produxit
4331 3996 4513 4065 itaque
4541 4011 4802 4051 annorum
4850 3996 5015 4051 series
5047 4013 5211 4065 usque
5262 3998 5326 4051 ad
5359 4014 5525 4056 annos

3956 4084 4279 4157 quingentos
4312 4086 4530 4157 triginta
4563 4087 4733 4141 duos:
4767 4088 4836 4141 ita
4871 4097 4930 4142 ut
4971 4089 5393 4158 quingentesimo
5434 4094 5526 4147 tri-

3956 4173 4160 4242 gesimo
4211 4175 4369 4228 tertio
4414 4191 4575 4241 anno,
4621 4177 4931 4232 solemnitas
4984 4179 5247 4246 paschalis
5288 4180 5523 4251 incipiat,

3956 4262 4142 4316 eodem
4172 4264 4378 4317 scilicet
4413 4280 4615 4330 mense,
4650 4266 4751 4333 die,
4787 4266 4942 4333 feria,
4973 4276 5027 4321 et
5070 4267 5209 4335 luna,
5238 4271 5526 4339 eodemque

3955 4362 4327 4419 concurrente,
4357 4356 4553 4423 quibus
4583 4357 4757 4425 primo
4786 4372 4926 4410 anno
4958 4357 5239 4411 Dominicac
5268 4360 5527 4427 passionis

3955 4457 4018 4496 ac
4047 4446 4455 4499 resurrectionis
4485 4446 4753 4501 illuxerat.
4793 4446 4905 4502 Hoc
4930 4448 5089 4501 etiam
5116 4464 5274 4513 anno,
5319 4450 5371 4503 in
5420 4466 5525 4521 quo

3954 4547 4100 4587 nunc
4123 4534 4373 4598 vivimus,
4401 4535 4467 4589 ad
4486 4538 4733 4591 eumdem
4756 4538 4997 4591 ordinem
5025 4538 5295 4593 Dominica
5322 4544 5521 4609 passio,

2278 4614 2493 4682 triginta
2518 4617 2852 4675 solummodo
2882 4622 2996 4676 dies
3026 4625 3323 4694 quibusque
3369 4628 3642 4685 mensibus
3682 4634 3851 4687 ascri-
3878 4618 3929 4677 Ῑ)
3954 4637 4073 4691 (lu-'9
4098 4624 4356 4691 ροειτῖιιίο
4395 4626 4515 4680 θεῖε]

3276 4642 3323 4681 ιθ
3369 4628 3642 4685 mensibus
3682 4634 3851 4687 θεαί-
3878 4618 3929 4677 Ι)
3954 4637 4073 4691 qua:
4098 4624 4356 4691 postridie
4395 4626 4708 4681 celebranda
4747 4637 4851 4691 est,
4883 4630 5055 4683 redire
5086 4631 5338 4686 videmus.
5377 4634 5510 4689 Dum

2280 4702 2499 4757 buntur.
2546 4707 2784 4778 Triginta
2836 4715 3031 4783 quippe
3076 4717 3119 4767 si
3170 4718 3355 4771 novies
3405 4720 3847 4789 multiplicentur,

2278 4792 2491 4847 ducenti
2528 4799 2862 4867 septuaginta
2906 4802 3058 4855 ﬁunt.
3094 4804 3149 4857 ln
3186 4806 3428 4862 ducentis
3472 4826 3600 4879 ergo
3640 4823 3850 4881 septua-

2278 4882 2422 4948 ginta
2476 4884 2796 4941 tricenarius
2853 4906 3106 4945 numerus
3160 4897 3344 4951 novies
3396 4899 3704 4967 invenitur,
3760 4906 3859 4973 qui.

2275 4968 2426 5035 juxta
2457 4975 2596 5028 beati
2618 4978 2852 5034 doctoris
2883 4983 3039 5050 hujus
3070 4988 3450 5054 testimonium,
3480 5008 3673 5047 novem
3700 4968 3854 5051 men-

2279 5076 2365 5115 ses
2415 5062 2588 5129 tiunt;
2621 5072 2856 5138 quinque
2896 5089 3024 5128 vero
3054 5076 3165 5131 dies
3200 5080 3289 5147 qui
3333 5082 3536 5135 residui
3580 5093 3723 5149 sunt,
3754 5100 3850 5155 pro

2282 5152 2490 5209 decimo
2539 5172 2723 5212 mense
2771 5164 3119 5231 accipiuntur.
3168 5168 3298 5222 Cum
3347 5172 3512 5240 igitur
3558 5175 3701 5241 apud
3754 5152 3853 5230 nos

2286 5256 2487 5311 septem
2530 5263 2740 5304 menses
2782 5253 2888 5305 sint
2954 5269 3177 5321 quorum
3211 5262 3581 5331 unusquisque
3634 5264 3851 5333 triginta

2283 5347 2446 5387 unum
2478 5335 2592 5391 dies
2634 5338 2848 5405 habeat,
2899 5344 3153 5413 aliquanti
3202 5350 3313 5404 dies
3356 5352 3493 5420 apud
3531 5361 3736 5409 veteres
3787 5356 3852 5410 de

2286 5438 2475 5478 novem
2520 5430 2788 5486 mensibus
2831 5436 3341 5507 superabant;quos
3390 5444 3591 5511 utique,
3640 5456 3847 5513 partem
3884 5442 3885 5445 “

2282 5529 2379 5583 pro
2416 5526 2527 5573 toto
2556 5534 2833 5588 ponentes,
2864 5542 2962 5595 pro
2994 5530 3203 5583 decimo
3234 5545 3414 5587 mense
3443 5540 3848 5604 computabant.

2287 5607 2417 5662 Cum
2445 5624 2574 5681 ergo
2610 5615 2841 5669 minores
2878 5629 3030 5673 erant
3070 5637 3281 5677 menses
3312 5627 3630 5692 quantitate,
3671 5630 3852 5698 plures

2292 5698 2602 5755 dicebantur
2629 5703 2680 5756 in
2712 5705 3132 5766 dinumeratione
3159 5728 3174 5778 ;
3208 5723 3267 5766 ut
3292 5731 3427 5783 quos
3456 5734 3597 5771 nunc
3625 5719 3850 5776 dicimus

2291 5803 2506 5861 novem,
2537 5799 2682 5861 tunc,
2728 5807 2881 5868 parte
2926 5815 3024 5870 pro
3058 5810 3168 5859 toto
3197 5805 3392 5875 posita,
3424 5800 3729 5865 dicerentur
3756 5811 3848 5867 de-

3952 4712 4117 4781 igitnr
4136 4714 4295 4785 652
4325 4730 4493 4771 annus
4524 4718 4622 4771 iste
4653 4719 4882 4786 primum
4912 4720 5055 4775 illum
5085 4722 5370 4778 Dominica:
5399 4741 5522 4795 pas-

3952 4802 4119 4856 sionis
4158 4819 4221 4859 ac
4271 4807 4680 4863 resurrectionis
4726 4810 4971 4864 ordinem
5019 4822 5285 4879 renovat,
5334 4816 5521 4883 procul

3954 4895 4138 4958 dubio,
4178 4910 4296 4979 cum
4339 4896 4455 4963 illa,
4506 4914 4666 4967 quam
4706 4899 4966 4965 diximus,
5017 4902 5237 4979 \fjctorii
5285 4904 5520 4957 calcula-

3952 4989 4096 5042 tione
4126 4970 4434 5045 concordat.
4471 4992 4691 5047 Interim
4724 5009 4871 5060 vero,
4895 4997 5017 5049 dum
5043 5011 5126 5050 res
5168 4998 5339 5050 valeat
5390 5014 5518 5052 cnu-

3956 5078 4177 5136 cleatius
4222 5082 4449 5148 discuti,
4502 5085 4632 5151 hac,
4694 5086 5004 5143 charissime
5052 5088 5245 5157 frater,
5294 5102 5517 5163 uterque

3956 5169 4120 5225 simus
4147 5174 4411 5228 solutione
4435 5175 4690 5229 contenti.

4026 5262 4133 5317 Hoc
4167 5274 4341 5320 tamen
4376 5266 4497 5321 nolo
4536 5276 4585 5322 te
4630 5268 4791 5323 lateat
4824 5271 5093 5341 quoniam,
5139 5274 5237 5329 hoc
5266 5276 5511 5343 prasenti

3955 5354 4188 5420 paschali
4244 5355 4579 5412 solemnitate
4630 5370 4879 5429 peracta,
4934 5364 5271 5433 nonagesimo
5329 5366 5513 5435 quinto

3956 5458 4093 5499 anno
4132 5447 4383 5501 similiter
4405 5446 4608 5503 Pascha
4640 5452 4839 5515 veniet,
4872 5454 5121 5509 omnibus
5146 5455 5228 5510 his
5257 5456 5310 5511 in
5349 5474 5507 5512 unum

3956 5539 4412 5603 convenientibus,
4444 5556 4625 5596 mense
4657 5543 4920 5609 videlicet,
4959 5546 5060 5609 die,
5094 5544 5242 5609 feria,
5273 5555 5328 5600 ct
5361 5545 5507 5611 luna,

3954 5635 4005 5679 et
4033 5628 4215 5693 quinto
4244 5640 4616 5697 concurrente,
4655 5633 4743 5701 qui
4778 5644 4955 5687 tamen
5001 5635 5261 5688 bissextus
5305 5644 5405 5699 est,
5456 5645 5510 5691 et

3952 5728 4161 5788 epacta,
4201 5729 4255 5777 et
4282 5737 4438 5777 versu
4476 5725 4610 5795 cycli
4654 5726 5162 5783 decemnovennalis.
5195 5725 5320 5782 Post
5348 5727 5507 5796 quin—

3955 5819 4069 5869 tum
4100 5824 4512 5873 conicurrentem
4539 5816 4857 5889 bissextum,
4886 5817 5245 5878 ducentesimo
5272 5814 5501 5889 quadra-
