  <div class='ocr_page' id='page_1' title='image "/cluster/home/n/w/nwhite01/storage/ocr_20150623/144-145/uc1.31175001639262/856.png"; bbox 0 0 5664 6630; ppageno 0'>
   <div class='ocr_carea' id='block_1_1' title="bbox 738 425 3990 490">
    <p class='ocr_par' dir='ltr' id='par_1_1' title="bbox 738 425 3990 490">
     <span class='ocr_line' id='line_1_1' title="bbox 738 425 3990 490; baseline -0 -3"><span class='ocrx_word' id='word_1_1' title='bbox 738 428 837 488; x_wconf 74' lang='lat'><strong>653</strong></span> <span class='ocrx_word' id='word_1_2' title='bbox 1363 428 1603 488; x_wconf 83' lang='lat' dir='ltr'><strong>OPUSC.</strong></span> <span class='ocrx_word' id='word_1_3' title='bbox 1648 428 1929 487; x_wconf 76' lang='lat' dir='ltr'><strong>XXXVIII.</strong></span> <span class='ocrx_word' id='word_1_4' title='bbox 1970 463 2039 474; x_wconf 88' lang='lat'><strong>-—</strong></span> <span class='ocrx_word' id='word_1_5' title='bbox 2076 434 2161 487; x_wconf 85' lang='lat' dir='ltr'><strong>DE</strong></span> <span class='ocrx_word' id='word_1_6' title='bbox 2213 431 2681 490; x_wconf 80' lang='lat' dir='ltr'><strong>PROCESSIONE</strong></span> <span class='ocrx_word' id='word_1_7' title='bbox 2720 429 3034 490; x_wconf 78' lang='lat' dir='ltr'><strong>SPIBITUS</strong></span> <span class='ocrx_word' id='word_1_8' title='bbox 3074 432 3337 490; x_wconf 78' lang='lat' dir='ltr'><strong>SANCTI.</strong></span> <span class='ocrx_word' id='word_1_9' title='bbox 3884 425 3990 487; x_wconf 64' lang='grc' dir='ltr'><strong>δδι</strong></span> 
     </span>
    </p>
   </div>
   <div class='ocr_carea' id='block_1_2' title="bbox 735 546 3986 619">
    <p class='ocr_par' dir='ltr' id='par_1_2' title="bbox 735 546 3986 619">
     <span class='ocr_line' id='line_1_2' title="bbox 735 546 3986 619; baseline 0 -20"><span class='ocrx_word' id='word_1_10' title='bbox 735 549 933 617; x_wconf 77' lang='lat' dir='ltr'><strong>gesitno</strong></span> <span class='ocrx_word' id='word_1_11' title='bbox 962 546 1191 616; x_wconf 87' lang='lat' dir='ltr'><strong>septimo</strong></span> <span class='ocrx_word' id='word_1_12' title='bbox 1216 561 1375 611; x_wconf 89' lang='lat' dir='ltr'><strong>anno,</strong></span> <span class='ocrx_word' id='word_1_13' title='bbox 1412 547 1662 601; x_wconf 88' lang='lat' dir='ltr'><strong>similiter</strong></span> <span class='ocrx_word' id='word_1_14' title='bbox 1688 547 1951 615; x_wconf 78' lang='lat' dir='ltr'><strong>paschalis</strong></span> <span class='ocrx_word' id='word_1_15' title='bbox 1991 547 2300 601; x_wconf 77' lang='lat' dir='ltr'><strong>solemnitas</strong></span> <span class='ocrx_word' id='word_1_16' title='bbox 2331 554 2377 611; x_wconf 85' lang='grc' dir='ltr'><strong>Α</strong></span> <span class='ocrx_word' id='word_1_17' title='bbox 2406 564 2532 619; x_wconf 90' lang='lat' dir='ltr'><strong>ceps</strong></span> <span class='ocrx_word' id='word_1_18' title='bbox 2558 558 2781 603; x_wconf 88' lang='lat' dir='ltr'><strong>ventura</strong></span> <span class='ocrx_word' id='word_1_19' title='bbox 2807 558 2909 611; x_wconf 87' lang='lat' dir='ltr'><strong>est,</strong></span> <span class='ocrx_word' id='word_1_20' title='bbox 2943 559 2999 602; x_wconf 89' lang='lat' dir='ltr'><strong>ut</strong></span> <span class='ocrx_word' id='word_1_21' title='bbox 3027 549 3205 603; x_wconf 84' lang='lat' dir='ltr'><strong>omnia</strong></span> <span class='ocrx_word' id='word_1_22' title='bbox 3231 548 3317 601; x_wconf 84' lang='lat' dir='ltr'><strong>illa</strong></span> <span class='ocrx_word' id='word_1_23' title='bbox 3350 546 3506 601; x_wconf 83' lang='lat' dir='ltr'><strong>simul</strong></span> <span class='ocrx_word' id='word_1_24' title='bbox 3533 554 3854 616; x_wconf 88' lang='lat' dir='ltr'><strong>congruant,</strong></span> <span class='ocrx_word' id='word_1_25' title='bbox 3887 547 3986 601; x_wconf 87' lang='lat' dir='ltr'><strong>hoc</strong></span> 
     </span>
    </p>
   </div>
   <div class='ocr_carea' id='block_1_3' title="bbox 731 637 2303 706">
    <p class='ocr_par' dir='ltr' id='par_1_3' title="bbox 731 637 2303 706">
     <span class='ocr_line' id='line_1_3' title="bbox 731 637 2303 706; baseline 0.001 -14"><span class='ocrx_word' id='word_1_26' title='bbox 731 648 953 693; x_wconf 87' lang='lat' dir='ltr'><strong>ventura</strong></span> <span class='ocrx_word' id='word_1_27' title='bbox 1005 648 1129 702; x_wconf 87' lang='lat' dir='ltr'><strong>est;</strong></span> <span class='ocrx_word' id='word_1_28' title='bbox 1179 647 1234 691; x_wconf 89' lang='lat' dir='ltr'><strong>et</strong></span> <span class='ocrx_word' id='word_1_29' title='bbox 1276 637 1613 706; x_wconf 79' lang='lat' dir='ltr'><strong>postmodum</strong></span> <span class='ocrx_word' id='word_1_30' title='bbox 1656 639 1827 692; x_wconf 90' lang='lat' dir='ltr'><strong>tribus</strong></span> <span class='ocrx_word' id='word_1_31' title='bbox 1865 638 2070 693; x_wconf 81' lang='lat' dir='ltr'><strong>vicibus</strong></span> <span class='ocrx_word' id='word_1_32' title='bbox 2114 638 2203 692; x_wconf 91' lang='lat' dir='ltr'><strong>ﬁet</strong></span> <span class='ocrx_word' id='word_1_33' title='bbox 2245 648 2303 693; x_wconf 92' lang='lat' dir='ltr'><strong>ut</strong></span> 
     </span>
    </p>
   </div>
   <div class='ocr_carea' id='block_1_4' title="bbox 728 725 2299 799">
    <p class='ocr_par' dir='ltr' id='par_1_4' title="bbox 728 725 2299 799">
     <span class='ocr_line' id='line_1_4' title="bbox 728 725 2299 799; baseline 0.001 -18"><span class='ocrx_word' id='word_1_34' title='bbox 728 725 929 781; x_wconf 82' lang='lat' dir='ltr'><strong>Pascha</strong></span> <span class='ocrx_word' id='word_1_35' title='bbox 964 742 1061 795; x_wconf 90' lang='lat' dir='ltr'><strong>per</strong></span> <span class='ocrx_word' id='word_1_36' title='bbox 1088 726 1332 782; x_wconf 85' lang='lat' dir='ltr'><strong>ordinem</strong></span> <span class='ocrx_word' id='word_1_37' title='bbox 1362 730 1709 799; x_wconf 76' lang='lat' dir='ltr'><strong>nonagesimo</strong></span> <span class='ocrx_word' id='word_1_38' title='bbox 1739 730 1928 798; x_wconf 91' lang='lat' dir='ltr'><strong>quinto</strong></span> <span class='ocrx_word' id='word_1_39' title='bbox 1967 745 2107 782; x_wconf 86' lang='lat' dir='ltr'><strong>anno</strong></span> <span class='ocrx_word' id='word_1_40' title='bbox 2138 730 2299 783; x_wconf 88' lang='lat' dir='ltr'><strong>simili</strong></span> 
     </span>
    </p>
   </div>
   <div class='ocr_carea' id='block_1_5' title="bbox 728 820 2300 890">
    <p class='ocr_par' dir='ltr' id='par_1_5' title="bbox 728 820 2300 890">
     <span class='ocr_line' id='line_1_5' title="bbox 728 820 2300 890; baseline 0.001 -18"><span class='ocrx_word' id='word_1_41' title='bbox 728 821 884 873; x_wconf 91' lang='lat' dir='ltr'><strong>modo</strong></span> <span class='ocrx_word' id='word_1_42' title='bbox 912 833 1124 889; x_wconf 84' lang='lat' dir='ltr'><strong>semper</strong></span> <span class='ocrx_word' id='word_1_43' title='bbox 1163 820 1394 886; x_wconf 79' lang='lat' dir='ltr'><strong>eveniat,</strong></span> <span class='ocrx_word' id='word_1_44' title='bbox 1425 822 1625 875; x_wconf 86' lang='lat' dir='ltr'><strong>eisdem</strong></span> <span class='ocrx_word' id='word_1_45' title='bbox 1652 821 1923 885; x_wconf 80' lang='lat' dir='ltr'><strong>omnibus,</strong></span> <span class='ocrx_word' id='word_1_46' title='bbox 1953 836 2071 890; x_wconf 77' lang='lat' dir='ltr'><strong>qua:</strong></span> <span class='ocrx_word' id='word_1_47' title='bbox 2114 836 2300 890; x_wconf 86' lang='lat' dir='ltr'><strong>supra-</strong></span> 
     </span>
    </p>
   </div>
   <div class='ocr_carea' id='block_1_6' title="bbox 728 909 2297 980">
    <p class='ocr_par' dir='ltr' id='par_1_6' title="bbox 728 909 2297 980">
     <span class='ocr_line' id='line_1_6' title="bbox 728 909 2297 980; baseline 0.001 -18"><span class='ocrx_word' id='word_1_48' title='bbox 728 909 887 971; x_wconf 90' lang='lat' dir='ltr'><strong>dicta,</strong></span> <span class='ocrx_word' id='word_1_49' title='bbox 916 909 1076 963; x_wconf 88' lang='lat' dir='ltr'><strong>simul</strong></span> <span class='ocrx_word' id='word_1_50' title='bbox 1104 912 1567 965; x_wconf 90' lang='lat' dir='ltr'><strong>convenientibus.</strong></span> <span class='ocrx_word' id='word_1_51' title='bbox 1595 910 1700 966; x_wconf 88' lang='lat' dir='ltr'><strong>Sed</strong></span> <span class='ocrx_word' id='word_1_52' title='bbox 1739 911 1790 965; x_wconf 88' lang='lat' dir='ltr'><strong>in</strong></span> <span class='ocrx_word' id='word_1_53' title='bbox 1827 912 1930 965; x_wconf 91' lang='lat' dir='ltr'><strong>isto</strong></span> <span class='ocrx_word' id='word_1_54' title='bbox 1954 912 2139 980; x_wconf 85' lang='lat' dir='ltr'><strong>quinto</strong></span> <span class='ocrx_word' id='word_1_55' title='bbox 2166 927 2297 973; x_wconf 87' lang='lat' dir='ltr'><strong>con-</strong></span> 
     </span>
    </p>
   </div>
   <div class='ocr_carea' id='block_1_7' title="bbox 726 1001 2299 1071">
    <p class='ocr_par' dir='ltr' id='par_1_7' title="bbox 726 1001 2299 1071">
     <span class='ocr_line' id='line_1_7' title="bbox 726 1001 2299 1071; baseline 0.003 -20"><span class='ocrx_word' id='word_1_56' title='bbox 726 1007 991 1065; x_wconf 74' lang='lat' dir='ltr'><strong>currente,</strong></span> <span class='ocrx_word' id='word_1_57' title='bbox 1018 1001 1108 1068; x_wconf 90' lang='lat' dir='ltr'><strong>qui</strong></span> <span class='ocrx_word' id='word_1_58' title='bbox 1138 1015 1280 1054; x_wconf 90' lang='lat' dir='ltr'><strong>nunc</strong></span> <span class='ocrx_word' id='word_1_59' title='bbox 1308 1010 1411 1064; x_wconf 80' lang='lat' dir='ltr'><strong>est,</strong></span> <span class='ocrx_word' id='word_1_60' title='bbox 1441 1017 1712 1070; x_wconf 82' lang='lat' dir='ltr'><strong>nunquam</strong></span> <span class='ocrx_word' id='word_1_61' title='bbox 1753 1001 2057 1071; x_wconf 86' lang='lat' dir='ltr'><strong>paschalem</strong></span> <span class='ocrx_word' id='word_1_62' title='bbox 2095 1001 2299 1056; x_wconf 78' lang='lat' dir='ltr'><strong>festivi-</strong></span> 
     </span>
    </p>
   </div>
   <div class='ocr_carea' id='block_1_8' title="bbox 723 1090 2297 1172">
    <p class='ocr_par' dir='ltr' id='par_1_8' title="bbox 723 1090 2297 1172">
     <span class='ocr_line' id='line_1_8' title="bbox 723 1090 2297 1172; baseline 0.001 -28"><span class='ocrx_word' id='word_1_63' title='bbox 723 1098 895 1172; x_wconf 45' lang='lat' dir='ltr'><strong>tatem.</strong></span> <span class='ocrx_word' id='word_1_64' title='bbox 924 1092 1143 1145; x_wconf 86' lang='lat' dir='ltr'><strong>evenire</strong></span> <span class='ocrx_word' id='word_1_65' title='bbox 1174 1092 1419 1161; x_wconf 78' lang='lat' dir='ltr'><strong>contigit,</strong></span> <span class='ocrx_word' id='word_1_66' title='bbox 1456 1092 1523 1145; x_wconf 91' lang='lat' dir='ltr'><strong>ab</strong></span> <span class='ocrx_word' id='word_1_67' title='bbox 1559 1094 1670 1162; x_wconf 87' lang='lat' dir='ltr'><strong>ipsa</strong></span> <span class='ocrx_word' id='word_1_68' title='bbox 1716 1092 1886 1162; x_wconf 87' lang='lat' dir='ltr'><strong>prima</strong></span> <span class='ocrx_word' id='word_1_69' title='bbox 1914 1091 2165 1161; x_wconf 87' lang='lat' dir='ltr'><strong>passione</strong></span> <span class='ocrx_word' id='word_1_70' title='bbox 2193 1090 2297 1145; x_wconf 89' lang='lat' dir='ltr'><strong>Do-</strong></span> 
     </span>
    </p>
   </div>
   <div class='ocr_carea' id='block_1_9' title="bbox 722 1178 2292 1251">
    <p class='ocr_par' dir='ltr' id='par_1_9' title="bbox 722 1178 2292 1251">
     <span class='ocr_line' id='line_1_9' title="bbox 722 1178 2292 1251; baseline 0.003 -19"><span class='ocrx_word' id='word_1_71' title='bbox 722 1178 952 1245; x_wconf 87' lang='lat' dir='ltr'><strong>minica,</strong></span> <span class='ocrx_word' id='word_1_72' title='bbox 989 1182 1094 1233; x_wconf 90' lang='lat' dir='ltr'><strong>nisi</strong></span> <span class='ocrx_word' id='word_1_73' title='bbox 1131 1184 1392 1236; x_wconf 79' lang='lat' dir='ltr'><strong>duntaxat</strong></span> <span class='ocrx_word' id='word_1_74' title='bbox 1438 1197 1555 1237; x_wconf 87' lang='lat' dir='ltr'><strong>eam</strong></span> <span class='ocrx_word' id='word_1_75' title='bbox 1599 1182 1769 1238; x_wconf 84' lang='lat' dir='ltr'><strong>solam</strong></span> <span class='ocrx_word' id='word_1_76' title='bbox 1814 1197 1976 1251; x_wconf 91' lang='lat' dir='ltr'><strong>quam</strong></span> <span class='ocrx_word' id='word_1_77' title='bbox 2022 1181 2292 1236; x_wconf 82' lang='lat' dir='ltr'><strong>Victorius</strong></span> 
     </span>
    </p>
   </div>
   <div class='ocr_carea' id='block_1_10' title="bbox 722 1268 2294 1340">
    <p class='ocr_par' dir='ltr' id='par_1_10' title="bbox 722 1268 2294 1340">
     <span class='ocr_line' id='line_1_10' title="bbox 722 1268 2294 1340; baseline 0.001 -18"><span class='ocrx_word' id='word_1_78' title='bbox 722 1268 914 1337; x_wconf 84' lang='lat' dir='ltr'><strong>posuit,</strong></span> <span class='ocrx_word' id='word_1_79' title='bbox 938 1275 993 1324; x_wconf 91' lang='lat' dir='ltr'><strong>et</strong></span> <span class='ocrx_word' id='word_1_80' title='bbox 1014 1284 1159 1323; x_wconf 87' lang='lat' dir='ltr'><strong>nunc</strong></span> <span class='ocrx_word' id='word_1_81' title='bbox 1186 1272 1419 1325; x_wconf 83' lang='lat' dir='ltr'><strong>secundo</strong></span> <span class='ocrx_word' id='word_1_82' title='bbox 1451 1270 1731 1340; x_wconf 85' lang='lat' dir='ltr'><strong>repetitur,</strong></span> <span class='ocrx_word' id='word_1_83' title='bbox 1761 1279 1817 1326; x_wconf 91' lang='lat' dir='ltr'><strong>et</strong></span> <span class='ocrx_word' id='word_1_84' title='bbox 1845 1284 2119 1339; x_wconf 88' lang='lat' dir='ltr'><strong>nunquam</strong></span> <span class='ocrx_word' id='word_1_85' title='bbox 2146 1268 2294 1324; x_wconf 85' lang='lat' dir='ltr'><strong>dein-</strong></span> 
     </span>
    </p>
   </div>
   <div class='ocr_carea' id='block_1_11' title="bbox 2408 638 3988 706">
    <p class='ocr_par' dir='ltr' id='par_1_11' title="bbox 2408 638 3988 706">
     <span class='ocr_line' id='line_1_11' title="bbox 2408 638 3988 706; baseline -0.002 -12"><span class='ocrx_word' id='word_1_86' title='bbox 2408 649 2489 694; x_wconf 90' lang='lat' dir='ltr'><strong>est</strong></span> <span class='ocrx_word' id='word_1_87' title='bbox 2521 640 2739 703; x_wconf 84' lang='lat' dir='ltr'><strong>mensis,</strong></span> <span class='ocrx_word' id='word_1_88' title='bbox 2770 640 2906 699; x_wconf 88' lang='lat' dir='ltr'><strong>dies,</strong></span> <span class='ocrx_word' id='word_1_89' title='bbox 2952 639 3106 703; x_wconf 82' lang='lat' dir='ltr'><strong>feria,</strong></span> <span class='ocrx_word' id='word_1_90' title='bbox 3147 649 3202 693; x_wconf 90' lang='lat' dir='ltr'><strong>et</strong></span> <span class='ocrx_word' id='word_1_91' title='bbox 3243 639 3391 701; x_wconf 90' lang='lat' dir='ltr'><strong>luna,</strong></span> <span class='ocrx_word' id='word_1_92' title='bbox 3437 646 3644 706; x_wconf 81' lang='lat' dir='ltr'><strong>epacta,</strong></span> <span class='ocrx_word' id='word_1_93' title='bbox 3692 638 3988 704; x_wconf 82' lang='lat' dir='ltr'><strong>eodemque</strong></span> 
     </span>
    </p>
   </div>
   <div class='ocr_carea' id='block_1_12' title="bbox 2405 727 3990 800">
    <p class='ocr_par' dir='ltr' id='par_1_12' title="bbox 2405 727 3990 800">
     <span class='ocr_line' id='line_1_12' title="bbox 2405 727 3990 800; baseline -0.002 -18"><span class='ocrx_word' id='word_1_94' title='bbox 2405 745 2564 785; x_wconf 90' lang='lat' dir='ltr'><strong>versu</strong></span> <span class='ocrx_word' id='word_1_95' title='bbox 2592 730 2727 800; x_wconf 85' lang='lat' dir='ltr'><strong>cycli</strong></span> <span class='ocrx_word' id='word_1_96' title='bbox 2758 730 3284 792; x_wconf 86' lang='lat' dir='ltr'><strong>decemnovennalis,</strong></span> <span class='ocrx_word' id='word_1_97' title='bbox 3312 729 3415 783; x_wconf 89' lang='lat' dir='ltr'><strong>nisi</strong></span> <span class='ocrx_word' id='word_1_98' title='bbox 3444 727 3691 781; x_wconf 82' lang='lat' dir='ltr'><strong>similiter</strong></span> <span class='ocrx_word' id='word_1_99' title='bbox 3726 727 3990 796; x_wconf 84' lang='lat' dir='ltr'><strong>quingen-</strong></span> 
     </span>
    </p>
   </div>
   <div class='ocr_carea' id='block_1_13' title="bbox 2406 815 3983 891">
    <p class='ocr_par' dir='ltr' id='par_1_13' title="bbox 2406 815 3983 891">
     <span class='ocr_line' id='line_1_13' title="bbox 2406 815 3983 891; baseline -0.004 -17"><span class='ocrx_word' id='word_1_100' title='bbox 2406 821 2598 876; x_wconf 90' lang='lat' dir='ltr'><strong>tesimo</strong></span> <span class='ocrx_word' id='word_1_101' title='bbox 2625 821 2901 891; x_wconf 90' lang='lat' dir='ltr'><strong>trigesimo</strong></span> <span class='ocrx_word' id='word_1_102' title='bbox 2930 820 3091 874; x_wconf 91' lang='lat' dir='ltr'><strong>tertio</strong></span> <span class='ocrx_word' id='word_1_103' title='bbox 3121 834 3280 873; x_wconf 85' lang='lat' dir='ltr'><strong>anno.</strong></span> <span class='ocrx_word' id='word_1_104' title='bbox 3313 816 3418 873; x_wconf 86' lang='lat' dir='ltr'><strong>Sed</strong></span> <span class='ocrx_word' id='word_1_105' title='bbox 3451 832 3570 871; x_wconf 88' lang='lat' dir='ltr'><strong>cum</strong></span> <span class='ocrx_word' id='word_1_106' title='bbox 3596 818 3706 885; x_wconf 88' lang='lat' dir='ltr'><strong>jam</strong></span> <span class='ocrx_word' id='word_1_107' title='bbox 3734 815 3983 869; x_wconf 73' lang='lat' dir='ltr'><strong>steculum</strong></span> 
     </span>
    </p>
   </div>
   <div class='ocr_carea' id='block_1_14' title="bbox 2405 906 3987 975">
    <p class='ocr_par' dir='ltr' id='par_1_14' title="bbox 2405 906 3987 975">
     <span class='ocr_line' id='line_1_14' title="bbox 2405 906 3987 975; baseline -0.003 -12"><span class='ocrx_word' id='word_1_108' title='bbox 2405 910 2507 963; x_wconf 90' lang='lat' dir='ltr'><strong>hoc</strong></span> <span class='ocrx_word' id='word_1_109' title='bbox 2554 924 2651 964; x_wconf 90' lang='lat' dir='ltr'><strong>suo</strong></span> <span class='ocrx_word' id='word_1_110' title='bbox 2686 910 2755 963; x_wconf 90' lang='lat' dir='ltr'><strong>sit</strong></span> <span class='ocrx_word' id='word_1_111' title='bbox 2799 910 2907 963; x_wconf 90' lang='lat' dir='ltr'><strong>ﬁne</strong></span> <span class='ocrx_word' id='word_1_112' title='bbox 2951 908 3329 975; x_wconf 89' lang='lat' dir='ltr'><strong>claudendum,</strong></span> <span class='ocrx_word' id='word_1_113' title='bbox 3383 906 3709 975; x_wconf 89' lang='lat' dir='ltr'><strong>superﬂuum</strong></span> <span class='ocrx_word' id='word_1_114' title='bbox 3760 914 3839 960; x_wconf 90' lang='lat' dir='ltr'><strong>est</strong></span> <span class='ocrx_word' id='word_1_115' title='bbox 3891 920 3987 973; x_wconf 89' lang='lat' dir='ltr'><strong>per</strong></span> 
     </span>
    </p>
   </div>
   <div class='ocr_carea' id='block_1_15' title="bbox 2404 996 3984 1071">
    <p class='ocr_par' dir='ltr' id='par_1_15' title="bbox 2404 996 3984 1071">
     <span class='ocr_line' id='line_1_15' title="bbox 2404 996 3984 1071; baseline -0.002 -17"><span class='ocrx_word' id='word_1_116' title='bbox 2404 1001 2577 1071; x_wconf 68' lang='lat' dir='ltr'><strong>longua</strong></span> <span class='ocrx_word' id='word_1_117' title='bbox 2599 1001 2972 1057; x_wconf 88' lang='lat' dir='ltr'><strong>calculationis</strong></span> <span class='ocrx_word' id='word_1_118' title='bbox 2999 1000 3373 1070; x_wconf 86' lang='lat' dir='ltr'><strong>ephemeridas</strong></span> <span class='ocrx_word' id='word_1_119' title='bbox 3396 998 3693 1066; x_wconf 88' lang='lat' dir='ltr'><strong>producere</strong></span> <span class='ocrx_word' id='word_1_120' title='bbox 3711 996 3984 1054; x_wconf 80' lang='lat' dir='ltr'><strong>volumina</strong></span> 
     </span>
    </p>
   </div>
   <div class='ocr_carea' id='block_1_16' title="bbox 2402 1094 2741 1149">
    <p class='ocr_par' dir='ltr' id='par_1_16' title="bbox 2402 1094 2741 1149">
     <span class='ocr_line' id='line_1_16' title="bbox 2402 1094 2741 1149; baseline -0.012 0"><span class='ocrx_word' id='word_1_121' title='bbox 2402 1094 2741 1149; x_wconf 59' lang='lat' dir='ltr'><strong>saeculorum.</strong></span> 
     </span>
    </p>
   </div>
   <div class='ocr_carea' id='block_1_17' title="bbox 2734 1220 3654 1279">
    <p class='ocr_par' dir='ltr' id='par_1_17' title="bbox 2734 1220 3654 1279">
     <span class='ocr_line' id='line_1_17' title="bbox 2734 1220 3654 1279; baseline -0.005 -1"><span class='ocrx_word' id='word_1_122' title='bbox 2734 1222 2816 1279; x_wconf 86' lang='lat' dir='ltr'><strong>Sit</strong></span> <span class='ocrx_word' id='word_1_123' title='bbox 2847 1239 3035 1278; x_wconf 82' lang='lat' dir='ltr'><strong>nomen</strong></span> <span class='ocrx_word' id='word_1_124' title='bbox 3066 1222 3280 1277; x_wconf 84' lang='lat' dir='ltr'><strong>Domini</strong></span> <span class='ocrx_word' id='word_1_125' title='bbox 3314 1220 3654 1276; x_wconf 77' lang='lat' dir='ltr'><strong>benedictum.</strong></span> 
     </span>
    </p>
   </div>
   <div class='ocr_carea' id='block_1_18' title="bbox 724 1468 3969 1510">
    <p class='ocr_par' dir='ltr' id='par_1_18' title="bbox 724 1468 3969 1510">
     <span class='ocr_line' id='line_1_18' title="bbox 724 1468 3969 1510; baseline -0.001 -18"><span class='ocrx_word' id='word_1_126' title='bbox 724 1468 3969 1510; x_wconf 71' lang='lat'><strong>,_________________________________________.</strong></span> 
     </span>
    </p>
   </div>
   <div class='ocr_carea' id='block_1_19' title="bbox 799 1624 3890 1759">
    <p class='ocr_par' dir='ltr' id='par_1_19' title="bbox 799 1624 3890 1759">
     <span class='ocr_line' id='line_1_19' title="bbox 799 1624 3890 1759; baseline -0.004 -8"><span class='ocrx_word' id='word_1_127' title='bbox 799 1624 1151 1698; x_wconf 59' lang='grc'><strong>⁸⁵³³⁵4</strong></span> <span class='ocrx_word' id='word_1_128' title='bbox 1236 1644 2085 1759; x_wconf 84' lang='lat' dir='ltr'><strong>OPUSCULUM</strong></span> <span class='ocrx_word' id='word_1_129' title='bbox 2174 1636 3068 1754; x_wconf 85' lang='lat' dir='ltr'><strong>TRICESIMUM</strong></span> <span class='ocrx_word' id='word_1_130' title='bbox 3148 1631 3890 1749; x_wconf 80' lang='lat' dir='ltr'><strong>OCTAVUM.</strong></span> 
     </span>
    </p>
   </div>
   <div class='ocr_carea' id='block_1_20' title="bbox 948 1843 3715 1924">
    <p class='ocr_par' dir='ltr' id='par_1_20' title="bbox 948 1843 3715 1924">
     <span class='ocr_line' id='line_1_20' title="bbox 948 1843 3715 1924; baseline -0.005 0"><span class='ocrx_word' id='word_1_131' title='bbox 948 1843 1295 1924; x_wconf 80' lang='lat' dir='ltr'><strong>CONTRA</strong></span> <span class='ocrx_word' id='word_1_132' title='bbox 1338 1861 1721 1923; x_wconf 79' lang='lat' dir='ltr'><strong>ERROREM</strong></span> <span class='ocrx_word' id='word_1_133' title='bbox 1764 1860 2229 1923; x_wconf 60' lang='lat' dir='ltr'><strong>GRJECORUM</strong></span> <span class='ocrx_word' id='word_1_134' title='bbox 2272 1858 2379 1917; x_wconf 92' lang='lat' dir='ltr'><strong>DE</strong></span> <span class='ocrx_word' id='word_1_135' title='bbox 2422 1849 2961 1918; x_wconf 83' lang='lat' dir='ltr'><strong>PROCESSIONE</strong></span> <span class='ocrx_word' id='word_1_136' title='bbox 3004 1853 3362 1917; x_wconf 80' lang='lat' dir='ltr'><strong>SPIRITUS</strong></span> <span class='ocrx_word' id='word_1_137' title='bbox 3406 1849 3715 1913; x_wconf 83' lang='lat' dir='ltr'><strong>SANCTI.</strong></span> 
     </span>
    </p>
   </div>
   <div class='ocr_carea' id='block_1_21' title="bbox 2140 2022 2501 2039">
    <p class='ocr_par' dir='ltr' id='par_1_21' title="bbox 2140 2022 2501 2039">
     <span class='ocr_line' id='line_1_21' title="bbox 2140 2022 2501 2039; baseline -0.008 0"><span class='ocrx_word' id='word_1_138' title='bbox 2140 2022 2501 2039; x_wconf 50' lang='grc'><strong>*-</strong></span> 
     </span>
    </p>
   </div>
   <div class='ocr_carea' id='block_1_22' title="bbox 718 2143 3977 2267">
    <p class='ocr_par' dir='ltr' id='par_1_22' title="bbox 718 2143 3977 2267">
     <span class='ocr_line' id='line_1_22' title="bbox 718 2143 3977 2267; baseline -0.005 -56"><span class='ocrx_word' id='word_1_139' title='bbox 718 2156 1111 2214; x_wconf 62' lang='lat' dir='ltr'><strong>Anconam“.</strong></span> <span class='ocrx_word' id='word_1_140' title='bbox 1140 2187 1210 2198; x_wconf 89' lang='lat'><strong>—-</strong></span> <span class='ocrx_word' id='word_1_141' title='bbox 1237 2153 1318 2211; x_wconf 87' lang='lat' dir='ltr'><strong>Ad</strong></span> <span class='ocrx_word' id='word_1_142' title='bbox 1345 2152 1712 2227; x_wconf 83' lang='lat' dir='ltr'><strong>patriarcham</strong></span> <span class='ocrx_word' id='word_1_143' title='bbox 1860 2152 2134 2218; x_wconf 87' lang='lat' dir='ltr'><strong>scribens,</strong></span> <span class='ocrx_word' id='word_1_144' title='bbox 2162 2160 2349 2209; x_wconf 86' lang='lat' dir='ltr'><strong>contra</strong></span> <span class='ocrx_word' id='word_1_145' title='bbox 2380 2152 2690 2205; x_wconf 66' lang='lat' dir='ltr'><strong>Graecorum</strong></span> <span class='ocrx_word' id='word_1_146' title='bbox 2727 2148 2980 2205; x_wconf 83' lang='lat' dir='ltr'><strong>haeresim</strong></span> <span class='ocrx_word' id='word_1_147' title='bbox 3012 2146 3270 2227; x_wconf 84' lang='lat' dir='ltr'><strong>disputat,</strong></span> <span class='ocrx_word' id='word_1_148' title='bbox 3310 2144 3401 2267; x_wconf 49' lang='lat' dir='ltr'><strong>qui</strong></span> <span class='ocrx_word' id='word_1_149' title='bbox 3438 2143 3698 2213; x_wconf 87' lang='lat' dir='ltr'><strong>Spiritum</strong></span> <span class='ocrx_word' id='word_1_150' title='bbox 3729 2148 3977 2223; x_wconf 79' lang='lat' dir='ltr'><strong>sanctum</strong></span> 
     </span>
     <span class='ocr_line' id='line_1_23' title="bbox 786 2211 3977 2267; baseline -0.001 0"><span class='ocrx_word' id='word_1_151' title='bbox 786 2243 811 2267; x_wconf 69' lang='grc' dir='ltr'>ει</span> <span class='ocrx_word' id='word_1_152' title='bbox 864 2228 1022 2267; x_wconf 64' lang='lat' dir='ltr'><strong>Dan-0</strong></span> <span class='ocrx_word' id='word_1_153' title='bbox 1069 2239 1274 2267; x_wconf 68' lang='lat' dir='ltr'><strong>tantum</strong></span> <span class='ocrx_word' id='word_1_154' title='bbox 1360 2244 1463 2267; x_wconf 85' lang='lat' dir='ltr'><strong>nnn</strong></span> <span class='ocrx_word' id='word_1_155' title='bbox 1520 2243 1545 2267; x_wconf 68' lang='grc' dir='ltr'><strong>ιι</strong></span> <span class='ocrx_word' id='word_1_156' title='bbox 1592 2226 1728 2267; x_wconf 67' lang='lat' dir='ltr'><strong>Filio</strong></span> <span class='ocrx_word' id='word_1_157' title='bbox 1783 2224 2101 2267; x_wconf 57' lang='lat' dir='ltr'><strong>nrm‘mlm&#39;n,</strong></span> <span class='ocrx_word' id='word_1_158' title='bbox 2153 2223 2315 2267; x_wconf 69' lang='lat' dir='ltr'><strong>imnie</strong></span> <span class='ocrx_word' id='word_1_159' title='bbox 2358 2221 2724 2267; x_wconf 72' lang='lat' dir='ltr'><strong>nﬁirmaham-</strong></span> <span class='ocrx_word' id='word_1_160' title='bbox 2785 2219 2933 2267; x_wconf 68' lang='lat' dir='ltr'><strong>“:ch</strong></span> <span class='ocrx_word' id='word_1_161' title='bbox 2980 2217 3289 2267; x_wconf 87' lang='lat' dir='ltr'><strong>onimonem</strong></span> <span class='ocrx_word' id='word_1_162' title='bbox 3356 2214 3606 2267; x_wconf 85' lang='lat' dir='ltr'><strong>uculente</strong></span> <span class='ocrx_word' id='word_1_163' title='bbox 3663 2211 3977 2267; x_wconf 59' lang='lat' dir='ltr'><strong>I&#39;BdﬂTRUI‘.</strong></span> 
     </span>
    </p>
   </div>
   <div class='ocr_carea' id='block_1_23' title="bbox 785 2217 3289 2292">
    <p class='ocr_par' dir='ltr' id='par_1_23' title="bbox 785 2217 3289 2292">
     <span class='ocr_line' id='line_1_24' title="bbox 785 2217 3289 2292; baseline -0.006 -11"><span class='ocrx_word' id='word_1_164' title='bbox 785 2243 813 2281; x_wconf 92' lang='lat' dir='ltr'><strong>a</strong></span> <span class='ocrx_word' id='word_1_165' title='bbox 862 2228 1023 2283; x_wconf 83' lang='lat' dir='ltr'><strong>Patre</strong></span> <span class='ocrx_word' id='word_1_166' title='bbox 1069 2239 1309 2291; x_wconf 88' lang='lat' dir='ltr'><strong>tantum,</strong></span> <span class='ocrx_word' id='word_1_167' title='bbox 1347 2217 1464 2281; x_wconf 61' lang='lat' dir='ltr'><strong>&#39;non</strong></span> <span class='ocrx_word' id='word_1_168' title='bbox 1518 2243 1547 2279; x_wconf 89' lang='lat' dir='ltr'><strong>a</strong></span> <span class='ocrx_word' id='word_1_169' title='bbox 1592 2226 1728 2279; x_wconf 87' lang='lat' dir='ltr'><strong>Filio</strong></span> <span class='ocrx_word' id='word_1_170' title='bbox 1783 2217 2125 2292; x_wconf 81' lang='lat' dir='ltr'><strong>procedere,</strong></span> <span class='ocrx_word' id='word_1_171' title='bbox 2153 2223 2315 2292; x_wconf 72' lang='lat' dir='ltr'><strong>impie</strong></span> <span class='ocrx_word' id='word_1_172' title='bbox 2358 2221 2727 2292; x_wconf 77' lang='lat' dir='ltr'><strong>aﬁirmabaut.</strong></span> <span class='ocrx_word' id='word_1_173' title='bbox 2758 2219 2933 2292; x_wconf 74' lang='lat' dir='ltr'><strong>Hanc</strong></span> <span class='ocrx_word' id='word_1_174' title='bbox 2980 2217 3289 2292; x_wconf 60' lang='lat' dir='ltr'><strong>opinionem</strong></span> 
     </span>
    </p>
   </div>
   <div class='ocr_carea' id='block_1_24' title="bbox 3356 2211 3978 2277">
    <p class='ocr_par' dir='ltr' id='par_1_24' title="bbox 3356 2211 3978 2277">
     <span class='ocr_line' id='line_1_25' title="bbox 3356 2211 3978 2277; baseline -0.006 -10"><span class='ocrx_word' id='word_1_175' title='bbox 3356 2211 3606 2269; x_wconf 85' lang='lat' dir='ltr'><strong>uculente</strong></span> <span class='ocrx_word' id='word_1_176' title='bbox 3663 2211 3937 2277; x_wconf 77' lang='lat' dir='ltr'><strong>redarguit</strong></span> <span class='ocrx_word' id='word_1_177' title='bbox 3961 2250 3978 2276; x_wconf 93' lang='lat'><strong>,</strong></span> 
     </span>
    </p>
   </div>
   <div class='ocr_carea' id='block_1_25' title="bbox 785 2280 3974 2367">
    <p class='ocr_par' dir='ltr' id='par_1_25' title="bbox 785 2280 3974 2367">
     <span class='ocr_line' id='line_1_26' title="bbox 785 2280 3974 2367; baseline -0.006 -16"><span class='ocrx_word' id='word_1_178' title='bbox 785 2280 1438 2367; x_wconf 76' lang='lat' dir='ltr'><strong>contrariumqueverum</strong></span> <span class='ocrx_word' id='word_1_179' title='bbox 1474 2311 1594 2350; x_wconf 89' lang='lat' dir='ltr'><strong>esse</strong></span> <span class='ocrx_word' id='word_1_180' title='bbox 1628 2280 1970 2367; x_wconf 72' lang='lat' dir='ltr'><strong>ﬁrmissimis</strong></span> <span class='ocrx_word' id='word_1_181' title='bbox 2014 2280 2312 2367; x_wconf 75' lang='lat' dir='ltr'><strong>rationibus</strong></span> <span class='ocrx_word' id='word_1_182' title='bbox 2350 2302 2405 2367; x_wconf 82' lang='lat' dir='ltr'><strong>et</strong></span> <span class='ocrx_word' id='word_1_183' title='bbox 2440 2291 2866 2367; x_wconf 70' lang='lat' dir='ltr'><strong>auctoritatibus</strong></span> <span class='ocrx_word' id='word_1_184' title='bbox 2899 2280 3113 2367; x_wconf 73' lang='lat' dir='ltr'><strong>probat.</strong></span> <span class='ocrx_word' id='word_1_185' title='bbox 3157 2285 3365 2341; x_wconf 81' lang='lat' dir='ltr'><strong>Idcirco</strong></span> <span class='ocrx_word' id='word_1_186' title='bbox 3406 2280 3695 2367; x_wconf 43' lang='lat' dir='ltr'><strong>autemnad</strong></span> <span class='ocrx_word' id='word_1_187' title='bbox 3736 2281 3974 2367; x_wconf 49' lang='lat' dir='ltr'><strong>patriar:</strong></span> 
     </span>
    </p>
   </div>
   <div class='ocr_carea' id='block_1_26' title="bbox 785 2351 3981 2434">
    <p class='ocr_par' dir='ltr' id='par_1_26' title="bbox 785 2351 3981 2434">
     <span class='ocr_line' id='line_1_27' title="bbox 785 2351 3981 2434; baseline -0.006 -14"><span class='ocrx_word' id='word_1_188' title='bbox 785 2351 937 2420; x_wconf 86' lang='lat' dir='ltr'><strong>cham</strong></span> <span class='ocrx_word' id='word_1_189' title='bbox 998 2351 1152 2421; x_wconf 70' lang='lat' dir='ltr'><strong>illuni</strong></span> <span class='ocrx_word' id='word_1_190' title='bbox 1208 2366 1276 2421; x_wconf 90' lang='lat' dir='ltr'><strong>de</strong></span> <span class='ocrx_word' id='word_1_191' title='bbox 1334 2367 1437 2420; x_wconf 90' lang='lat' dir='ltr'><strong>hac</strong></span> <span class='ocrx_word' id='word_1_192' title='bbox 1490 2380 1547 2419; x_wconf 90' lang='lat' dir='ltr'><strong>re</strong></span> <span class='ocrx_word' id='word_1_193' title='bbox 1600 2364 1826 2431; x_wconf 85' lang='lat' dir='ltr'><strong>scribit,</strong></span> <span class='ocrx_word' id='word_1_194' title='bbox 1884 2365 2039 2434; x_wconf 87' lang='lat' dir='ltr'><strong>quia,</strong></span> <span class='ocrx_word' id='word_1_195' title='bbox 2092 2373 2150 2418; x_wconf 91' lang='lat' dir='ltr'><strong>ut</strong></span> <span class='ocrx_word' id='word_1_196' title='bbox 2204 2364 2318 2417; x_wconf 81' lang='lat' dir='ltr'><strong>haec</strong></span> <span class='ocrx_word' id='word_1_197' title='bbox 2356 2362 2474 2431; x_wconf 89' lang='lat' dir='ltr'><strong>ipsa</strong></span> <span class='ocrx_word' id='word_1_198' title='bbox 2508 2362 2737 2431; x_wconf 67' lang='lat' dir='ltr'><strong>quaastio</strong></span> <span class='ocrx_word' id='word_1_199' title='bbox 2766 2361 2870 2414; x_wconf 88' lang='lat' dir='ltr'><strong>sibi</strong></span> <span class='ocrx_word' id='word_1_200' title='bbox 2895 2351 3304 2421; x_wconf 80' lang='lat' dir='ltr'><strong>enuclearetur,</strong></span> <span class='ocrx_word' id='word_1_201' title='bbox 3355 2369 3387 2408; x_wconf 87' lang='lat' dir='ltr'><strong>a</strong></span> <span class='ocrx_word' id='word_1_202' title='bbox 3433 2351 3692 2423; x_wconf 82' lang='lat' dir='ltr'><strong>pontiﬁce</strong></span> <span class='ocrx_word' id='word_1_203' title='bbox 3734 2351 3981 2404; x_wconf 83' lang='lat' dir='ltr'><strong>Romano</strong></span> 
     </span>
    </p>
   </div>
   <div class='ocr_carea' id='block_1_27' title="bbox 783 2437 1169 2506">
    <p class='ocr_par' dir='ltr' id='par_1_27' title="bbox 783 2437 1169 2506">
     <span class='ocr_line' id='line_1_28' title="bbox 783 2437 1169 2506; baseline 0.003 -16"><span class='ocrx_word' id='word_1_204' title='bbox 783 2437 1169 2506; x_wconf 82' lang='lat' dir='ltr'><strong>postulaverat.</strong></span> 
     </span>
    </p>
   </div>
   <div class='ocr_carea' id='block_1_28' title="bbox 786 2533 3981 2619">
    <p class='ocr_par' dir='ltr' id='par_1_28' title="bbox 786 2533 3981 2619">
     <span class='ocr_line' id='line_1_29' title="bbox 786 2533 3981 2619; baseline -0.005 -15"><span class='ocrx_word' id='word_1_205' title='bbox 786 2549 987 2604; x_wconf 84' lang='lat' dir='ltr'><strong>Domao</strong></span> <span class='ocrx_word' id='word_1_206' title='bbox 1006 2550 1068 2604; x_wconf 90' lang='lat' dir='ltr'><strong>L.</strong></span> <span class='ocrx_word' id='word_1_207' title='bbox 1094 2550 1406 2605; x_wconf 88' lang='lat' dir='ltr'><strong>beatissimo</strong></span> <span class='ocrx_word' id='word_1_208' title='bbox 1429 2548 1767 2619; x_wconf 68' lang='lat' dir='ltr'><strong>patriarchae,</strong></span> <span class='ocrx_word' id='word_1_209' title='bbox 1792 2548 2006 2603; x_wconf 70' lang='lat' dir='ltr'><strong>Penus</strong></span> <span class='ocrx_word' id='word_1_210' title='bbox 2032 2555 2287 2617; x_wconf 86' lang='lat' dir='ltr'><strong>peccator</strong></span> <span class='ocrx_word' id='word_1_211' title='bbox 2314 2559 2361 2617; x_wconf 79' lang='grc' dir='ltr'><strong>Β</strong></span> <span class='ocrx_word' id='word_1_212' title='bbox 2392 2546 2485 2599; x_wconf 86' lang='lat' dir='ltr'><strong>sed</strong></span> <span class='ocrx_word' id='word_1_213' title='bbox 2509 2544 2671 2597; x_wconf 90' lang='lat' dir='ltr'><strong>Pater</strong></span> <span class='ocrx_word' id='word_1_214' title='bbox 2696 2556 2850 2596; x_wconf 88' lang='lat' dir='ltr'><strong>meus</strong></span> <span class='ocrx_word' id='word_1_215' title='bbox 2881 2541 2972 2609; x_wconf 90' lang='lat' dir='ltr'><strong>qui</strong></span> <span class='ocrx_word' id='word_1_216' title='bbox 3015 2549 3100 2595; x_wconf 92' lang='lat' dir='ltr'><strong>est</strong></span> <span class='ocrx_word' id='word_1_217' title='bbox 3128 2540 3181 2593; x_wconf 90' lang='lat' dir='ltr'><strong>in</strong></span> <span class='ocrx_word' id='word_1_218' title='bbox 3205 2536 3360 2594; x_wconf 70' lang='lat' dir='ltr'><strong>emlis</strong></span> <span class='ocrx_word' id='word_1_219' title='bbox 3377 2535 3593 2607; x_wconf 75' lang='lat' dir='ltr'><strong>(Matth.</strong></span> <span class='ocrx_word' id='word_1_220' title='bbox 3610 2535 3744 2605; x_wconf 79' lang='lat' dir='ltr'><strong>xw).</strong></span> <span class='ocrx_word' id='word_1_221' title='bbox 3773 2554 3789 2585; x_wconf 79' lang='grc' dir='ltr'><strong><em>ι</em></strong></span> <span class='ocrx_word' id='word_1_222' title='bbox 3825 2533 3981 2589; x_wconf 82' lang='lat' dir='ltr'><strong>Hunc</strong></span> 
     </span>
    </p>
   </div>
   <div class='ocr_carea' id='block_1_29' title="bbox 716 2640 1367 2696">
    <p class='ocr_par' dir='ltr' id='par_1_29' title="bbox 716 2640 1367 2696">
     <span class='ocr_line' id='line_1_30' title="bbox 716 2640 1367 2696; baseline -0.002 -3"><span class='ocrx_word' id='word_1_223' title='bbox 716 2641 1003 2696; x_wconf 88' lang='lat' dir='ltr'><strong>monachus</strong></span> <span class='ocrx_word' id='word_1_224' title='bbox 1029 2640 1367 2695; x_wconf 86' lang='lat' dir='ltr'><strong>servitutem.</strong></span> 
     </span>
    </p>
   </div>
   <div class='ocr_carea' id='block_1_30' title="bbox 784 2728 2287 2799">
    <p class='ocr_par' dir='ltr' id='par_1_30' title="bbox 784 2728 2287 2799">
     <span class='ocr_line' id='line_1_31' title="bbox 784 2728 2287 2799; baseline 0 -17"><span class='ocrx_word' id='word_1_225' title='bbox 784 2728 1087 2799; x_wconf 79' lang='lat' dir='ltr'><strong>Religiosus</strong></span> <span class='ocrx_word' id='word_1_226' title='bbox 1134 2731 1418 2798; x_wconf 84' lang='lat' dir='ltr'><strong>episcopus</strong></span> <span class='ocrx_word' id='word_1_227' title='bbox 1478 2729 1795 2797; x_wconf 90' lang='lat' dir='ltr'><strong>Popiliensis</strong></span> <span class='ocrx_word' id='word_1_228' title='bbox 1840 2729 2099 2783; x_wconf 76' lang='lat' dir='ltr'><strong>Ecclesia:</strong></span> <span class='ocrx_word' id='word_1_229' title='bbox 2153 2728 2287 2782; x_wconf 89' lang='lat' dir='ltr'><strong>mihi</strong></span> 
     </span>
    </p>
   </div>
   <div class='ocr_carea' id='block_1_31' title="bbox 718 2818 2288 2888">
    <p class='ocr_par' dir='ltr' id='par_1_31' title="bbox 718 2818 2288 2888">
     <span class='ocr_line' id='line_1_32' title="bbox 718 2818 2288 2888; baseline 0.001 -19"><span class='ocrx_word' id='word_1_230' title='bbox 718 2818 895 2872; x_wconf 88' lang='lat' dir='ltr'><strong>retulit</strong></span> <span class='ocrx_word' id='word_1_231' title='bbox 924 2820 1180 2888; x_wconf 92' lang='lat' dir='ltr'><strong>quoniam</strong></span> <span class='ocrx_word' id='word_1_232' title='bbox 1206 2834 1271 2872; x_wconf 82' lang='lat' dir='ltr'><strong>ex</strong></span> <span class='ocrx_word' id='word_1_233' title='bbox 1303 2834 1399 2873; x_wconf 88' lang='lat' dir='ltr'><strong>ore</strong></span> <span class='ocrx_word' id='word_1_234' title='bbox 1442 2818 1697 2873; x_wconf 90' lang='lat' dir='ltr'><strong>dominici</strong></span> <span class='ocrx_word' id='word_1_235' title='bbox 1729 2819 2167 2875; x_wconf 86' lang='lat' dir='ltr'><strong>reverendissimi</strong></span> <span class='ocrx_word' id='word_1_236' title='bbox 2194 2832 2288 2887; x_wconf 90' lang='lat' dir='ltr'><strong>pa-</strong></span> 
     </span>
    </p>
   </div>
   <div class='ocr_carea' id='block_1_32' title="bbox 718 2908 2286 2979">
    <p class='ocr_par' dir='ltr' id='par_1_32' title="bbox 718 2908 2286 2979">
     <span class='ocr_line' id='line_1_33' title="bbox 718 2908 2286 2979; baseline 0.001 -20"><span class='ocrx_word' id='word_1_237' title='bbox 718 2909 960 2963; x_wconf 70' lang='lat' dir='ltr'><strong>triarcha:</strong></span> <span class='ocrx_word' id='word_1_238' title='bbox 989 2910 1283 2964; x_wconf 84' lang='lat' dir='ltr'><strong>Gradensis</strong></span> <span class='ocrx_word' id='word_1_239' title='bbox 1316 2910 1541 2974; x_wconf 88' lang='lat' dir='ltr'><strong>audivit,</strong></span> <span class='ocrx_word' id='word_1_240' title='bbox 1571 2911 1927 2979; x_wconf 72' lang='lat' dir='ltr'><strong>qurestionem</strong></span> <span class='ocrx_word' id='word_1_241' title='bbox 1958 2926 2054 2963; x_wconf 90' lang='lat' dir='ltr'><strong>vos</strong></span> <span class='ocrx_word' id='word_1_242' title='bbox 2096 2908 2286 2962; x_wconf 86' lang='lat' dir='ltr'><strong>catho-</strong></span> 
     </span>
    </p>
   </div>
   <div class='ocr_carea' id='block_1_33' title="bbox 718 2996 2281 3070">
    <p class='ocr_par' dir='ltr' id='par_1_33' title="bbox 718 2996 2281 3070">
     <span class='ocr_line' id='line_1_34' title="bbox 718 2996 2281 3070; baseline 0.005 -23"><span class='ocrx_word' id='word_1_243' title='bbox 718 2996 826 3051; x_wconf 73' lang='lat' dir='ltr'><strong>lica:</strong></span> <span class='ocrx_word' id='word_1_244' title='bbox 857 2999 975 3053; x_wconf 90' lang='lat' dir='ltr'><strong>ﬁdei</strong></span> <span class='ocrx_word' id='word_1_245' title='bbox 1006 2999 1164 3053; x_wconf 89' lang='lat' dir='ltr'><strong>valde</strong></span> <span class='ocrx_word' id='word_1_246' title='bbox 1206 3000 1568 3054; x_wconf 89' lang='lat' dir='ltr'><strong>necessariam</strong></span> <span class='ocrx_word' id='word_1_247' title='bbox 1609 3001 1918 3070; x_wconf 82' lang='lat' dir='ltr'><strong>apostolicae</strong></span> <span class='ocrx_word' id='word_1_248' title='bbox 1964 3002 2079 3055; x_wconf 89' lang='lat' dir='ltr'><strong>sedi</strong></span> <span class='ocrx_word' id='word_1_249' title='bbox 2108 3001 2281 3055; x_wconf 85' lang='lat' dir='ltr'><strong>sacris</strong></span> 
     </span>
    </p>
   </div>
   <div class='ocr_carea' id='block_1_34' title="bbox 718 3088 2286 3160">
    <p class='ocr_par' dir='ltr' id='par_1_34' title="bbox 718 3088 2286 3160">
     <span class='ocr_line' id='line_1_35' title="bbox 718 3088 2286 3160; baseline 0.005 -21"><span class='ocrx_word' id='word_1_250' title='bbox 718 3088 963 3142; x_wconf 87' lang='lat' dir='ltr'><strong>insertam</strong></span> <span class='ocrx_word' id='word_1_251' title='bbox 994 3089 1191 3143; x_wconf 89' lang='lat' dir='ltr'><strong>litteris</strong></span> <span class='ocrx_word' id='word_1_252' title='bbox 1223 3091 1543 3156; x_wconf 85' lang='lat' dir='ltr'><strong>destinasse,</strong></span> <span class='ocrx_word' id='word_1_253' title='bbox 1588 3100 1748 3160; x_wconf 89' lang='lat' dir='ltr'><strong>atque</strong></span> <span class='ocrx_word' id='word_1_254' title='bbox 1781 3102 1839 3146; x_wconf 94' lang='lat' dir='ltr'><strong>ut</strong></span> <span class='ocrx_word' id='word_1_255' title='bbox 1875 3108 1902 3144; x_wconf 93' lang='lat' dir='ltr'><strong>a</strong></span> <span class='ocrx_word' id='word_1_256' title='bbox 1940 3093 2286 3147; x_wconf 90' lang='lat' dir='ltr'><strong>sanctissimo</strong></span> 
     </span>
    </p>
   </div>
   <div class='ocr_carea' id='block_1_35' title="bbox 717 3180 2288 3249">
    <p class='ocr_par' dir='ltr' id='par_1_35' title="bbox 717 3180 2288 3249">
     <span class='ocr_line' id='line_1_36' title="bbox 717 3180 2288 3249; baseline 0.005 -20"><span class='ocrx_word' id='word_1_257' title='bbox 717 3190 844 3246; x_wconf 87' lang='lat' dir='ltr'><strong>papa</strong></span> <span class='ocrx_word' id='word_1_258' title='bbox 888 3180 1199 3233; x_wconf 76' lang='lat' dir='ltr'><strong>Alexandro</strong></span> <span class='ocrx_word' id='word_1_259' title='bbox 1244 3180 1462 3234; x_wconf 88' lang='lat' dir='ltr'><strong>invictis</strong></span> <span class='ocrx_word' id='word_1_260' title='bbox 1503 3181 1905 3249; x_wconf 89' lang='lat' dir='ltr'><strong>Scripturarum</strong></span> <span class='ocrx_word' id='word_1_261' title='bbox 1962 3183 2288 3237; x_wconf 87' lang='lat' dir='ltr'><strong>testimoniis</strong></span> 
     </span>
    </p>
   </div>
   <div class='ocr_carea' id='block_1_36' title="bbox 715 3269 2286 3343">
    <p class='ocr_par' dir='ltr' id='par_1_36' title="bbox 715 3269 2286 3343">
     <span class='ocr_line' id='line_1_37' title="bbox 715 3269 2286 3343; baseline 0.003 -22"><span class='ocrx_word' id='word_1_262' title='bbox 715 3269 1113 3326; x_wconf 87' lang='lat' dir='ltr'><strong>evidentissime</strong></span> <span class='ocrx_word' id='word_1_263' title='bbox 1128 3270 1447 3335; x_wconf 90' lang='lat' dir='ltr'><strong>solveretur,</strong></span> <span class='ocrx_word' id='word_1_264' title='bbox 1467 3272 1817 3326; x_wconf 86' lang='lat' dir='ltr'><strong>sacerdotalis</strong></span> <span class='ocrx_word' id='word_1_265' title='bbox 1833 3272 1989 3327; x_wconf 82' lang='lat' dir='ltr'><strong>oﬁicii</strong></span> <span class='ocrx_word' id='word_1_266' title='bbox 2008 3273 2286 3343; x_wconf 78' lang='lat' dir='ltr'><strong>vigilantia</strong></span> 
     </span>
    </p>
   </div>
   <div class='ocr_carea' id='block_1_37' title="bbox 716 3358 2285 3429">
    <p class='ocr_par' dir='ltr' id='par_1_37' title="bbox 716 3358 2285 3429">
     <span class='ocr_line' id='line_1_38' title="bbox 716 3358 2285 3429; baseline 0.004 -20"><span class='ocrx_word' id='word_1_267' title='bbox 716 3358 1006 3424; x_wconf 88' lang='lat' dir='ltr'><strong>postulasse</strong></span> <span class='ocrx_word' id='word_1_268' title='bbox 1040 3376 1054 3411; x_wconf 91' lang='lat'><strong>:</strong></span> <span class='ocrx_word' id='word_1_269' title='bbox 1094 3374 1192 3413; x_wconf 90' lang='lat' dir='ltr'><strong>cur</strong></span> <span class='ocrx_word' id='word_1_270' title='bbox 1212 3359 1464 3414; x_wconf 90' lang='lat' dir='ltr'><strong>videlicet</strong></span> <span class='ocrx_word' id='word_1_271' title='bbox 1490 3358 1725 3429; x_wconf 90' lang='lat' dir='ltr'><strong>Spiritus</strong></span> <span class='ocrx_word' id='word_1_272' title='bbox 1753 3369 1975 3415; x_wconf 90' lang='lat' dir='ltr'><strong>sanctus</strong></span> <span class='ocrx_word' id='word_1_273' title='bbox 2002 3362 2142 3429; x_wconf 91' lang='lat' dir='ltr'><strong>apud</strong></span> <span class='ocrx_word' id='word_1_274' title='bbox 2177 3361 2285 3415; x_wconf 87' lang='lat' dir='ltr'><strong>La-</strong></span> 
     </span>
    </p>
   </div>
   <div class='ocr_carea' id='block_1_38' title="bbox 717 3449 2286 3522">
    <p class='ocr_par' dir='ltr' id='par_1_38' title="bbox 717 3449 2286 3522">
     <span class='ocr_line' id='line_1_39' title="bbox 717 3449 2286 3522; baseline 0.004 -21"><span class='ocrx_word' id='word_1_275' title='bbox 717 3449 850 3505; x_wconf 90' lang='lat' dir='ltr'><strong>tinos</strong></span> <span class='ocrx_word' id='word_1_276' title='bbox 876 3466 905 3505; x_wconf 91' lang='lat' dir='ltr'><strong>a</strong></span> <span class='ocrx_word' id='word_1_277' title='bbox 930 3450 1094 3505; x_wconf 86' lang='lat' dir='ltr'><strong>Patre</strong></span> <span class='ocrx_word' id='word_1_278' title='bbox 1119 3451 1335 3506; x_wconf 88' lang='lat' dir='ltr'><strong>dicatur</strong></span> <span class='ocrx_word' id='word_1_279' title='bbox 1367 3451 1613 3520; x_wconf 83' lang='lat' dir='ltr'><strong>Filioque</strong></span> <span class='ocrx_word' id='word_1_280' title='bbox 1640 3454 1957 3521; x_wconf 89' lang='lat' dir='ltr'><strong>procedere,</strong></span> <span class='ocrx_word' id='word_1_281' title='bbox 1994 3468 2114 3507; x_wconf 89' lang='lat' dir='ltr'><strong>eum</strong></span> <span class='ocrx_word' id='word_1_282' title='bbox 2143 3454 2286 3522; x_wconf 89' lang='lat' dir='ltr'><strong>apud</strong></span> 
     </span>
    </p>
   </div>
   <div class='ocr_carea' id='block_1_39' title="bbox 716 3536 2285 3612">
    <p class='ocr_par' dir='ltr' id='par_1_39' title="bbox 716 3536 2285 3612">
     <span class='ocr_line' id='line_1_40' title="bbox 716 3536 2285 3612; baseline 0.003 -20"><span class='ocrx_word' id='word_1_283' title='bbox 716 3536 923 3595; x_wconf 64' lang='lat' dir='ltr'><strong>Graecos</strong></span> <span class='ocrx_word' id='word_1_284' title='bbox 970 3557 999 3595; x_wconf 92' lang='lat' dir='ltr'><strong>a</strong></span> <span class='ocrx_word' id='word_1_285' title='bbox 1042 3542 1156 3596; x_wconf 85' lang='lat' dir='ltr'><strong>solo</strong></span> <span class='ocrx_word' id='word_1_286' title='bbox 1196 3542 1490 3610; x_wconf 86' lang='lat' dir='ltr'><strong>procedere</strong></span> <span class='ocrx_word' id='word_1_287' title='bbox 1537 3540 1699 3597; x_wconf 86' lang='lat' dir='ltr'><strong>Patre</strong></span> <span class='ocrx_word' id='word_1_288' title='bbox 1735 3542 2021 3597; x_wconf 89' lang='lat' dir='ltr'><strong>credatur?</strong></span> <span class='ocrx_word' id='word_1_289' title='bbox 2056 3542 2133 3595; x_wconf 91' lang='lat' dir='ltr'><strong>De</strong></span> <span class='ocrx_word' id='word_1_290' title='bbox 2179 3558 2285 3612; x_wconf 89' lang='lat' dir='ltr'><strong>qua</strong></span> 
     </span>
    </p>
   </div>
   <div class='ocr_carea' id='block_1_40' title="bbox 715 3629 2285 3707">
    <p class='ocr_par' dir='ltr' id='par_1_40' title="bbox 715 3629 2285 3707">
     <span class='ocr_line' id='line_1_41' title="bbox 715 3629 2285 3707; baseline 0.004 -28"><span class='ocrx_word' id='word_1_291' title='bbox 715 3629 957 3684; x_wconf 87' lang='lat' dir='ltr'><strong>nimirum</strong></span> <span class='ocrx_word' id='word_1_292' title='bbox 999 3631 1299 3699; x_wconf 75' lang='lat' dir='ltr'><strong>quzestione</strong></span> <span class='ocrx_word' id='word_1_293' title='bbox 1356 3631 1498 3707; x_wconf 86' lang='lat' dir='ltr'><strong>quod</strong></span> <span class='ocrx_word' id='word_1_294' title='bbox 1549 3632 1754 3695; x_wconf 89' lang='lat' dir='ltr'><strong>sentio,</strong></span> <span class='ocrx_word' id='word_1_295' title='bbox 1808 3632 2102 3685; x_wconf 80' lang='lat' dir='ltr'><strong>auxiliante</strong></span> <span class='ocrx_word' id='word_1_296' title='bbox 2167 3633 2285 3700; x_wconf 90' lang='lat' dir='ltr'><strong>ipso</strong></span> 
     </span>
    </p>
   </div>
   <div class='ocr_carea' id='block_1_41' title="bbox 716 3716 2282 3789">
    <p class='ocr_par' dir='ltr' id='par_1_41' title="bbox 716 3716 2282 3789">
     <span class='ocr_line' id='line_1_42' title="bbox 716 3716 2282 3789; baseline 0.003 -20"><span class='ocrx_word' id='word_1_297' title='bbox 716 3716 907 3786; x_wconf 89' lang='lat' dir='ltr'><strong>Spiritu</strong></span> <span class='ocrx_word' id='word_1_298' title='bbox 932 3730 1123 3775; x_wconf 89' lang='lat' dir='ltr'><strong>sancto</strong></span> <span class='ocrx_word' id='word_1_299' title='bbox 1164 3720 1229 3775; x_wconf 87' lang='lat' dir='ltr'><strong>de</strong></span> <span class='ocrx_word' id='word_1_300' title='bbox 1257 3736 1363 3789; x_wconf 92' lang='lat' dir='ltr'><strong>quo</strong></span> <span class='ocrx_word' id='word_1_301' title='bbox 1387 3721 1587 3787; x_wconf 90' lang='lat' dir='ltr'><strong>agitur,</strong></span> <span class='ocrx_word' id='word_1_302' title='bbox 1613 3721 1828 3788; x_wconf 91' lang='lat' dir='ltr'><strong>aperire</strong></span> <span class='ocrx_word' id='word_1_303' title='bbox 1857 3736 2147 3789; x_wconf 59' lang='lat' dir='ltr'><strong>praesumo.</strong></span> <span class='ocrx_word' id='word_1_304' title='bbox 2168 3721 2282 3775; x_wconf 81' lang='lat' dir='ltr'><strong>Non</strong></span> 
     </span>
    </p>
   </div>
   <div class='ocr_carea' id='block_1_42' title="bbox 714 3810 2287 3879">
    <p class='ocr_par' dir='ltr' id='par_1_42' title="bbox 714 3810 2287 3879">
     <span class='ocr_line' id='line_1_43' title="bbox 714 3810 2287 3879; baseline 0.002 -18"><span class='ocrx_word' id='word_1_305' title='bbox 714 3810 846 3876; x_wconf 91' lang='lat' dir='ltr'><strong>quod</strong></span> <span class='ocrx_word' id='word_1_306' title='bbox 874 3811 1003 3864; x_wconf 89' lang='lat' dir='ltr'><strong>mihi</strong></span> <span class='ocrx_word' id='word_1_307' title='bbox 1037 3825 1199 3878; x_wconf 86' lang='lat' dir='ltr'><strong>super</strong></span> <span class='ocrx_word' id='word_1_308' title='bbox 1236 3812 1337 3865; x_wconf 90' lang='lat' dir='ltr'><strong>hoc</strong></span> <span class='ocrx_word' id='word_1_309' title='bbox 1365 3811 1580 3879; x_wconf 87' lang='lat' dir='ltr'><strong>negotio</strong></span> <span class='ocrx_word' id='word_1_310' title='bbox 1620 3810 1705 3863; x_wconf 93' lang='lat' dir='ltr'><strong>vel</strong></span> <span class='ocrx_word' id='word_1_311' title='bbox 1744 3824 1773 3863; x_wconf 92' lang='lat' dir='ltr'><strong>a</strong></span> <span class='ocrx_word' id='word_1_312' title='bbox 1807 3811 1960 3865; x_wconf 86' lang='lat' dir='ltr'><strong>vobis</strong></span> <span class='ocrx_word' id='word_1_313' title='bbox 1990 3811 2192 3879; x_wconf 88' lang='lat' dir='ltr'><strong>aliquid</strong></span> <span class='ocrx_word' id='word_1_314' title='bbox 2216 3811 2287 3865; x_wconf 87' lang='lat' dir='ltr'><strong>sit</strong></span> 
     </span>
    </p>
   </div>
   <div class='ocr_carea' id='block_1_43' title="bbox 2396 2626 3973 2704">
    <p class='ocr_par' dir='ltr' id='par_1_43' title="bbox 2396 2626 3973 2704">
     <span class='ocr_line' id='line_1_44' title="bbox 2396 2626 3973 2704; baseline -0.006 -13"><span class='ocrx_word' id='word_1_315' title='bbox 2396 2636 2535 2692; x_wconf 90' lang='lat' dir='ltr'><strong>enim</strong></span> <span class='ocrx_word' id='word_1_316' title='bbox 2568 2649 2679 2704; x_wconf 73' lang='lat' dir='ltr'><strong>pra:</strong></span> <span class='ocrx_word' id='word_1_317' title='bbox 2709 2634 2920 2689; x_wconf 76' lang='lat' dir='ltr'><strong>caeteris</strong></span> <span class='ocrx_word' id='word_1_318' title='bbox 2950 2630 3271 2685; x_wconf 83' lang='lat' dir='ltr'><strong>mortalibus</strong></span> <span class='ocrx_word' id='word_1_319' title='bbox 3299 2629 3366 2683; x_wconf 91' lang='lat' dir='ltr'><strong>de</strong></span> <span class='ocrx_word' id='word_1_320' title='bbox 3396 2636 3509 2683; x_wconf 92' lang='lat' dir='ltr'><strong>toto</strong></span> <span class='ocrx_word' id='word_1_321' title='bbox 3540 2635 3808 2681; x_wconf 89' lang='lat' dir='ltr'><strong>terrarum</strong></span> <span class='ocrx_word' id='word_1_322' title='bbox 3837 2626 3973 2682; x_wconf 80' lang='lat' dir='ltr'><strong>orbe</strong></span> 
     </span>
    </p>
   </div>
   <div class='ocr_carea' id='block_1_44' title="bbox 2394 2714 3971 2791">
    <p class='ocr_par' dir='ltr' id='par_1_44' title="bbox 2394 2714 3971 2791">
     <span class='ocr_line' id='line_1_45' title="bbox 2394 2714 3971 2791; baseline -0.011 -9"><span class='ocrx_word' id='word_1_323' title='bbox 2394 2726 2651 2782; x_wconf 87' lang='lat' dir='ltr'><strong>Conditor</strong></span> <span class='ocrx_word' id='word_1_324' title='bbox 2670 2724 2818 2778; x_wconf 89' lang='lat' dir='ltr'><strong>orbis</strong></span> <span class='ocrx_word' id='word_1_325' title='bbox 2841 2722 3021 2791; x_wconf 88' lang='lat' dir='ltr'><strong>elegit,</strong></span> <span class='ocrx_word' id='word_1_326' title='bbox 3046 2721 3129 2775; x_wconf 93' lang='lat' dir='ltr'><strong>cui</strong></span> <span class='ocrx_word' id='word_1_327' title='bbox 3160 2719 3475 2775; x_wconf 86' lang='lat' dir='ltr'><strong>cathedram</strong></span> <span class='ocrx_word' id='word_1_328' title='bbox 3498 2714 3791 2786; x_wconf 83' lang='lat' dir='ltr'><strong>magisterii</strong></span> <span class='ocrx_word' id='word_1_329' title='bbox 3824 2714 3971 2783; x_wconf 88' lang='lat' dir='ltr'><strong>prin-</strong></span> 
     </span>
    </p>
   </div>
   <div class='ocr_carea' id='block_1_45' title="bbox 2393 2802 3969 2883">
    <p class='ocr_par' dir='ltr' id='par_1_45' title="bbox 2393 2802 3969 2883">
     <span class='ocr_line' id='line_1_46' title="bbox 2393 2802 3969 2883; baseline -0.009 -12"><span class='ocrx_word' id='word_1_330' title='bbox 2393 2817 2639 2883; x_wconf 89' lang='lat' dir='ltr'><strong>cipaliter</strong></span> <span class='ocrx_word' id='word_1_331' title='bbox 2671 2815 2723 2867; x_wconf 91' lang='lat' dir='ltr'><strong>in</strong></span> <span class='ocrx_word' id='word_1_332' title='bbox 2760 2812 3001 2867; x_wconf 87' lang='lat' dir='ltr'><strong>Ecclesia</strong></span> <span class='ocrx_word' id='word_1_333' title='bbox 3032 2820 3219 2865; x_wconf 90' lang='lat' dir='ltr'><strong>tenere</strong></span> <span class='ocrx_word' id='word_1_334' title='bbox 3252 2817 3513 2877; x_wconf 89' lang='lat' dir='ltr'><strong>perpetuo</strong></span> <span class='ocrx_word' id='word_1_335' title='bbox 3554 2802 3819 2876; x_wconf 79' lang='lat' dir='ltr'><strong>privilegii</strong></span> <span class='ocrx_word' id='word_1_336' title='bbox 3846 2802 3969 2869; x_wconf 84' lang='lat' dir='ltr'><strong>jure</strong></span> 
     </span>
    </p>
   </div>
   <div class='ocr_carea' id='block_1_46' title="bbox 2393 2895 3969 2973">
    <p class='ocr_par' dir='ltr' id='par_1_46' title="bbox 2393 2895 3969 2973">
     <span class='ocr_line' id='line_1_47' title="bbox 2393 2895 3969 2973; baseline -0.011 -11"><span class='ocrx_word' id='word_1_337' title='bbox 2393 2908 2687 2971; x_wconf 90' lang='lat' dir='ltr'><strong>concessit;</strong></span> <span class='ocrx_word' id='word_1_338' title='bbox 2716 2914 2773 2959; x_wconf 89' lang='lat' dir='ltr'><strong>ut</strong></span> <span class='ocrx_word' id='word_1_339' title='bbox 2796 2904 3039 2973; x_wconf 89' lang='lat' dir='ltr'><strong>quisquis</strong></span> <span class='ocrx_word' id='word_1_340' title='bbox 3063 2902 3301 2956; x_wconf 87' lang='lat' dir='ltr'><strong>divinum</strong></span> <span class='ocrx_word' id='word_1_341' title='bbox 3327 2898 3529 2969; x_wconf 90' lang='lat' dir='ltr'><strong>aliquid</strong></span> <span class='ocrx_word' id='word_1_342' title='bbox 3557 2913 3620 2953; x_wconf 86' lang='lat' dir='ltr'><strong>ac</strong></span> <span class='ocrx_word' id='word_1_343' title='bbox 3642 2895 3969 2966; x_wconf 82' lang='lat' dir='ltr'><strong>profundum</strong></span> 
     </span>
    </p>
   </div>
   <div class='ocr_carea' id='block_1_47' title="bbox 2391 2985 3979 3063">
    <p class='ocr_par' dir='ltr' id='par_1_47' title="bbox 2391 2985 3979 3063">
     <span class='ocr_line' id='line_1_48' title="bbox 2391 2985 3979 3063; baseline -0.012 -9"><span class='ocrx_word' id='word_1_344' title='bbox 2391 3016 2553 3056; x_wconf 90' lang='lat' dir='ltr'><strong>nosse</strong></span> <span class='ocrx_word' id='word_1_345' title='bbox 2610 2998 2922 3062; x_wconf 88' lang='lat' dir='ltr'><strong>desiderat,</strong></span> <span class='ocrx_word' id='word_1_346' title='bbox 2973 2997 3039 3050; x_wconf 92' lang='lat' dir='ltr'><strong>ad</strong></span> <span class='ocrx_word' id='word_1_347' title='bbox 3090 2994 3249 3063; x_wconf 87' lang='lat' dir='ltr'><strong>hujus</strong></span> <span class='ocrx_word' id='word_1_348' title='bbox 3302 2990 3650 3061; x_wconf 73' lang='lat' dir='ltr'><strong>przeceptoris</strong></span> <span class='ocrx_word' id='word_1_349' title='bbox 3697 2985 3979 3041; x_wconf 85' lang='lat' dir='ltr'><strong>oraculum</strong></span> 
     </span>
    </p>
   </div>
   <div class='ocr_carea' id='block_1_48' title="bbox 2396 3075 3980 3158">
    <p class='ocr_par' dir='ltr' id='par_1_48' title="bbox 2396 3075 3980 3158">
     <span class='ocr_line' id='line_1_49' title="bbox 2396 3075 3980 3158; baseline -0.009 -13"><span class='ocrx_word' id='word_1_350' title='bbox 2396 3091 2810 3158; x_wconf 83' lang='lat' dir='ltr'><strong>doctrinamque</strong></span> <span class='ocrx_word' id='word_1_351' title='bbox 2848 3095 3123 3151; x_wconf 87' lang='lat' dir='ltr'><strong>recurrat;</strong></span> <span class='ocrx_word' id='word_1_352' title='bbox 3176 3100 3274 3138; x_wconf 90' lang='lat' dir='ltr'><strong>nec</strong></span> <span class='ocrx_word' id='word_1_353' title='bbox 3322 3084 3397 3136; x_wconf 87' lang='lat' dir='ltr'><strong>illi</strong></span> <span class='ocrx_word' id='word_1_354' title='bbox 3450 3080 3727 3135; x_wconf 88' lang='lat' dir='ltr'><strong>humiliter</strong></span> <span class='ocrx_word' id='word_1_355' title='bbox 3781 3075 3980 3130; x_wconf 71' lang='lat' dir='ltr'><strong>oﬂerre</strong></span> 
     </span>
    </p>
   </div>
   <div class='ocr_carea' id='block_1_49' title="bbox 2391 3168 3965 3252">
    <p class='ocr_par' dir='ltr' id='par_1_49' title="bbox 2391 3168 3965 3252">
     <span class='ocr_line' id='line_1_50' title="bbox 2391 3168 3965 3252; baseline -0.011 -15"><span class='ocrx_word' id='word_1_356' title='bbox 2391 3183 2532 3252; x_wconf 86' lang='lat' dir='ltr'><strong>quod</strong></span> <span class='ocrx_word' id='word_1_357' title='bbox 2561 3181 2874 3237; x_wconf 87' lang='lat' dir='ltr'><strong>solvendum</strong></span> <span class='ocrx_word' id='word_1_358' title='bbox 2908 3188 2993 3234; x_wconf 89' lang='lat' dir='ltr'><strong>est</strong></span> <span class='ocrx_word' id='word_1_359' title='bbox 3014 3178 3299 3233; x_wconf 86' lang='lat' dir='ltr'><strong>erubescat</strong></span> <span class='ocrx_word' id='word_1_360' title='bbox 3321 3216 3335 3239; x_wconf 91' lang='lat'><strong>,</strong></span> <span class='ocrx_word' id='word_1_361' title='bbox 3364 3173 3579 3229; x_wconf 87' lang='lat' dir='ltr'><strong>etiamsi</strong></span> <span class='ocrx_word' id='word_1_362' title='bbox 3604 3180 3658 3225; x_wconf 91' lang='lat' dir='ltr'><strong>et</strong></span> <span class='ocrx_word' id='word_1_363' title='bbox 3682 3172 3793 3240; x_wconf 89' lang='lat' dir='ltr'><strong>ipse</strong></span> <span class='ocrx_word' id='word_1_364' title='bbox 3821 3168 3965 3237; x_wconf 90' lang='lat' dir='ltr'><strong>quod</strong></span> 
     </span>
    </p>
   </div>
   <div class='ocr_carea' id='block_1_50' title="bbox 2394 3260 3981 3343">
    <p class='ocr_par' dir='ltr' id='par_1_50' title="bbox 2394 3260 3981 3343">
     <span class='ocr_line' id='line_1_51' title="bbox 2394 3260 3981 3343; baseline -0.007 -18"><span class='ocrx_word' id='word_1_365' title='bbox 2394 3272 2653 3343; x_wconf 70' lang='lat' dir='ltr'><strong>quaeritur</strong></span> <span class='ocrx_word' id='word_1_366' title='bbox 2704 3286 2812 3325; x_wconf 86' lang='lat' dir='ltr'><strong>non</strong></span> <span class='ocrx_word' id='word_1_367' title='bbox 2852 3271 3085 3340; x_wconf 90' lang='lat' dir='ltr'><strong>ignorat.</strong></span> <span class='ocrx_word' id='word_1_368' title='bbox 3142 3264 3398 3334; x_wconf 83' lang='lat' dir='ltr'><strong>Nunquid</strong></span> <span class='ocrx_word' id='word_1_369' title='bbox 3446 3263 3591 3318; x_wconf 90' lang='lat' dir='ltr'><strong>enim</strong></span> <span class='ocrx_word' id='word_1_370' title='bbox 3637 3260 3861 3330; x_wconf 85' lang='lat' dir='ltr'><strong>angelus</strong></span> <span class='ocrx_word' id='word_1_371' title='bbox 3914 3261 3981 3314; x_wconf 87' lang='lat' dir='ltr'><strong>de</strong></span> 
     </span>
    </p>
   </div>
   <div class='ocr_carea' id='block_1_51' title="bbox 2390 3350 3973 3421">
    <p class='ocr_par' dir='ltr' id='par_1_51' title="bbox 2390 3350 3973 3421">
     <span class='ocr_line' id='line_1_52' title="bbox 2390 3350 3973 3421; baseline -0.008 -3"><span class='ocrx_word' id='word_1_372' title='bbox 2390 3364 2527 3419; x_wconf 67' lang='lat' dir='ltr'><strong>cmlo</strong></span> <span class='ocrx_word' id='word_1_373' title='bbox 2555 3363 2777 3417; x_wconf 90' lang='lat' dir='ltr'><strong>veniens</strong></span> <span class='ocrx_word' id='word_1_374' title='bbox 2806 3362 3085 3416; x_wconf 87' lang='lat' dir='ltr'><strong>nesciebat</strong></span> <span class='ocrx_word' id='word_1_375' title='bbox 3117 3359 3314 3413; x_wconf 89' lang='lat' dir='ltr'><strong>docere</strong></span> <span class='ocrx_word' id='word_1_376' title='bbox 3336 3354 3671 3417; x_wconf 89' lang='lat' dir='ltr'><strong>Cornelium,</strong></span> <span class='ocrx_word' id='word_1_377' title='bbox 3698 3368 3857 3421; x_wconf 90' lang='lat' dir='ltr'><strong>quem</strong></span> <span class='ocrx_word' id='word_1_378' title='bbox 3892 3350 3973 3405; x_wconf 87' lang='lat' dir='ltr'><strong>vi-</strong></span> 
     </span>
    </p>
   </div>
   <div class='ocr_carea' id='block_1_52' title="bbox 2392 3442 3978 3522">
    <p class='ocr_par' dir='ltr' id='par_1_52' title="bbox 2392 3442 3978 3522">
     <span class='ocr_line' id='line_1_53' title="bbox 2392 3442 3978 3522; baseline -0.009 -13"><span class='ocrx_word' id='word_1_379' title='bbox 2392 3454 2599 3517; x_wconf 90' lang='lat' dir='ltr'><strong>delicet,</strong></span> <span class='ocrx_word' id='word_1_380' title='bbox 2625 3463 2685 3508; x_wconf 91' lang='lat' dir='ltr'><strong>ut</strong></span> <span class='ocrx_word' id='word_1_381' title='bbox 2711 3453 2840 3522; x_wconf 89' lang='lat' dir='ltr'><strong>quid</strong></span> <span class='ocrx_word' id='word_1_382' title='bbox 2863 3452 2965 3507; x_wconf 84' lang='lat' dir='ltr'><strong>sibi</strong></span> <span class='ocrx_word' id='word_1_383' title='bbox 2990 3450 3259 3521; x_wconf 89' lang='lat' dir='ltr'><strong>agendum</strong></span> <span class='ocrx_word' id='word_1_384' title='bbox 3290 3455 3436 3501; x_wconf 88' lang='lat' dir='ltr'><strong>esset</strong></span> <span class='ocrx_word' id='word_1_385' title='bbox 3465 3442 3978 3506; x_wconf 87' lang='lat' dir='ltr'><strong>addisceret,desti-</strong></span> 
     </span>
    </p>
   </div>
   <div class='ocr_carea' id='block_1_53' title="bbox 2390 3532 3975 3606">
    <p class='ocr_par' dir='ltr' id='par_1_53' title="bbox 2390 3532 3975 3606">
     <span class='ocr_line' id='line_1_54' title="bbox 2390 3532 3975 3606; baseline -0.008 -9"><span class='ocrx_word' id='word_1_386' title='bbox 2390 3543 2536 3597; x_wconf 89' lang='lat' dir='ltr'><strong>navit</strong></span> <span class='ocrx_word' id='word_1_387' title='bbox 2567 3544 2634 3597; x_wconf 87' lang='lat' dir='ltr'><strong>ad</strong></span> <span class='ocrx_word' id='word_1_388' title='bbox 2662 3541 2919 3596; x_wconf 89' lang='lat' dir='ltr'><strong>Petrum?</strong></span> <span class='ocrx_word' id='word_1_389' title='bbox 2949 3558 2967 3590; x_wconf 75' lang='lat' dir='ltr'><strong>t</strong></span> <span class='ocrx_word' id='word_1_390' title='bbox 3003 3539 3182 3603; x_wconf 83' lang='lat' dir='ltr'><strong>Mitte,</strong></span> <span class='ocrx_word' id='word_1_391' title='bbox 3216 3538 3421 3606; x_wconf 90' lang='lat' dir='ltr'><strong>inquit,</strong></span> <span class='ocrx_word' id='word_1_392' title='bbox 3459 3535 3609 3589; x_wconf 93' lang='lat' dir='ltr'><strong>viros</strong></span> <span class='ocrx_word' id='word_1_393' title='bbox 3644 3532 3847 3603; x_wconf 73' lang='lat' dir='ltr'><strong>Joppen</strong></span> <span class='ocrx_word' id='word_1_394' title='bbox 3874 3573 3887 3595; x_wconf 91' lang='lat'><strong>,</strong></span> <span class='ocrx_word' id='word_1_395' title='bbox 3916 3539 3975 3586; x_wconf 88' lang='lat' dir='ltr'><strong>et</strong></span> 
     </span>
    </p>
   </div>
   <div class='ocr_carea' id='block_1_54' title="bbox 2390 3621 3978 3698">
    <p class='ocr_par' dir='ltr' id='par_1_54' title="bbox 2390 3621 3978 3698">
     <span class='ocr_line' id='line_1_55' title="bbox 2390 3621 3978 3698; baseline -0.007 -10"><span class='ocrx_word' id='word_1_396' title='bbox 2390 3634 2596 3688; x_wconf 86' lang='lat' dir='ltr'><strong>accersi</strong></span> <span class='ocrx_word' id='word_1_397' title='bbox 2669 3631 2946 3686; x_wconf 89' lang='lat' dir='ltr'><strong>Simonem</strong></span> <span class='ocrx_word' id='word_1_398' title='bbox 3003 3630 3094 3698; x_wconf 91' lang='lat' dir='ltr'><strong>qui</strong></span> <span class='ocrx_word' id='word_1_399' title='bbox 3141 3628 3556 3698; x_wconf 83' lang='lat' dir='ltr'><strong>cognominatur</strong></span> <span class='ocrx_word' id='word_1_400' title='bbox 3602 3624 3816 3677; x_wconf 87' lang='lat' dir='ltr'><strong>Petrus.</strong></span> <span class='ocrx_word' id='word_1_401' title='bbox 3879 3621 3978 3677; x_wconf 87' lang='lat' dir='ltr'><strong>Hic</strong></span> 
     </span>
    </p>
   </div>
   <div class='ocr_carea' id='block_1_55' title="bbox 2388 3714 3971 3793">
    <p class='ocr_par' dir='ltr' id='par_1_55' title="bbox 2388 3714 3971 3793">
     <span class='ocr_line' id='line_1_56' title="bbox 2388 3714 3971 3793; baseline -0.006 -15"><span class='ocrx_word' id='word_1_402' title='bbox 2388 3724 2693 3793; x_wconf 88' lang='lat' dir='ltr'><strong>bospitatur</strong></span> <span class='ocrx_word' id='word_1_403' title='bbox 2719 3722 2860 3791; x_wconf 87' lang='lat' dir='ltr'><strong>apud</strong></span> <span class='ocrx_word' id='word_1_404' title='bbox 2884 3720 3160 3775; x_wconf 90' lang='lat' dir='ltr'><strong>Simonem</strong></span> <span class='ocrx_word' id='word_1_405' title='bbox 3192 3718 3479 3787; x_wconf 89' lang='lat' dir='ltr'><strong>quemdam</strong></span> <span class='ocrx_word' id='word_1_406' title='bbox 3520 3716 3844 3779; x_wconf 79' lang='lat' dir='ltr'><strong>curiarium,</strong></span> <span class='ocrx_word' id='word_1_407' title='bbox 3880 3714 3971 3769; x_wconf 88' lang='lat' dir='ltr'><strong>cui</strong></span> 
     </span>
    </p>
   </div>
   <div class='ocr_carea' id='block_1_56' title="bbox 2391 3805 3976 3879">
    <p class='ocr_par' dir='ltr' id='par_1_56' title="bbox 2391 3805 3976 3879">
     <span class='ocr_line' id='line_1_57' title="bbox 2391 3805 3976 3879; baseline -0.008 -11"><span class='ocrx_word' id='word_1_408' title='bbox 2391 3824 2477 3868; x_wconf 85' lang='lat' dir='ltr'><strong>est</strong></span> <span class='ocrx_word' id='word_1_409' title='bbox 2511 3814 2703 3867; x_wconf 89' lang='lat' dir='ltr'><strong>domus</strong></span> <span class='ocrx_word' id='word_1_410' title='bbox 2726 3810 2881 3879; x_wconf 75' lang='lat' dir='ltr'><strong>juxta</strong></span> <span class='ocrx_word' id='word_1_411' title='bbox 2908 3824 3089 3873; x_wconf 87' lang='lat' dir='ltr'><strong>mare;</strong></span> <span class='ocrx_word' id='word_1_412' title='bbox 3123 3808 3213 3862; x_wconf 90' lang='lat' dir='ltr'><strong>hic</strong></span> <span class='ocrx_word' id='word_1_413' title='bbox 3256 3808 3398 3862; x_wconf 89' lang='lat' dir='ltr'><strong>dicet</strong></span> <span class='ocrx_word' id='word_1_414' title='bbox 3427 3806 3523 3860; x_wconf 89' lang='lat' dir='ltr'><strong>tibi</strong></span> <span class='ocrx_word' id='word_1_415' title='bbox 3574 3805 3701 3874; x_wconf 91' lang='lat' dir='ltr'><strong>quid</strong></span> <span class='ocrx_word' id='word_1_416' title='bbox 3732 3813 3782 3856; x_wconf 91' lang='lat' dir='ltr'><strong>te</strong></span> <span class='ocrx_word' id='word_1_417' title='bbox 3808 3816 3976 3871; x_wconf 88' lang='lat' dir='ltr'><strong>opor-</strong></span> 
     </span>
    </p>
   </div>
   <div class='ocr_carea' id='block_1_57' title="bbox 715 3891 3975 3987">
    <p class='ocr_par' dir='ltr' id='par_1_57' title="bbox 715 3891 3975 3987">
     <span class='ocr_line' id='line_1_58' title="bbox 715 3891 3975 3987; baseline -0.001 -38"><span class='ocrx_word' id='word_1_418' title='bbox 715 3896 1024 3966; x_wconf 89' lang='lat' dir='ltr'><strong>injunetum,</strong></span> <span class='ocrx_word' id='word_1_419' title='bbox 1066 3901 1151 3955; x_wconf 88' lang='lat' dir='ltr'><strong>vel</strong></span> <span class='ocrx_word' id='word_1_420' title='bbox 1182 3901 1249 3955; x_wconf 87' lang='lat' dir='ltr'><strong>ab</strong></span> <span class='ocrx_word' id='word_1_421' title='bbox 1281 3901 1607 3955; x_wconf 89' lang='lat' dir='ltr'><strong>auctoritate</strong></span> <span class='ocrx_word' id='word_1_422' title='bbox 1640 3901 1808 3970; x_wconf 91' lang='lat' dir='ltr'><strong>ipsius</strong></span> <span class='ocrx_word' id='word_1_423' title='bbox 1843 3902 2069 3955; x_wconf 81' lang='lat' dir='ltr'><strong>Romani</strong></span> <span class='ocrx_word' id='word_1_424' title='bbox 2099 3903 2282 3971; x_wconf 88' lang='lat' dir='ltr'><strong>ponti-</strong></span> <span class='ocrx_word' id='word_1_425' title='bbox 2314 3925 2357 3987; x_wconf 70' lang='grc' dir='ltr'><strong>ρ</strong></span> <span class='ocrx_word' id='word_1_426' title='bbox 2391 3910 2501 3956; x_wconf 88' lang='lat' dir='ltr'><strong>teat</strong></span> <span class='ocrx_word' id='word_1_427' title='bbox 2538 3902 2716 3955; x_wconf 81' lang='lat' dir='ltr'><strong>facere</strong></span> <span class='ocrx_word' id='word_1_428' title='bbox 2749 3901 2886 3965; x_wconf 81' lang='lat' dir='ltr'><strong>(Act.</strong></span> <span class='ocrx_word' id='word_1_429' title='bbox 2914 3900 2991 3969; x_wconf 70' lang='grc' dir='ltr'><strong>κ).</strong></span> <span class='ocrx_word' id='word_1_430' title='bbox 3018 3918 3035 3949; x_wconf 77' lang='grc' dir='ltr'><strong><em>ι</em></strong></span> <span class='ocrx_word' id='word_1_431' title='bbox 3064 3896 3287 3951; x_wconf 81' lang='lat' dir='ltr'><strong>Poterat</strong></span> <span class='ocrx_word' id='word_1_432' title='bbox 3315 3896 3473 3966; x_wconf 90' lang='lat' dir='ltr'><strong>plane</strong></span> <span class='ocrx_word' id='word_1_433' title='bbox 3500 3903 3723 3948; x_wconf 89' lang='lat' dir='ltr'><strong>sanctus</strong></span> <span class='ocrx_word' id='word_1_434' title='bbox 3748 3891 3975 3961; x_wconf 80' lang='lat' dir='ltr'><strong>angelus</strong></span> 
     </span>
    </p>
   </div>
   <div class='ocr_carea' id='block_1_58' title="bbox 715 3988 2284 4061">
    <p class='ocr_par' dir='ltr' id='par_1_58' title="bbox 715 3988 2284 4061">
     <span class='ocr_line' id='line_1_59' title="bbox 715 3988 2284 4061; baseline 0.005 -21"><span class='ocrx_word' id='word_1_435' title='bbox 715 3988 823 4043; x_wconf 89' lang='lat' dir='ltr'><strong>ﬁcis</strong></span> <span class='ocrx_word' id='word_1_436' title='bbox 872 3991 1039 4045; x_wconf 81' lang='lat' dir='ltr'><strong>fuerit</strong></span> <span class='ocrx_word' id='word_1_437' title='bbox 1092 3992 1437 4060; x_wconf 81' lang='lat' dir='ltr'><strong>imperatum.</strong></span> <span class='ocrx_word' id='word_1_438' title='bbox 1490 3992 1625 4045; x_wconf 89' lang='lat' dir='ltr'><strong>Nam</strong></span> <span class='ocrx_word' id='word_1_439' title='bbox 1682 4006 1788 4060; x_wconf 89' lang='lat' dir='ltr'><strong>quo</strong></span> <span class='ocrx_word' id='word_1_440' title='bbox 1814 4001 1974 4061; x_wconf 82' lang='lat' dir='ltr'><strong>pacto</strong></span> <span class='ocrx_word' id='word_1_441' title='bbox 2013 4008 2284 4047; x_wconf 85' lang='lat' dir='ltr'><strong>summum</strong></span> 
     </span>
    </p>
   </div>
   <div class='ocr_carea' id='block_1_59' title="bbox 714 4081 2283 4152">
    <p class='ocr_par' dir='ltr' id='par_1_59' title="bbox 714 4081 2283 4152">
     <span class='ocr_line' id='line_1_60' title="bbox 714 4081 2283 4152; baseline 0.004 -22"><span class='ocrx_word' id='word_1_442' title='bbox 714 4081 975 4148; x_wconf 88' lang='lat' dir='ltr'><strong>negotium</strong></span> <span class='ocrx_word' id='word_1_443' title='bbox 1003 4083 1257 4150; x_wconf 83' lang='lat' dir='ltr'><strong>imperito</strong></span> <span class='ocrx_word' id='word_1_444' title='bbox 1283 4081 1488 4135; x_wconf 90' lang='lat' dir='ltr'><strong>homini</strong></span> <span class='ocrx_word' id='word_1_445' title='bbox 1519 4082 1836 4149; x_wconf 88' lang='lat' dir='ltr'><strong>dignaretur</strong></span> <span class='ocrx_word' id='word_1_446' title='bbox 1862 4082 2163 4152; x_wconf 87' lang='lat' dir='ltr'><strong>injungere,</strong></span> <span class='ocrx_word' id='word_1_447' title='bbox 2190 4083 2283 4151; x_wconf 90' lang='lat' dir='ltr'><strong>qui</strong></span> 
     </span>
    </p>
   </div>
   <div class='ocr_carea' id='block_1_60' title="bbox 716 4172 2285 4243">
    <p class='ocr_par' dir='ltr' id='par_1_60' title="bbox 716 4172 2285 4243">
     <span class='ocr_line' id='line_1_61' title="bbox 716 4172 2285 4243; baseline 0.003 -21"><span class='ocrx_word' id='word_1_448' title='bbox 716 4177 787 4223; x_wconf 90' lang='lat' dir='ltr'><strong>tot</strong></span> <span class='ocrx_word' id='word_1_449' title='bbox 812 4172 1014 4226; x_wconf 89' lang='lat' dir='ltr'><strong>sanctis</strong></span> <span class='ocrx_word' id='word_1_450' title='bbox 1056 4187 1120 4226; x_wconf 90' lang='lat' dir='ltr'><strong>ac</strong></span> <span class='ocrx_word' id='word_1_451' title='bbox 1156 4172 1501 4241; x_wconf 86' lang='lat' dir='ltr'><strong>peritissimis</strong></span> <span class='ocrx_word' id='word_1_452' title='bbox 1532 4172 1664 4225; x_wconf 91' lang='lat' dir='ltr'><strong>viris</strong></span> <span class='ocrx_word' id='word_1_453' title='bbox 1701 4186 1884 4226; x_wconf 90' lang='lat' dir='ltr'><strong>secum</strong></span> <span class='ocrx_word' id='word_1_454' title='bbox 1917 4174 2119 4243; x_wconf 84' lang='lat' dir='ltr'><strong>jugiter</strong></span> <span class='ocrx_word' id='word_1_455' title='bbox 2156 4190 2285 4228; x_wconf 84' lang='lat' dir='ltr'><strong>con-</strong></span> 
     </span>
    </p>
   </div>
   <div class='ocr_carea' id='block_1_61' title="bbox 712 4259 2283 4330">
    <p class='ocr_par' dir='ltr' id='par_1_61' title="bbox 712 4259 2283 4330">
     <span class='ocr_line' id='line_1_62' title="bbox 712 4259 2283 4330; baseline 0.005 -22"><span class='ocrx_word' id='word_1_456' title='bbox 712 4259 1047 4314; x_wconf 77' lang='lat' dir='ltr'><strong>versantibus</strong></span> <span class='ocrx_word' id='word_1_457' title='bbox 1076 4274 1183 4314; x_wconf 90' lang='lat' dir='ltr'><strong>non</strong></span> <span class='ocrx_word' id='word_1_458' title='bbox 1211 4259 1502 4330; x_wconf 79' lang='lat' dir='ltr'><strong>ambigitur</strong></span> <span class='ocrx_word' id='word_1_459' title='bbox 1530 4260 1962 4315; x_wconf 85' lang='lat' dir='ltr'><strong>abundare?Sed</strong></span> <span class='ocrx_word' id='word_1_460' title='bbox 1988 4262 2138 4329; x_wconf 89' lang='lat' dir='ltr'><strong>quia,</strong></span> <span class='ocrx_word' id='word_1_461' title='bbox 2158 4261 2283 4316; x_wconf 90' lang='lat' dir='ltr'><strong>licet</strong></span> 
     </span>
    </p>
   </div>
   <div class='ocr_carea' id='block_1_62' title="bbox 713 4346 2281 4417">
    <p class='ocr_par' dir='ltr' id='par_1_62' title="bbox 713 4346 2281 4417">
     <span class='ocr_line' id='line_1_63' title="bbox 713 4346 2281 4417; baseline 0.005 -18"><span class='ocrx_word' id='word_1_462' title='bbox 713 4346 923 4417; x_wconf 84' lang='lat' dir='ltr'><strong>ignarus</strong></span> <span class='ocrx_word' id='word_1_463' title='bbox 946 4350 1075 4415; x_wconf 91' lang='lat' dir='ltr'><strong>sim,</strong></span> <span class='ocrx_word' id='word_1_464' title='bbox 1102 4359 1155 4403; x_wconf 89' lang='lat' dir='ltr'><strong>et</strong></span> <span class='ocrx_word' id='word_1_465' title='bbox 1182 4350 1391 4405; x_wconf 89' lang='lat' dir='ltr'><strong>inutilis</strong></span> <span class='ocrx_word' id='word_1_466' title='bbox 1422 4366 1614 4405; x_wconf 88' lang='lat' dir='ltr'><strong>servus</strong></span> <span class='ocrx_word' id='word_1_467' title='bbox 1653 4352 1707 4404; x_wconf 91' lang='lat' dir='ltr'><strong>in</strong></span> <span class='ocrx_word' id='word_1_468' title='bbox 1742 4352 1901 4406; x_wconf 93' lang='lat' dir='ltr'><strong>domo</strong></span> <span class='ocrx_word' id='word_1_469' title='bbox 1931 4352 2144 4406; x_wconf 86' lang='lat' dir='ltr'><strong>Domini</strong></span> <span class='ocrx_word' id='word_1_470' title='bbox 2176 4354 2281 4408; x_wconf 90' lang='lat' dir='ltr'><strong>mei</strong></span> 
     </span>
    </p>
   </div>
   <div class='ocr_carea' id='block_1_63' title="bbox 712 4432 2282 4510">
    <p class='ocr_par' dir='ltr' id='par_1_63' title="bbox 712 4432 2282 4510">
     <span class='ocr_line' id='line_1_64' title="bbox 712 4432 2282 4510; baseline 0.005 -22"><span class='ocrx_word' id='word_1_471' title='bbox 712 4432 858 4503; x_wconf 73' lang='lat' dir='ltr'><strong>Iesu,</strong></span> <span class='ocrx_word' id='word_1_472' title='bbox 915 4439 1021 4493; x_wconf 90' lang='lat' dir='ltr'><strong>illis</strong></span> <span class='ocrx_word' id='word_1_473' title='bbox 1071 4439 1234 4494; x_wconf 90' lang='lat' dir='ltr'><strong>etiam</strong></span> <span class='ocrx_word' id='word_1_474' title='bbox 1296 4439 1376 4494; x_wconf 91' lang='lat' dir='ltr'><strong>eis</strong></span> <span class='ocrx_word' id='word_1_475' title='bbox 1437 4440 1712 4510; x_wconf 85' lang='lat' dir='ltr'><strong>obsequiis</strong></span> <span class='ocrx_word' id='word_1_476' title='bbox 1777 4440 2142 4510; x_wconf 90' lang='lat' dir='ltr'><strong>importunum</strong></span> <span class='ocrx_word' id='word_1_477' title='bbox 2194 4457 2282 4496; x_wconf 92' lang='lat' dir='ltr'><strong>me</strong></span> 
     </span>
    </p>
   </div>
   <div class='ocr_carea' id='block_1_64' title="bbox 712 4524 2281 4604">
    <p class='ocr_par' dir='ltr' id='par_1_64' title="bbox 712 4524 2281 4604">
     <span class='ocr_line' id='line_1_65' title="bbox 712 4524 2281 4604; baseline 0.005 -24"><span class='ocrx_word' id='word_1_478' title='bbox 712 4524 836 4583; x_wconf 90' lang='lat' dir='ltr'><strong>libet</strong></span> <span class='ocrx_word' id='word_1_479' title='bbox 862 4531 1141 4601; x_wconf 89' lang='lat' dir='ltr'><strong>ingerere,</strong></span> <span class='ocrx_word' id='word_1_480' title='bbox 1178 4531 1246 4585; x_wconf 90' lang='lat' dir='ltr'><strong>ad</strong></span> <span class='ocrx_word' id='word_1_481' title='bbox 1273 4546 1394 4601; x_wconf 64' lang='lat' dir='ltr'><strong>quae</strong></span> <span class='ocrx_word' id='word_1_482' title='bbox 1423 4546 1584 4587; x_wconf 90' lang='lat' dir='ltr'><strong>nemo</strong></span> <span class='ocrx_word' id='word_1_483' title='bbox 1611 4547 1699 4587; x_wconf 90' lang='lat' dir='ltr'><strong>me</strong></span> <span class='ocrx_word' id='word_1_484' title='bbox 1733 4533 1985 4604; x_wconf 81' lang='lat' dir='ltr'><strong>dignatus</strong></span> <span class='ocrx_word' id='word_1_485' title='bbox 2030 4540 2112 4588; x_wconf 90' lang='lat' dir='ltr'><strong>est</strong></span> <span class='ocrx_word' id='word_1_486' title='bbox 2155 4548 2281 4603; x_wconf 87' lang='lat' dir='ltr'><strong>pro-</strong></span> 
     </span>
    </p>
   </div>
   <div class='ocr_carea' id='block_1_65' title="bbox 710 4614 1355 4675">
    <p class='ocr_par' dir='ltr' id='par_1_65' title="bbox 710 4614 1355 4675">
     <span class='ocr_line' id='line_1_66' title="bbox 710 4614 1355 4675; baseline 0.009 -6"><span class='ocrx_word' id='word_1_487' title='bbox 710 4630 914 4675; x_wconf 86' lang='lat' dir='ltr'><strong>vocare.</strong></span> <span class='ocrx_word' id='word_1_488' title='bbox 1352 4614 1355 4617; x_wconf 74' lang='grc'><em>’</em></span> 
     </span>
    </p>
   </div>
   <div class='ocr_carea' id='block_1_66' title="bbox 1215 4713 1767 4771">
    <p class='ocr_par' dir='ltr' id='par_1_66' title="bbox 1215 4713 1767 4771">
     <span class='ocr_line' id='line_1_67' title="bbox 1215 4713 1767 4771; baseline 0 -2"><span class='ocrx_word' id='word_1_489' title='bbox 1215 4713 1442 4770; x_wconf 81' lang='lat' dir='ltr'><strong>CAPUT</strong></span> <span class='ocrx_word' id='word_1_490' title='bbox 1481 4713 1767 4771; x_wconf 80' lang='lat' dir='ltr'><strong>PRIMUM.</strong></span> 
     </span>
    </p>
   </div>
   <div class='ocr_carea' id='block_1_67' title="bbox 982 4802 1990 4875">
    <p class='ocr_par' dir='ltr' id='par_1_67' title="bbox 982 4802 1990 4875">
     <span class='ocr_line' id='line_1_68' title="bbox 982 4802 1990 4875; baseline 0.002 -17"><span class='ocrx_word' id='word_1_491' title='bbox 982 4802 1061 4858; x_wconf 78' lang='lat' dir='ltr'><strong>De</strong></span> <span class='ocrx_word' id='word_1_492' title='bbox 1098 4806 1410 4858; x_wconf 82' lang='lat' dir='ltr'><strong>auctoritate</strong></span> <span class='ocrx_word' id='word_1_493' title='bbox 1446 4802 1669 4858; x_wconf 83' lang='lat' dir='ltr'><strong>Romani</strong></span> <span class='ocrx_word' id='word_1_494' title='bbox 1708 4807 1990 4875; x_wconf 77' lang='lat' dir='ltr'><strong>pontiﬁcis.</strong></span> 
     </span>
    </p>
   </div>
   <div class='ocr_carea' id='block_1_68' title="bbox 778 4890 2277 4966">
    <p class='ocr_par' dir='ltr' id='par_1_68' title="bbox 778 4890 2277 4966">
     <span class='ocr_line' id='line_1_69' title="bbox 778 4890 2277 4966; baseline 0.003 -19"><span class='ocrx_word' id='word_1_495' title='bbox 778 4890 1082 4950; x_wconf 81' lang='lat' dir='ltr'><strong>Laudabilis</strong></span> <span class='ocrx_word' id='word_1_496' title='bbox 1107 4895 1264 4964; x_wconf 90' lang='lat' dir='ltr'><strong>plane</strong></span> <span class='ocrx_word' id='word_1_497' title='bbox 1286 4894 1592 4950; x_wconf 89' lang='lat' dir='ltr'><strong>sanctitatis</strong></span> <span class='ocrx_word' id='word_1_498' title='bbox 1615 4906 1809 4951; x_wconf 68' lang='lat' dir='ltr'><strong>vestra:</strong></span> <span class='ocrx_word' id='word_1_499' title='bbox 1848 4897 2135 4966; x_wconf 90' lang='lat' dir='ltr'><strong>prudentia</strong></span> <span class='ocrx_word' id='word_1_500' title='bbox 2152 4939 2166 4964; x_wconf 91' lang='lat'><strong>,</strong></span> <span class='ocrx_word' id='word_1_501' title='bbox 2222 4906 2277 4957; x_wconf 80' lang='lat' dir='ltr'><strong>et</strong></span> 
     </span>
    </p>
   </div>
   <div class='ocr_carea' id='block_1_69' title="bbox 713 4982 2275 5057">
    <p class='ocr_par' dir='ltr' id='par_1_69' title="bbox 713 4982 2275 5057">
     <span class='ocr_line' id='line_1_70' title="bbox 713 4982 2275 5057; baseline 0.006 -22"><span class='ocrx_word' id='word_1_502' title='bbox 713 4982 845 5051; x_wconf 88' lang='lat' dir='ltr'><strong>digni</strong></span> <span class='ocrx_word' id='word_1_503' title='bbox 862 4984 1062 5041; x_wconf 84' lang='lat' dir='ltr'><strong>favoris</strong></span> <span class='ocrx_word' id='word_1_504' title='bbox 1082 4995 1166 5041; x_wconf 92' lang='lat' dir='ltr'><strong>est</strong></span> <span class='ocrx_word' id='word_1_505' title='bbox 1188 4987 1477 5040; x_wconf 89' lang='lat' dir='ltr'><strong>attollenda</strong></span> <span class='ocrx_word' id='word_1_506' title='bbox 1499 4988 1803 5056; x_wconf 69' lang='lat' dir='ltr'><strong>prrecouiis,</strong></span> <span class='ocrx_word' id='word_1_507' title='bbox 1821 5004 1941 5057; x_wconf 72' lang='lat' dir='ltr'><strong>qua:</strong></span> <span class='ocrx_word' id='word_1_508' title='bbox 1962 4989 2275 5045; x_wconf 88' lang='lat' dir='ltr'><strong>solvendam</strong></span> 
     </span>
    </p>
   </div>
   <div class='ocr_carea' id='block_1_70' title="bbox 713 5072 2271 5148">
    <p class='ocr_par' dir='ltr' id='par_1_70' title="bbox 713 5072 2271 5148">
     <span class='ocr_line' id='line_1_71' title="bbox 713 5072 2271 5148; baseline 0.007 -26"><span class='ocrx_word' id='word_1_509' title='bbox 713 5074 873 5127; x_wconf 86' lang='lat' dir='ltr'><strong>sancti</strong></span> <span class='ocrx_word' id='word_1_510' title='bbox 888 5072 1123 5144; x_wconf 88' lang='lat' dir='ltr'><strong>Spiritus</strong></span> <span class='ocrx_word' id='word_1_511' title='bbox 1143 5077 1494 5145; x_wconf 78' lang='lat' dir='ltr'><strong>quzestionem</strong></span> <span class='ocrx_word' id='word_1_512' title='bbox 1512 5116 1525 5141; x_wconf 92' lang='lat'><strong>,</strong></span> <span class='ocrx_word' id='word_1_513' title='bbox 1541 5092 1646 5130; x_wconf 90' lang='lat' dir='ltr'><strong>non</strong></span> <span class='ocrx_word' id='word_1_514' title='bbox 1663 5078 1728 5131; x_wconf 91' lang='lat' dir='ltr'><strong>ad</strong></span> <span class='ocrx_word' id='word_1_515' title='bbox 1749 5077 1913 5131; x_wconf 92' lang='lat' dir='ltr'><strong>alium</strong></span> <span class='ocrx_word' id='word_1_516' title='bbox 1935 5080 2240 5148; x_wconf 89' lang='lat' dir='ltr'><strong>quempiam</strong></span> <span class='ocrx_word' id='word_1_517' title='bbox 2256 5120 2271 5144; x_wconf 94' lang='lat'><strong>,</strong></span> 
     </span>
    </p>
   </div>
   <div class='ocr_carea' id='block_1_71' title="bbox 713 5163 2273 5239">
    <p class='ocr_par' dir='ltr' id='par_1_71' title="bbox 713 5163 2273 5239">
     <span class='ocr_line' id='line_1_72' title="bbox 713 5163 2273 5239; baseline 0.007 -25"><span class='ocrx_word' id='word_1_518' title='bbox 713 5163 797 5215; x_wconf 89' lang='lat' dir='ltr'><strong>sed</strong></span> <span class='ocrx_word' id='word_1_519' title='bbox 824 5167 886 5218; x_wconf 88' lang='lat' dir='ltr'><strong>ad</strong></span> <span class='ocrx_word' id='word_1_520' title='bbox 906 5165 1122 5221; x_wconf 88' lang='lat' dir='ltr'><strong>Petrum</strong></span> <span class='ocrx_word' id='word_1_521' title='bbox 1146 5167 1453 5236; x_wconf 80' lang='lat' dir='ltr'><strong>Specialiter</strong></span> <span class='ocrx_word' id='word_1_522' title='bbox 1476 5165 1900 5239; x_wconf 89' lang='lat' dir='ltr'><strong>[attulit],quem</strong></span> <span class='ocrx_word' id='word_1_523' title='bbox 1921 5170 2157 5225; x_wconf 76' lang='lat' dir='ltr'><strong>ctelestis</strong></span> <span class='ocrx_word' id='word_1_524' title='bbox 2186 5186 2273 5225; x_wconf 85' lang='lat' dir='ltr'><strong>sa-</strong></span> 
     </span>
    </p>
   </div>
   <div class='ocr_carea' id='block_1_72' title="bbox 2390 3986 3975 4059">
    <p class='ocr_par' dir='ltr' id='par_1_72' title="bbox 2390 3986 3975 4059">
     <span class='ocr_line' id='line_1_73' title="bbox 2390 3986 3975 4059; baseline -0.007 -12"><span class='ocrx_word' id='word_1_525' title='bbox 2390 3992 2660 4047; x_wconf 89' lang='lat' dir='ltr'><strong>homincm</strong></span> <span class='ocrx_word' id='word_1_526' title='bbox 2679 3992 2876 4045; x_wconf 89' lang='lat' dir='ltr'><strong>docere</strong></span> <span class='ocrx_word' id='word_1_527' title='bbox 2896 3988 3150 4059; x_wconf 91' lang='lat' dir='ltr'><strong>gentilem</strong></span> <span class='ocrx_word' id='word_1_528' title='bbox 3172 3987 3300 4056; x_wconf 91' lang='lat' dir='ltr'><strong>quid</strong></span> <span class='ocrx_word' id='word_1_529' title='bbox 3329 3987 3431 4041; x_wconf 89' lang='lat' dir='ltr'><strong>sibi</strong></span> <span class='ocrx_word' id='word_1_530' title='bbox 3450 3992 3782 4053; x_wconf 84' lang='lat' dir='ltr'><strong>competeret</strong></span> <span class='ocrx_word' id='word_1_531' title='bbox 3800 3986 3867 4037; x_wconf 90' lang='lat' dir='ltr'><strong>ad</strong></span> <span class='ocrx_word' id='word_1_532' title='bbox 3890 3997 3975 4037; x_wconf 83' lang='lat' dir='ltr'><strong>sa-</strong></span> 
     </span>
    </p>
   </div>
   <div class='ocr_carea' id='block_1_73' title="bbox 2387 4075 3975 4148">
    <p class='ocr_par' dir='ltr' id='par_1_73' title="bbox 2387 4075 3975 4148">
     <span class='ocr_line' id='line_1_74' title="bbox 2387 4075 3975 4148; baseline -0.002 -13"><span class='ocrx_word' id='word_1_533' title='bbox 2387 4082 2584 4147; x_wconf 91' lang='lat' dir='ltr'><strong>lutem;</strong></span> <span class='ocrx_word' id='word_1_534' title='bbox 2620 4082 2713 4136; x_wconf 90' lang='lat' dir='ltr'><strong>sed</strong></span> <span class='ocrx_word' id='word_1_535' title='bbox 2744 4078 2904 4148; x_wconf 87' lang='lat' dir='ltr'><strong>hujus</strong></span> <span class='ocrx_word' id='word_1_536' title='bbox 2944 4092 3212 4148; x_wconf 91' lang='lat' dir='ltr'><strong>usurpare</strong></span> <span class='ocrx_word' id='word_1_537' title='bbox 3246 4076 3465 4131; x_wconf 91' lang='lat' dir='ltr'><strong>nolebat</strong></span> <span class='ocrx_word' id='word_1_538' title='bbox 3487 4075 3723 4131; x_wconf 79' lang='lat' dir='ltr'><strong>oﬁicium</strong></span> <span class='ocrx_word' id='word_1_539' title='bbox 3748 4114 3764 4141; x_wconf 92' lang='lat'><strong>,</strong></span> <span class='ocrx_word' id='word_1_540' title='bbox 3816 4075 3975 4145; x_wconf 71' lang='lat' dir='ltr'><strong>cujus</strong></span> 
     </span>
    </p>
   </div>
   <div class='ocr_carea' id='block_1_74' title="bbox 2387 4168 3466 4227">
    <p class='ocr_par' dir='ltr' id='par_1_74' title="bbox 2387 4168 3466 4227">
     <span class='ocr_line' id='line_1_75' title="bbox 2387 4168 3466 4227; baseline -0.006 0"><span class='ocrx_word' id='word_1_541' title='bbox 2387 4172 2614 4227; x_wconf 88' lang='lat' dir='ltr'><strong>docendi</strong></span> <span class='ocrx_word' id='word_1_542' title='bbox 2645 4180 2872 4226; x_wconf 88' lang='lat' dir='ltr'><strong>noverat</strong></span> <span class='ocrx_word' id='word_1_543' title='bbox 2899 4168 3068 4224; x_wconf 83' lang='lat' dir='ltr'><strong>fuisse</strong></span> <span class='ocrx_word' id='word_1_544' title='bbox 3094 4169 3466 4224; x_wconf 88' lang='lat' dir='ltr'><strong>commissum.</strong></span> 
     </span>
    </p>
   </div>
   <div class='ocr_carea' id='block_1_75' title="bbox 2457 4260 3974 4333">
    <p class='ocr_par' dir='ltr' id='par_1_75' title="bbox 2457 4260 3974 4333">
     <span class='ocr_line' id='line_1_76' title="bbox 2457 4260 3974 4333; baseline 0 -17"><span class='ocrx_word' id='word_1_545' title='bbox 2457 4263 2593 4330; x_wconf 84' lang='lat' dir='ltr'><strong>Quid</strong></span> <span class='ocrx_word' id='word_1_546' title='bbox 2640 4278 2769 4333; x_wconf 91' lang='lat' dir='ltr'><strong>ergo</strong></span> <span class='ocrx_word' id='word_1_547' title='bbox 2825 4263 3021 4316; x_wconf 90' lang='lat' dir='ltr'><strong>mirum</strong></span> <span class='ocrx_word' id='word_1_548' title='bbox 3060 4261 3105 4316; x_wconf 89' lang='lat' dir='ltr'><strong>si</strong></span> <span class='ocrx_word' id='word_1_549' title='bbox 3161 4262 3446 4326; x_wconf 89' lang='lat' dir='ltr'><strong>sacerdos,</strong></span> <span class='ocrx_word' id='word_1_550' title='bbox 3502 4260 3631 4315; x_wconf 89' lang='lat' dir='ltr'><strong>licet</strong></span> <span class='ocrx_word' id='word_1_551' title='bbox 3682 4260 3974 4317; x_wconf 89' lang='lat' dir='ltr'><strong>sanctitate</strong></span> 
     </span>
    </p>
   </div>
   <div class='ocr_carea' id='block_1_76' title="bbox 2385 4350 3966 4421">
    <p class='ocr_par' dir='ltr' id='par_1_76' title="bbox 2385 4350 3966 4421">
     <span class='ocr_line' id='line_1_77' title="bbox 2385 4350 3966 4421; baseline -0.001 -14"><span class='ocrx_word' id='word_1_552' title='bbox 2385 4354 2732 4421; x_wconf 86' lang='lat' dir='ltr'><strong>conspicuus,</strong></span> <span class='ocrx_word' id='word_1_553' title='bbox 2751 4352 2882 4407; x_wconf 88' lang='lat' dir='ltr'><strong>licet</strong></span> <span class='ocrx_word' id='word_1_554' title='bbox 2906 4351 3137 4421; x_wconf 91' lang='lat' dir='ltr'><strong>eloquiis</strong></span> <span class='ocrx_word' id='word_1_555' title='bbox 3166 4350 3365 4407; x_wconf 87' lang='lat' dir='ltr'><strong>divinis</strong></span> <span class='ocrx_word' id='word_1_556' title='bbox 3386 4352 3737 4405; x_wconf 86' lang='lat' dir='ltr'><strong>vehementer</strong></span> <span class='ocrx_word' id='word_1_557' title='bbox 3764 4350 3966 4405; x_wconf 87' lang='lat' dir='ltr'><strong>instru-</strong></span> 
     </span>
    </p>
   </div>
   <div class='ocr_carea' id='block_1_77' title="bbox 2385 4442 3969 4513">
    <p class='ocr_par' dir='ltr' id='par_1_77' title="bbox 2385 4442 3969 4513">
     <span class='ocr_line' id='line_1_78' title="bbox 2385 4442 3969 4513; baseline -0.001 -15"><span class='ocrx_word' id='word_1_558' title='bbox 2385 4452 2527 4509; x_wconf 89' lang='lat' dir='ltr'><strong>ctus,</strong></span> <span class='ocrx_word' id='word_1_559' title='bbox 2562 4445 2627 4497; x_wconf 88' lang='lat' dir='ltr'><strong>ad</strong></span> <span class='ocrx_word' id='word_1_560' title='bbox 2656 4442 3024 4513; x_wconf 87' lang='lat' dir='ltr'><strong>apostolorum</strong></span> <span class='ocrx_word' id='word_1_561' title='bbox 3067 4442 3328 4512; x_wconf 91' lang='lat' dir='ltr'><strong>principis</strong></span> <span class='ocrx_word' id='word_1_562' title='bbox 3366 4444 3737 4513; x_wconf 86' lang='lat' dir='ltr'><strong>magisterium</strong></span> <span class='ocrx_word' id='word_1_563' title='bbox 3779 4443 3969 4511; x_wconf 88' lang='lat' dir='ltr'><strong>misit,</strong></span> 
     </span>
    </p>
   </div>
   <div class='ocr_carea' id='block_1_78' title="bbox 2384 4533 3971 4605">
    <p class='ocr_par' dir='ltr' id='par_1_78' title="bbox 2384 4533 3971 4605">
     <span class='ocr_line' id='line_1_79' title="bbox 2384 4533 3971 4605; baseline 0 -18"><span class='ocrx_word' id='word_1_564' title='bbox 2384 4536 2450 4589; x_wconf 89' lang='lat' dir='ltr'><strong>ad</strong></span> <span class='ocrx_word' id='word_1_565' title='bbox 2479 4550 2637 4605; x_wconf 91' lang='lat' dir='ltr'><strong>quem</strong></span> <span class='ocrx_word' id='word_1_566' title='bbox 2664 4536 2826 4589; x_wconf 90' lang='lat' dir='ltr'><strong>etiam</strong></span> <span class='ocrx_word' id='word_1_567' title='bbox 2857 4534 3078 4605; x_wconf 90' lang='lat' dir='ltr'><strong>angelus</strong></span> <span class='ocrx_word' id='word_1_568' title='bbox 3104 4534 3330 4589; x_wconf 91' lang='lat' dir='ltr'><strong>docendi</strong></span> <span class='ocrx_word' id='word_1_569' title='bbox 3353 4535 3525 4605; x_wconf 90' lang='lat' dir='ltr'><strong>gratia</strong></span> <span class='ocrx_word' id='word_1_570' title='bbox 3548 4533 3815 4602; x_wconf 89' lang='lat' dir='ltr'><strong>primitias</strong></span> <span class='ocrx_word' id='word_1_571' title='bbox 3842 4548 3971 4603; x_wconf 84' lang='lat' dir='ltr'><strong>gen-</strong></span> 
     </span>
    </p>
   </div>
   <div class='ocr_carea' id='block_1_79' title="bbox 2382 4624 3969 4684">
    <p class='ocr_par' dir='ltr' id='par_1_79' title="bbox 2382 4624 3969 4684">
     <span class='ocr_line' id='line_1_80' title="bbox 2382 4624 3969 4684; baseline -0.001 -1"><span class='ocrx_word' id='word_1_572' title='bbox 2382 4630 2517 4684; x_wconf 88' lang='lat' dir='ltr'><strong>tium</strong></span> <span class='ocrx_word' id='word_1_573' title='bbox 2548 4627 2859 4682; x_wconf 88' lang='lat' dir='ltr'><strong>Cornelium</strong></span> <span class='ocrx_word' id='word_1_574' title='bbox 2882 4626 3210 4682; x_wconf 88' lang='lat' dir='ltr'><strong>destinavit?</strong></span> <span class='ocrx_word' id='word_1_575' title='bbox 3247 4625 3400 4679; x_wconf 91' lang='lat' dir='ltr'><strong>Pauli</strong></span> <span class='ocrx_word' id='word_1_576' title='bbox 3431 4626 3593 4679; x_wconf 90' lang='lat' dir='ltr'><strong>etiam</strong></span> <span class='ocrx_word' id='word_1_577' title='bbox 3639 4626 3705 4680; x_wconf 87' lang='lat' dir='ltr'><strong>ad</strong></span> <span class='ocrx_word' id='word_1_578' title='bbox 3746 4624 3969 4681; x_wconf 82' lang='lat' dir='ltr'><strong>Galatas</strong></span> 
     </span>
    </p>
   </div>
   <div class='ocr_carea' id='block_1_80' title="bbox 2383 4713 3970 4785">
    <p class='ocr_par' dir='ltr' id='par_1_80' title="bbox 2383 4713 3970 4785">
     <span class='ocr_line' id='line_1_81' title="bbox 2383 4713 3970 4785; baseline -0.003 -11"><span class='ocrx_word' id='word_1_579' title='bbox 2383 4720 2497 4774; x_wconf 65' lang='lat' dir='ltr'><strong>haec</strong></span> <span class='ocrx_word' id='word_1_580' title='bbox 2518 4718 2684 4773; x_wconf 89' lang='lat' dir='ltr'><strong>verba</strong></span> <span class='ocrx_word' id='word_1_581' title='bbox 2714 4724 2839 4771; x_wconf 89' lang='lat' dir='ltr'><strong>sunt</strong></span> <span class='ocrx_word' id='word_1_582' title='bbox 2864 4730 2878 4769; x_wconf 89' lang='lat'><strong>:</strong></span> <span class='ocrx_word' id='word_1_583' title='bbox 2916 4734 2935 4766; x_wconf 83' lang='grc'><strong>‹</strong></span> <span class='ocrx_word' id='word_1_584' title='bbox 2968 4715 3167 4769; x_wconf 90' lang='lat' dir='ltr'><strong>Paulus</strong></span> <span class='ocrx_word' id='word_1_585' title='bbox 3190 4714 3469 4785; x_wconf 90' lang='lat' dir='ltr'><strong>apostolus</strong></span> <span class='ocrx_word' id='word_1_586' title='bbox 3499 4729 3673 4782; x_wconf 90' lang='lat' dir='ltr'><strong>neque</strong></span> <span class='ocrx_word' id='word_1_587' title='bbox 3697 4714 3763 4769; x_wconf 90' lang='lat' dir='ltr'><strong>ab</strong></span> <span class='ocrx_word' id='word_1_588' title='bbox 3793 4713 3970 4769; x_wconf 90' lang='lat' dir='ltr'><strong>homi-</strong></span> 
     </span>
    </p>
   </div>
   <div class='ocr_carea' id='block_1_81' title="bbox 2380 4804 3964 4878">
    <p class='ocr_par' dir='ltr' id='par_1_81' title="bbox 2380 4804 3964 4878">
     <span class='ocr_line' id='line_1_82' title="bbox 2380 4804 3964 4878; baseline -0.004 -14"><span class='ocrx_word' id='word_1_589' title='bbox 2380 4810 2561 4874; x_wconf 89' lang='lat' dir='ltr'><strong>nibus,</strong></span> <span class='ocrx_word' id='word_1_590' title='bbox 2585 4822 2759 4878; x_wconf 89' lang='lat' dir='ltr'><strong>neque</strong></span> <span class='ocrx_word' id='word_1_591' title='bbox 2780 4823 2877 4877; x_wconf 93' lang='lat' dir='ltr'><strong>per</strong></span> <span class='ocrx_word' id='word_1_592' title='bbox 2899 4808 3196 4871; x_wconf 90' lang='lat' dir='ltr'><strong>hominem,</strong></span> <span class='ocrx_word' id='word_1_593' title='bbox 3213 4806 3309 4860; x_wconf 90' lang='lat' dir='ltr'><strong>sed</strong></span> <span class='ocrx_word' id='word_1_594' title='bbox 3336 4821 3433 4874; x_wconf 92' lang='lat' dir='ltr'><strong>per</strong></span> <span class='ocrx_word' id='word_1_595' title='bbox 3456 4804 3640 4859; x_wconf 84' lang='lat' dir='ltr'><strong>Jesum</strong></span> <span class='ocrx_word' id='word_1_596' title='bbox 3663 4804 3964 4871; x_wconf 85' lang='lat' dir='ltr'><strong>Christum,</strong></span> 
     </span>
    </p>
   </div>
   <div class='ocr_carea' id='block_1_82' title="bbox 2380 4892 3960 4966">
    <p class='ocr_par' dir='ltr' id='par_1_82' title="bbox 2380 4892 3960 4966">
     <span class='ocr_line' id='line_1_83' title="bbox 2380 4892 3960 4966; baseline -0.002 -12"><span class='ocrx_word' id='word_1_597' title='bbox 2380 4909 2436 4954; x_wconf 86' lang='lat' dir='ltr'><strong>et</strong></span> <span class='ocrx_word' id='word_1_598' title='bbox 2459 4898 2629 4953; x_wconf 88' lang='lat' dir='ltr'><strong>Deum</strong></span> <span class='ocrx_word' id='word_1_599' title='bbox 2656 4897 2893 4959; x_wconf 89' lang='lat' dir='ltr'><strong>Patrem,</strong></span> <span class='ocrx_word' id='word_1_600' title='bbox 2923 4896 3015 4966; x_wconf 88' lang='lat' dir='ltr'><strong>qui</strong></span> <span class='ocrx_word' id='word_1_601' title='bbox 3038 4895 3321 4949; x_wconf 87' lang='lat' dir='ltr'><strong>suscitavit</strong></span> <span class='ocrx_word' id='word_1_602' title='bbox 3347 4909 3472 4949; x_wconf 91' lang='lat' dir='ltr'><strong>eum</strong></span> <span class='ocrx_word' id='word_1_603' title='bbox 3500 4911 3530 4949; x_wconf 89' lang='lat' dir='ltr'><strong>a</strong></span> <span class='ocrx_word' id='word_1_604' title='bbox 3556 4895 3784 4948; x_wconf 78' lang='lat' dir='ltr'><strong>mortuis</strong></span> <span class='ocrx_word' id='word_1_605' title='bbox 3813 4892 3960 4964; x_wconf 85' lang='lat' dir='ltr'><strong>(Gal.</strong></span> 
     </span>
    </p>
   </div>
   <div class='ocr_carea' id='block_1_83' title="bbox 2380 4984 3966 5058">
    <p class='ocr_par' dir='ltr' id='par_1_83' title="bbox 2380 4984 3966 5058">
     <span class='ocr_line' id='line_1_84' title="bbox 2380 4984 3966 5058; baseline -0.001 -16"><span class='ocrx_word' id='word_1_606' title='bbox 2380 4988 2441 5058; x_wconf 84' lang='grc' dir='ltr'><strong>ι).</strong></span> <span class='ocrx_word' id='word_1_607' title='bbox 2474 5007 2493 5040; x_wconf 75' lang='grc' dir='ltr'><strong><em>ι</em></strong></span> <span class='ocrx_word' id='word_1_608' title='bbox 2523 4986 2622 5042; x_wconf 86' lang='lat' dir='ltr'><strong>Hic</strong></span> <span class='ocrx_word' id='word_1_609' title='bbox 2649 4988 2853 5056; x_wconf 88' lang='lat' dir='ltr'><strong>itaque,</strong></span> <span class='ocrx_word' id='word_1_610' title='bbox 2883 4987 2976 5055; x_wconf 90' lang='lat' dir='ltr'><strong>qui</strong></span> <span class='ocrx_word' id='word_1_611' title='bbox 2998 5002 3103 5041; x_wconf 92' lang='lat' dir='ltr'><strong>non</strong></span> <span class='ocrx_word' id='word_1_612' title='bbox 3134 4987 3202 5041; x_wconf 90' lang='lat' dir='ltr'><strong>ab</strong></span> <span class='ocrx_word' id='word_1_613' title='bbox 3234 4986 3567 5049; x_wconf 90' lang='lat' dir='ltr'><strong>hominibus,</strong></span> <span class='ocrx_word' id='word_1_614' title='bbox 3612 4985 3708 5040; x_wconf 89' lang='lat' dir='ltr'><strong>sed</strong></span> <span class='ocrx_word' id='word_1_615' title='bbox 3748 4984 3815 5039; x_wconf 89' lang='lat' dir='ltr'><strong>ab</strong></span> <span class='ocrx_word' id='word_1_616' title='bbox 3846 4984 3966 5053; x_wconf 86' lang='lat' dir='ltr'><strong>ipso</strong></span> 
     </span>
    </p>
   </div>
   <div class='ocr_carea' id='block_1_84' title="bbox 2378 5075 3963 5149">
    <p class='ocr_par' dir='ltr' id='par_1_84' title="bbox 2378 5075 3963 5149">
     <span class='ocr_line' id='line_1_85' title="bbox 2378 5075 3963 5149; baseline -0.001 -16"><span class='ocrx_word' id='word_1_617' title='bbox 2378 5077 2615 5142; x_wconf 88' lang='lat' dir='ltr'><strong>Christo,</strong></span> <span class='ocrx_word' id='word_1_618' title='bbox 2647 5086 2701 5131; x_wconf 88' lang='lat' dir='ltr'><strong>et</strong></span> <span class='ocrx_word' id='word_1_619' title='bbox 2730 5078 2840 5131; x_wconf 87' lang='lat' dir='ltr'><strong>Deo</strong></span> <span class='ocrx_word' id='word_1_620' title='bbox 2868 5077 3030 5131; x_wconf 88' lang='lat' dir='ltr'><strong>Patre</strong></span> <span class='ocrx_word' id='word_1_621' title='bbox 3064 5076 3240 5131; x_wconf 83' lang='lat' dir='ltr'><strong>fuerat</strong></span> <span class='ocrx_word' id='word_1_622' title='bbox 3284 5077 3465 5132; x_wconf 79' lang='lat' dir='ltr'><strong>factus</strong></span> <span class='ocrx_word' id='word_1_623' title='bbox 3491 5077 3765 5147; x_wconf 89' lang='lat' dir='ltr'><strong>apostolus</strong></span> <span class='ocrx_word' id='word_1_624' title='bbox 3797 5075 3963 5149; x_wconf 79' lang='lat'><strong>655</strong></span> 
     </span>
    </p>
   </div>
   <div class='ocr_carea' id='block_1_85' title="bbox 2377 5167 3958 5239">
    <p class='ocr_par' dir='ltr' id='par_1_85' title="bbox 2377 5167 3958 5239">
     <span class='ocr_line' id='line_1_86' title="bbox 2377 5167 3958 5239; baseline 0 -16"><span class='ocrx_word' id='word_1_625' title='bbox 2377 5179 2540 5239; x_wconf 88' lang='lat' dir='ltr'><strong>atque</strong></span> <span class='ocrx_word' id='word_1_626' title='bbox 2568 5170 2636 5224; x_wconf 91' lang='lat' dir='ltr'><strong>ab</strong></span> <span class='ocrx_word' id='word_1_627' title='bbox 2671 5176 2893 5224; x_wconf 89' lang='lat' dir='ltr'><strong>auctore</strong></span> <span class='ocrx_word' id='word_1_628' title='bbox 2929 5169 3207 5238; x_wconf 87' lang='lat' dir='ltr'><strong>sapientiae</strong></span> <span class='ocrx_word' id='word_1_629' title='bbox 3251 5167 3588 5224; x_wconf 82' lang='lat' dir='ltr'><strong>suﬂicientur</strong></span> <span class='ocrx_word' id='word_1_630' title='bbox 3622 5171 3917 5225; x_wconf 88' lang='lat' dir='ltr'><strong>instructus</strong></span> <span class='ocrx_word' id='word_1_631' title='bbox 3942 5208 3958 5235; x_wconf 91' lang='lat'><strong>,</strong></span> 
     </span>
    </p>
   </div>
   <div class='ocr_carea' id='block_1_86' title="bbox 713 5254 3961 5340">
    <p class='ocr_par' dir='ltr' id='par_1_86' title="bbox 713 5254 3961 5340">
     <span class='ocr_line' id='line_1_87' title="bbox 713 5254 3961 5340; baseline 0.002 -34"><span class='ocrx_word' id='word_1_632' title='bbox 713 5254 916 5319; x_wconf 71' lang='lat' dir='ltr'><strong>pientia)</strong></span> <span class='ocrx_word' id='word_1_633' title='bbox 946 5267 1000 5313; x_wconf 91' lang='lat' dir='ltr'><strong>et</strong></span> <span class='ocrx_word' id='word_1_634' title='bbox 1047 5258 1301 5329; x_wconf 66' lang='lat' dir='ltr'><strong>potentiae</strong></span> <span class='ocrx_word' id='word_1_635' title='bbox 1348 5258 1533 5315; x_wconf 85' lang='lat' dir='ltr'><strong>claves</strong></span> <span class='ocrx_word' id='word_1_636' title='bbox 1576 5260 1850 5331; x_wconf 88' lang='lat' dir='ltr'><strong>accepisse</strong></span> <span class='ocrx_word' id='word_1_637' title='bbox 1902 5262 2272 5317; x_wconf 88' lang='lat' dir='ltr'><strong>indubitanter</strong></span> <span class='ocrx_word' id='word_1_638' title='bbox 2297 5281 2348 5340; x_wconf 72' lang='grc' dir='ltr'><strong>ι)</strong></span> <span class='ocrx_word' id='word_1_639' title='bbox 2374 5262 2440 5317; x_wconf 87' lang='lat' dir='ltr'><strong>ad</strong></span> <span class='ocrx_word' id='word_1_640' title='bbox 2480 5260 2625 5316; x_wconf 86' lang='lat' dir='ltr'><strong>Petri</strong></span> <span class='ocrx_word' id='word_1_641' title='bbox 2656 5269 2835 5315; x_wconf 89' lang='lat' dir='ltr'><strong>tamen</strong></span> <span class='ocrx_word' id='word_1_642' title='bbox 2867 5260 3240 5330; x_wconf 88' lang='lat' dir='ltr'><strong>magisterium</strong></span> <span class='ocrx_word' id='word_1_643' title='bbox 3281 5260 3451 5324; x_wconf 92' lang='lat' dir='ltr'><strong>venit,</strong></span> <span class='ocrx_word' id='word_1_644' title='bbox 3473 5268 3527 5315; x_wconf 88' lang='lat' dir='ltr'><strong>et</strong></span> <span class='ocrx_word' id='word_1_645' title='bbox 3555 5276 3661 5315; x_wconf 92' lang='lat' dir='ltr'><strong>non</strong></span> <span class='ocrx_word' id='word_1_646' title='bbox 3690 5260 3743 5314; x_wconf 92' lang='lat' dir='ltr'><strong>id</strong></span> <span class='ocrx_word' id='word_1_647' title='bbox 3777 5268 3961 5313; x_wconf 86' lang='lat' dir='ltr'><strong>trans-</strong></span> 
     </span>
    </p>
   </div>
   <div class='ocr_carea' id='block_1_87' title="bbox 714 5346 2269 5420">
    <p class='ocr_par' dir='ltr' id='par_1_87' title="bbox 714 5346 2269 5420">
     <span class='ocr_line' id='line_1_88' title="bbox 714 5346 2269 5420; baseline 0.008 -27"><span class='ocrx_word' id='word_1_648' title='bbox 714 5348 963 5408; x_wconf 80' lang='lat' dir='ltr'><strong>agnoscit.</strong></span> <span class='ocrx_word' id='word_1_649' title='bbox 996 5346 1105 5403; x_wconf 86' lang='lat' dir='ltr'><strong>Nec</strong></span> <span class='ocrx_word' id='word_1_650' title='bbox 1135 5348 1361 5403; x_wconf 80' lang='lat' dir='ltr'><strong>decebat</strong></span> <span class='ocrx_word' id='word_1_651' title='bbox 1392 5357 1552 5403; x_wconf 58' lang='lat' dir='ltr'><strong>tanta:</strong></span> <span class='ocrx_word' id='word_1_652' title='bbox 1577 5350 1874 5420; x_wconf 90' lang='lat' dir='ltr'><strong>dignitatis,</strong></span> <span class='ocrx_word' id='word_1_653' title='bbox 1906 5359 1963 5405; x_wconf 89' lang='lat' dir='ltr'><strong>et</strong></span> <span class='ocrx_word' id='word_1_654' title='bbox 1991 5352 2269 5420; x_wconf 71' lang='lat' dir='ltr'><strong>sapientiae</strong></span> 
     </span>
    </p>
   </div>
   <div class='ocr_carea' id='block_1_88' title="bbox 713 5432 2263 5512">
    <p class='ocr_par' dir='ltr' id='par_1_88' title="bbox 713 5432 2263 5512">
     <span class='ocr_line' id='line_1_89' title="bbox 713 5432 2263 5512; baseline 0.011 -30"><span class='ocrx_word' id='word_1_655' title='bbox 713 5432 874 5490; x_wconf 80' lang='lat' dir='ltr'><strong>virum</strong></span> <span class='ocrx_word' id='word_1_656' title='bbox 905 5438 972 5492; x_wconf 88' lang='lat' dir='ltr'><strong>ab</strong></span> <span class='ocrx_word' id='word_1_657' title='bbox 1021 5440 1122 5495; x_wconf 87' lang='lat' dir='ltr'><strong>alio</strong></span> <span class='ocrx_word' id='word_1_658' title='bbox 1162 5440 1401 5510; x_wconf 85' lang='lat' dir='ltr'><strong>mysterii</strong></span> <span class='ocrx_word' id='word_1_659' title='bbox 1437 5441 1674 5497; x_wconf 66' lang='lat' dir='ltr'><strong>caelestis</strong></span> <span class='ocrx_word' id='word_1_660' title='bbox 1723 5458 1920 5498; x_wconf 91' lang='lat' dir='ltr'><strong>arcana</strong></span> <span class='ocrx_word' id='word_1_661' title='bbox 1958 5444 2263 5512; x_wconf 89' lang='lat' dir='ltr'><strong>requirere,</strong></span> 
     </span>
    </p>
   </div>
   <div class='ocr_carea' id='block_1_89' title="bbox 715 5524 2270 5606">
    <p class='ocr_par' dir='ltr' id='par_1_89' title="bbox 715 5524 2270 5606">
     <span class='ocr_line' id='line_1_90' title="bbox 715 5524 2270 5606; baseline 0.009 -31"><span class='ocrx_word' id='word_1_662' title='bbox 715 5524 807 5579; x_wconf 84' lang='lat' dir='ltr'><strong>nisi</strong></span> <span class='ocrx_word' id='word_1_663' title='bbox 837 5529 901 5582; x_wconf 90' lang='lat' dir='ltr'><strong>ah</strong></span> <span class='ocrx_word' id='word_1_664' title='bbox 948 5531 1039 5585; x_wconf 90' lang='lat' dir='ltr'><strong>illo</strong></span> <span class='ocrx_word' id='word_1_665' title='bbox 1088 5534 1428 5602; x_wconf 84' lang='lat' dir='ltr'><strong>potissimum</strong></span> <span class='ocrx_word' id='word_1_666' title='bbox 1458 5548 1618 5603; x_wconf 90' lang='lat' dir='ltr'><strong>quem</strong></span> <span class='ocrx_word' id='word_1_667' title='bbox 1654 5550 1759 5588; x_wconf 89' lang='lat' dir='ltr'><strong>non</strong></span> <span class='ocrx_word' id='word_1_668' title='bbox 1790 5550 1918 5591; x_wconf 88' lang='lat' dir='ltr'><strong>caro</strong></span> <span class='ocrx_word' id='word_1_669' title='bbox 1952 5536 2125 5606; x_wconf 92' lang='lat' dir='ltr'><strong>potuit</strong></span> <span class='ocrx_word' id='word_1_670' title='bbox 2184 5535 2270 5591; x_wconf 88' lang='lat' dir='ltr'><strong>vel</strong></span> 
     </span>
    </p>
   </div>
   <div class='ocr_carea' id='block_1_90' title="bbox 716 5622 2271 5696">
    <p class='ocr_par' dir='ltr' id='par_1_90' title="bbox 716 5622 2271 5696">
     <span class='ocr_line' id='line_1_91' title="bbox 716 5622 2271 5696; baseline 0.008 -28"><span class='ocrx_word' id='word_1_671' title='bbox 716 5622 917 5689; x_wconf 86' lang='lat' dir='ltr'><strong>sanguis</strong></span> <span class='ocrx_word' id='word_1_672' title='bbox 943 5622 1242 5687; x_wconf 87' lang='lat' dir='ltr'><strong>instruere,</strong></span> <span class='ocrx_word' id='word_1_673' title='bbox 1286 5622 1380 5679; x_wconf 88' lang='lat' dir='ltr'><strong>sed</strong></span> <span class='ocrx_word' id='word_1_674' title='bbox 1418 5624 1505 5679; x_wconf 91' lang='lat' dir='ltr'><strong>cui</strong></span> <span class='ocrx_word' id='word_1_675' title='bbox 1546 5624 1689 5679; x_wconf 92' lang='lat' dir='ltr'><strong>Deus</strong></span> <span class='ocrx_word' id='word_1_676' title='bbox 1712 5625 1823 5695; x_wconf 92' lang='lat' dir='ltr'><strong>ipse</strong></span> <span class='ocrx_word' id='word_1_677' title='bbox 1851 5642 1951 5696; x_wconf 90' lang='lat' dir='ltr'><strong>per</strong></span> <span class='ocrx_word' id='word_1_678' title='bbox 1972 5641 2029 5681; x_wconf 88' lang='lat' dir='ltr'><strong>se</strong></span> <span class='ocrx_word' id='word_1_679' title='bbox 2054 5640 2149 5680; x_wconf 88' lang='lat' dir='ltr'><strong>sua</strong></span> <span class='ocrx_word' id='word_1_680' title='bbox 2186 5642 2271 5681; x_wconf 86' lang='lat' dir='ltr'><strong>se-</strong></span> 
     </span>
    </p>
   </div>
   <div class='ocr_carea' id='block_1_91' title="bbox 716 5713 2267 5789">
    <p class='ocr_par' dir='ltr' id='par_1_91' title="bbox 716 5713 2267 5789">
     <span class='ocr_line' id='line_1_92' title="bbox 716 5713 2267 5789; baseline 0.008 -28"><span class='ocrx_word' id='word_1_681' title='bbox 716 5717 853 5765; x_wconf 86' lang='lat' dir='ltr'><strong>creta</strong></span> <span class='ocrx_word' id='word_1_682' title='bbox 868 5713 1115 5783; x_wconf 87' lang='lat' dir='ltr'><strong>dignatus</strong></span> <span class='ocrx_word' id='word_1_683' title='bbox 1137 5724 1221 5770; x_wconf 91' lang='lat' dir='ltr'><strong>est</strong></span> <span class='ocrx_word' id='word_1_684' title='bbox 1241 5716 1471 5786; x_wconf 89' lang='lat' dir='ltr'><strong>aperire.</strong></span> <span class='ocrx_word' id='word_1_685' title='bbox 1494 5738 1512 5769; x_wconf 86' lang='grc'><strong>‹</strong></span> <span class='ocrx_word' id='word_1_686' title='bbox 1535 5716 1731 5772; x_wconf 89' lang='lat' dir='ltr'><strong>Beatus</strong></span> <span class='ocrx_word' id='word_1_687' title='bbox 1750 5733 1828 5784; x_wconf 92' lang='lat' dir='ltr'><strong>es,</strong></span> <span class='ocrx_word' id='word_1_688' title='bbox 1855 5719 2053 5789; x_wconf 90' lang='lat' dir='ltr'><strong>inquit,</strong></span> <span class='ocrx_word' id='word_1_689' title='bbox 2079 5718 2267 5774; x_wconf 90' lang='lat' dir='ltr'><strong>Simon</strong></span> 
     </span>
    </p>
   </div>
   <div class='ocr_carea' id='block_1_92' title="bbox 717 5790 2266 5881">
    <p class='ocr_par' dir='ltr' id='par_1_92' title="bbox 717 5790 2266 5881">
     <span class='ocr_line' id='line_1_93' title="bbox 717 5790 2266 5881; baseline 0.008 -27"><span class='ocrx_word' id='word_1_690' title='bbox 717 5790 954 5873; x_wconf 82' lang='lat' dir='ltr'><strong>Bariona,</strong></span> <span class='ocrx_word' id='word_1_691' title='bbox 1003 5806 1127 5879; x_wconf 88' lang='lat' dir='ltr'><strong>quia</strong></span> <span class='ocrx_word' id='word_1_692' title='bbox 1156 5820 1287 5865; x_wconf 88' lang='lat' dir='ltr'><strong>caro</strong></span> <span class='ocrx_word' id='word_1_693' title='bbox 1327 5814 1381 5865; x_wconf 89' lang='lat' dir='ltr'><strong>et</strong></span> <span class='ocrx_word' id='word_1_694' title='bbox 1419 5809 1643 5880; x_wconf 75' lang='lat' dir='ltr'><strong>sanguis</strong></span> <span class='ocrx_word' id='word_1_695' title='bbox 1680 5823 1786 5871; x_wconf 87' lang='lat' dir='ltr'><strong>non</strong></span> <span class='ocrx_word' id='word_1_696' title='bbox 1825 5809 2079 5870; x_wconf 84' lang='lat' dir='ltr'><strong>revelavit</strong></span> <span class='ocrx_word' id='word_1_697' title='bbox 2129 5809 2266 5881; x_wconf 90' lang='lat' dir='ltr'><strong>tibi,</strong></span> 
     </span>
    </p>
   </div>
   <div class='ocr_carea' id='block_1_93' title="bbox 2376 5351 3959 5424">
    <p class='ocr_par' dir='ltr' id='par_1_93' title="bbox 2376 5351 3959 5424">
     <span class='ocr_line' id='line_1_94' title="bbox 2376 5351 3959 5424; baseline -0.001 -16"><span class='ocrx_word' id='word_1_698' title='bbox 2376 5370 2535 5410; x_wconf 87' lang='lat' dir='ltr'><strong>cursu</strong></span> <span class='ocrx_word' id='word_1_699' title='bbox 2563 5396 2578 5419; x_wconf 92' lang='lat'><strong>,</strong></span> <span class='ocrx_word' id='word_1_700' title='bbox 2618 5354 2712 5409; x_wconf 91' lang='lat' dir='ltr'><strong>sed</strong></span> <span class='ocrx_word' id='word_1_701' title='bbox 2764 5369 2863 5424; x_wconf 88' lang='lat' dir='ltr'><strong>per</strong></span> <span class='ocrx_word' id='word_1_702' title='bbox 2890 5353 3153 5424; x_wconf 90' lang='lat' dir='ltr'><strong>plurimos</strong></span> <span class='ocrx_word' id='word_1_703' title='bbox 3181 5354 3297 5409; x_wconf 91' lang='lat' dir='ltr'><strong>dies</strong></span> <span class='ocrx_word' id='word_1_704' title='bbox 3332 5353 3472 5423; x_wconf 90' lang='lat' dir='ltr'><strong>apud</strong></span> <span class='ocrx_word' id='word_1_705' title='bbox 3508 5368 3632 5407; x_wconf 90' lang='lat' dir='ltr'><strong>eum</strong></span> <span class='ocrx_word' id='word_1_706' title='bbox 3663 5352 3718 5406; x_wconf 90' lang='lat' dir='ltr'><strong>in</strong></span> <span class='ocrx_word' id='word_1_707' title='bbox 3749 5351 3959 5407; x_wconf 74' lang='lat' dir='ltr'><strong>caelesti</strong></span> 
     </span>
    </p>
   </div>
   <div class='ocr_carea' id='block_1_94' title="bbox 2377 5439 3956 5513">
    <p class='ocr_par' dir='ltr' id='par_1_94' title="bbox 2377 5439 3956 5513">
     <span class='ocr_line' id='line_1_95' title="bbox 2377 5439 3956 5513; baseline -0.003 -15"><span class='ocrx_word' id='word_1_708' title='bbox 2377 5442 2560 5498; x_wconf 86' lang='lat' dir='ltr'><strong>schola</strong></span> <span class='ocrx_word' id='word_1_709' title='bbox 2590 5441 2906 5512; x_wconf 87' lang='lat' dir='ltr'><strong>permansit.</strong></span> <span class='ocrx_word' id='word_1_710' title='bbox 2937 5461 2956 5493; x_wconf 74' lang='grc' dir='ltr'>ί</span> <span class='ocrx_word' id='word_1_711' title='bbox 2995 5440 3150 5507; x_wconf 81' lang='lat' dir='ltr'><strong>Veni,</strong></span> <span class='ocrx_word' id='word_1_712' title='bbox 3181 5442 3380 5512; x_wconf 85' lang='lat' dir='ltr'><strong>inquit,</strong></span> <span class='ocrx_word' id='word_1_713' title='bbox 3414 5442 3845 5513; x_wconf 80' lang='lat' dir='ltr'><strong>Hierosolymam</strong></span> <span class='ocrx_word' id='word_1_714' title='bbox 3878 5439 3956 5494; x_wconf 89' lang='lat' dir='ltr'><strong>vi-</strong></span> 
     </span>
    </p>
   </div>
   <div class='ocr_carea' id='block_1_95' title="bbox 2377 5533 3955 5605">
    <p class='ocr_par' dir='ltr' id='par_1_95' title="bbox 2377 5533 3955 5605">
     <span class='ocr_line' id='line_1_96' title="bbox 2377 5533 3955 5605; baseline -0.005 -12"><span class='ocrx_word' id='word_1_715' title='bbox 2377 5537 2506 5593; x_wconf 89' lang='lat' dir='ltr'><strong>dere</strong></span> <span class='ocrx_word' id='word_1_716' title='bbox 2535 5535 2775 5602; x_wconf 91' lang='lat' dir='ltr'><strong>Petrum,</strong></span> <span class='ocrx_word' id='word_1_717' title='bbox 2807 5545 2863 5591; x_wconf 91' lang='lat' dir='ltr'><strong>et</strong></span> <span class='ocrx_word' id='word_1_718' title='bbox 2895 5537 3068 5591; x_wconf 84' lang='lat' dir='ltr'><strong>mansi</strong></span> <span class='ocrx_word' id='word_1_719' title='bbox 3116 5535 3259 5604; x_wconf 87' lang='lat' dir='ltr'><strong>apud</strong></span> <span class='ocrx_word' id='word_1_720' title='bbox 3308 5550 3432 5591; x_wconf 89' lang='lat' dir='ltr'><strong>eum</strong></span> <span class='ocrx_word' id='word_1_721' title='bbox 3484 5535 3600 5589; x_wconf 87' lang='lat' dir='ltr'><strong>dies</strong></span> <span class='ocrx_word' id='word_1_722' title='bbox 3644 5533 3955 5605; x_wconf 83' lang='lat' dir='ltr'><strong>quindecim</strong></span> 
     </span>
    </p>
   </div>
   <div class='ocr_carea' id='block_1_96' title="bbox 2378 5625 3963 5698">
    <p class='ocr_par' dir='ltr' id='par_1_96' title="bbox 2378 5625 3963 5698">
     <span class='ocr_line' id='line_1_97' title="bbox 2378 5625 3963 5698; baseline -0.003 -18"><span class='ocrx_word' id='word_1_723' title='bbox 2378 5627 2426 5698; x_wconf 92' lang='grc'><strong>(1</strong></span> <span class='ocrx_word' id='word_1_724' title='bbox 2435 5627 2588 5697; x_wconf 82' lang='lat' dir='ltr'><strong>bid.).</strong></span> <span class='ocrx_word' id='word_1_725' title='bbox 2608 5648 2626 5679; x_wconf 80' lang='grc' dir='ltr'><strong><em>ι</em></strong></span> <span class='ocrx_word' id='word_1_726' title='bbox 2650 5626 2753 5680; x_wconf 90' lang='lat' dir='ltr'><strong>Per</strong></span> <span class='ocrx_word' id='word_1_727' title='bbox 2768 5628 3057 5698; x_wconf 83' lang='lat' dir='ltr'><strong>mysticum</strong></span> <span class='ocrx_word' id='word_1_728' title='bbox 3080 5626 3287 5682; x_wconf 90' lang='lat' dir='ltr'><strong>scilicet</strong></span> <span class='ocrx_word' id='word_1_729' title='bbox 3309 5625 3660 5681; x_wconf 88' lang='lat' dir='ltr'><strong>heddomadis</strong></span> <span class='ocrx_word' id='word_1_730' title='bbox 3682 5634 3735 5680; x_wconf 92' lang='lat' dir='ltr'><strong>et</strong></span> <span class='ocrx_word' id='word_1_731' title='bbox 3756 5625 3963 5693; x_wconf 70' lang='lat' dir='ltr'><strong>ogdoa~</strong></span> 
     </span>
    </p>
   </div>
   <div class='ocr_carea' id='block_1_97' title="bbox 2376 5712 3959 5786">
    <p class='ocr_par' dir='ltr' id='par_1_97' title="bbox 2376 5712 3959 5786">
     <span class='ocr_line' id='line_1_98' title="bbox 2376 5712 3959 5786; baseline -0.001 -14"><span class='ocrx_word' id='word_1_732' title='bbox 2376 5718 2460 5772; x_wconf 71' lang='lat' dir='ltr'><strong>dis</strong></span> <span class='ocrx_word' id='word_1_733' title='bbox 2484 5733 2790 5783; x_wconf 91' lang='lat' dir='ltr'><strong>numerum,</strong></span> <span class='ocrx_word' id='word_1_734' title='bbox 2807 5718 3018 5773; x_wconf 83' lang='lat' dir='ltr'><strong>Veteris</strong></span> <span class='ocrx_word' id='word_1_735' title='bbox 3035 5716 3406 5786; x_wconf 90' lang='lat' dir='ltr'><strong>lnstrumenti,</strong></span> <span class='ocrx_word' id='word_1_736' title='bbox 3438 5715 3599 5773; x_wconf 88' lang='lat' dir='ltr'><strong>simul</strong></span> <span class='ocrx_word' id='word_1_737' title='bbox 3622 5730 3687 5771; x_wconf 86' lang='lat' dir='ltr'><strong>ac</strong></span> <span class='ocrx_word' id='word_1_738' title='bbox 3711 5713 3845 5769; x_wconf 78' lang='lat' dir='ltr'><strong>Novi</strong></span> <span class='ocrx_word' id='word_1_739' title='bbox 3873 5712 3959 5771; x_wconf 85' lang='lat' dir='ltr'><strong>di-</strong></span> 
     </span>
    </p>
   </div>
   <div class='ocr_carea' id='block_1_98' title="bbox 2375 5810 2949 5870">
    <p class='ocr_par' dir='ltr' id='par_1_98' title="bbox 2375 5810 2949 5870">
     <span class='ocr_line' id='line_1_99' title="bbox 2375 5810 2949 5870; baseline -0.007 -2"><span class='ocrx_word' id='word_1_740' title='bbox 2375 5810 2508 5870; x_wconf 82' lang='lat' dir='ltr'><strong>dicit</strong></span> <span class='ocrx_word' id='word_1_741' title='bbox 2529 5819 2949 5870; x_wconf 80' lang='lat' dir='ltr'><strong>sacramentum.</strong></span> 
     </span>
    </p>
   </div>
   <div class='ocr_carea' id='block_1_99' title="bbox 5060 116 5069 277">
    <p class='ocr_par' dir='ltr' id='par_1_99' title="bbox 5060 116 5069 277">
     <span class='ocr_line' id='line_1_100' title="bbox 5060 116 5069 195; baseline 0 0"><span class='ocrx_word' id='word_1_742' title='bbox 5060 116 5069 195; x_wconf 65' lang='grc' dir='ltr'><strong>Ἰ</strong></span> 
     </span>
     <span class='ocr_line' id='line_1_101' title="bbox 5064 210 5069 277; baseline 0 0"><span class='ocrx_word' id='word_1_743' title='bbox 5064 210 5069 277; x_wconf 80' lang='lat' dir='ltr'><strong>l</strong></span> 
     </span>
    </p>
   </div>
  </div>
