5664 6746
42 13 1766 216 τ’

41 6369 1245 6644 »τε

2295 443 2401 502 655

2721 441 2776 498 S.
2816 442 3017 498 PETRI
3055 441 3338 498 DAMIANI
3374 442 3525 500 OPP.
3567 442 3800 500 TOMUS
3840 442 3971 500 SEU
4011 443 4189 501 PARS
4224 445 4305 500 ΙΙΙ.
4344 474 4414 488 --
4441 445 4803 504 OPUSCULA
4847 449 5066 505 VARIA.

5413 454 5510 511 636

2367 562 2594 632 Dignum
2623 575 2752 628 ergo
2775 559 2875 612 fuit
2901 567 2959 611 ιιι
2989 560 3056 613 ad
3097 560 3278 614 sedem
3304 559 3445 613 illius
3467 572 3646 614 vestra
3673 571 3858 614 sancta
3889 565 3934 621 Λ
3966 559 4238 632 Scriptura
4269 603 4282 623 ,
4319 573 4369 616 et
4398 564 4463 617 de
4499 563 4657 618 Patre
4693 567 4907 634 proprie
4950 565 5254 636 procedere,
5297 575 5349 620 et
5396 585 5507 624 cum

2295 655 2576 728 prudentia
2641 652 2949 705 solvendam
3017 652 3266 721 dirigeret
3335 655 3725 722 quazstionem,
3793 656 3860 710 ad

2298 759 2451 815 quem
2491 751 2544 796 et
2565 744 2787 812 ignarus
2816 744 2938 797 ﬁdei
2963 743 3047 796 vir
3083 747 3350 814 angelitus
3403 747 3633 799 mittitur
3666 761 3677 798 :
3720 757 3774 799 et
3831 762 3862 801 a

2296 850 2401 906 quo
2452 835 2723 903 apostolus
2771 841 2962 896 etiam,
3020 835 3109 902 qui
3158 837 3267 905 jam
3322 853 3349 889 a
3401 837 3508 890 Deo
3567 838 3863 892 instructus

2295 924 2505 988 fuerat,
2547 925 2756 992 plenius
2795 925 3059 978 eruditur.
3102 926 3165 980 Et
3211 928 3332 996 quia
3379 942 3472 994 per
3513 926 3730 996 Moysen
3782 929 3862 982 di-

2296 1015 2475 1069 citur:
2515 1034 2531 1065 (
2571 1015 2787 1070 Habetis
2837 1017 3012 1071 Aaron
3080 1028 3133 1071 et
3195 1018 3265 1073 Ur
3301 1019 3607 1083 vobiscum;
3652 1021 3697 1074 si
3733 1022 3860 1090 quid

2294 1115 2479 1159 natum
2519 1106 2682 1160 fuerit
2720 1108 3064 1175 quaestionis,
3122 1109 3368 1164 referetis
3412 1110 3479 1163 ad
3522 1125 3618 1164 eos
3662 1110 3859 1180 (Exod.

2292 1196 2460 1267 .ntv).
2494 1215 2512 1247 ι

2360 1284 2515 1340 Adsit
2555 1288 2756 1342 utinam
2803 1288 2977 1341 Aaron
3003 1327 3016 1352 ,
3073 1288 3122 1341 id
3168 1298 3246 1343 est
3273 1332 3287 1356 ,
3337 1305 3491 1345 mons
3529 1291 3857 1347 fortitudinis

2291 1375 2562 1442 Christus;
2605 1379 2743 1431 adsit
2783 1387 2837 1432 et
2879 1377 2968 1441 Ur,
3017 1380 3154 1449 ignis
3182 1380 3270 1435 ille
3300 1381 3583 1446 videlicet,
3635 1383 3722 1450 qui
3776 1390 3857 1436 est

2290 1466 2424 1535 ipse,
2457 1468 2521 1520 de
2541 1482 2647 1535 quo
2675 1467 2981 1531 scribimus,
3011 1469 3247 1539 Spiritus
3278 1481 3517 1534 sanctus,
3553 1482 3608 1524 ut
3638 1487 3731 1538 per
3758 1486 3856 1525 nos

2289 1555 2469 1616 etiam,
2504 1555 2780 1608 minimum
2812 1557 3063 1612 videlicet
3092 1558 3348 1614 Romamn
3388 1561 3641 1614 Ecclesiae
3688 1576 3856 1614 mem-

2285 1643 2465 1710 brum,
2493 1646 2632 1714 quod
2663 1649 2950 1702 nonnullos
2987 1650 3134 1715 latet,
3166 1653 3392 1719 aperiat,
3426 1660 3478 1702 et
3518 1650 3675 1718 hujus
3705 1666 3851 1720 qure-

2289 1735 2482 1788 stionis
2508 1738 2705 1791 nodum
2733 1740 2885 1806 quasi
2907 1742 3175 1808 quoddam
3208 1741 3416 1811 mystici
3444 1740 3563 1794 libri
3609 1742 3854 1810 signacu-

2282 1822 2393 1877 lum
2421 1826 2587 1880 clavis
2616 1828 2780 1881 David
2812 1828 3057 1885 Christus
3079 1831 3339 1885 absolvat.

2905 1920 3129 1975 CAPUT
3161 1922 3223 1975 Il.

2562 2007 2694 2072 Qum
2729 2011 2794 2060 sit
2833 2012 2977 2078 origo
3016 2009 3317 2066 Grecorum
3357 2017 3564 2066 erroris.

2349 2096 2404 2152 In
2443 2097 2633 2166 primis
2683 2114 2809 2169 ergo
2856 2102 3096 2155 dicamus
3149 2103 3288 2156 unde
3341 2107 3648 2171 ignorantiae
3696 2106 3848 2157 istius

2279 2191 2484 2247 oriatur
2506 2193 2679 2261 origo,
2711 2203 2767 2247 ut
2796 2204 2848 2247 et
2877 2194 3048 2250 Grzeci
3074 2196 3184 2250 fere
3214 2214 3420 2262 omnes,
3450 2209 3500 2253 et
3530 2199 3846 2252 Latinorum

2281 2284 2498 2351 quidam
2531 2286 2850 2353 perltiheant
2883 2286 3142 2355 Spiritum
3178 2301 3419 2343 sanctum
3461 2307 3562 2343 non
3603 2305 3631 2342 a
3667 2291 3805 2344 Filio
3829 2332 3842 2353 ,

2279 2379 2372 2429 sed
2405 2391 2431 2427 a
2461 2377 2573 2430 solo
2597 2377 2756 2431 Patre
2786 2381 3096 2446 procedere.
3133 2380 3244 2434 Hoc
3284 2383 3425 2434 enim
3461 2398 3523 2434 ex
3554 2383 3846 2436 [Muniuieis

2279 2477 2555 2525 autumant
2587 2469 2788 2532 verbis,
2816 2471 3007 2538 quibus
3039 2471 3114 2523 ait
3142 2491 3151 2522 :
3191 2491 3206 2520 t
3238 2472 3351 2525 Non
3397 2474 3536 2525 enim
3574 2489 3668 2525 vos
3717 2475 3846 2526 estis

2277 2563 2368 2631 qui
2399 2562 2714 2629 loquimini:
2743 2563 2835 2614 sed
2859 2563 3076 2630 spiritus
3107 2561 3286 2615 Patris
3314 2565 3497 2622 vestri,
3537 2564 3628 2628 qui
3669 2563 3843 2628 loqui-

2278 2664 2364 2707 tur
2407 2656 2456 2706 in
2507 2654 2655 2706 vobis
2695 2651 2907 2721 (Matth.
2943 2653 3017 2719 x).
3055 2672 3070 2702 ›
3124 2653 3188 2705 Et
3226 2655 3415 2706 iterum
3454 2672 3465 2704 :
3501 2672 3517 2702 ι
3563 2655 3698 2706 Ecce
3748 2669 3845 2722 ego

2272 2743 2429 2798 mitto
2474 2741 2798 2810 promissum
2853 2741 3024 2796 Patris
3077 2742 3177 2792 mei
3214 2741 3264 2793 in
3307 2756 3399 2793 vos
3434 2741 3580 2810 (Luc.
3612 2744 3780 2809 xxxv).
3819 2762 3836 2792 ι

2272 2835 2340 2889 Et
2369 2833 2495 2889 illud
2522 2853 2534 2887 :
2572 2851 2589 2884 ι
2624 2831 2755 2886 Cum
2784 2834 2989 2886 venerit
3020 2833 3353 2896 Paracletus,
3400 2848 3557 2900 quem
3591 2848 3688 2901 ego
3717 2835 3840 2886 mit-

2271 2935 2383 2981 tam
2411 2927 2562 2979 vobis
2590 2941 2617 2976 a
2649 2924 2828 2986 Patre,
2870 2924 3128 2991 Spiritum
3175 2925 3452 2986 veritatis,
3490 2925 3580 2992 qui
3623 2941 3650 2976 ιι
3686 2924 3843 2977 Patre

2269 3015 2532 3084 procedit,
2565 3013 2650 3065 ille
2682 3015 3042 3067 testimonium
3079 3013 3381 3082 perhibebit
3421 3015 3486 3066 de
3534 3028 3617 3065 me
3656 3013 3838 3080 (Imm.

2271 3110 2380 3176 xv).
2419 3127 2434 3157 ι
2473 3106 2548 3158 De
2581 3121 2686 3171 quo
2712 3119 2923 3158 rursum
2961 3106 3031 3155 ait
3064 3121 3074 3154 :
3113 3121 3129 3153 ι
3160 3104 3270 3171 Ego
3294 3105 3492 3166 rogabo
3522 3102 3760 3164 Patrem,
3788 3113 3840 3156 et

2271 3201 2435 3252 alium
2471 3198 2806 3252 Paracletum
2835 3197 2983 3251 dabit
3021 3196 3191 3257 vobis,
3221 3204 3276 3247 ιιι
3322 3204 3532 3246 maneat
3561 3194 3836 3247 vobiscum

2267 3296 2318 3348 in
2375 3303 2669 3362 :eternqm,
2725 3289 2983 3358 Spiritum
3029 3289 3270 3342 veritatis
3313 3289 3491 3357 (.Ioan.
3526 3288 3658 3356 xrv).
3698 3308 3713 3338 ι
3774 3288 3837 3339 Et

2265 3384 2393 3438 alibi
2431 3383 2600 3436 dicit:
2643 3402 2658 3431 ι
2697 3381 3007 3434 Paraeletus
3062 3391 3238 3433 autem
3293 3381 3526 3447 Spiritus
3573 3389 3792 3432 sanctus
3819 3418 3834 3443 ,

2264 3489 2423 3542 quem
2462 3473 2636 3525 mittet
2660 3471 2819 3524 Pater
2849 3473 2899 3523 in
2930 3471 3143 3523 i'Ltltiille
3181 3486 3321 3534 meo,
3370 3469 3456 3522 ille
3495 3484 3590 3521 vos
3625 3469 3838 3522 docebit

2263 3564 2444 3618 omnia
2474 3562 2682 3630 (Ibid).
2711 3581 2728 3610 ι
2765 3562 2830 3614 Et
2863 3563 3055 3614 iterum
3083 3576 3097 3614 :
3136 3579 3152 3610 t
3193 3559 3248 3614 Si
3273 3575 3401 3632 ergo
3429 3575 3542 3624 vos,
3575 3576 3694 3614 cum
3720 3561 3836 3614 sitis

2262 3654 2410 3715 mali,
2446 3653 2645 3706 nostris
2674 3653 2964 3708 bona’data
3015 3651 3144 3704 dare
3197 3650 3318 3704 ﬁliis
3369 3652 3562 3704 vestris
3587 3691 3600 3715 ,
3633 3661 3835 3718 quanto

2263 3745 2433 3814 magis
2465 3743 2625 3796 Pater
2644 3752 2824 3796 vester
2854 3743 2919 3796 de
2954 3742 3090 3796 ccelo
3131 3741 3278 3795 dabit
3318 3740 3580 3811 Spiritum
3635 3741 3833 3795 bonum

2260 3836 2566 3905 petentibus
2602 3835 2692 3887 se?
2723 3851 2739 3883 ι
2774 3833 2986 3894 (Matth.
3022 3835 3140 3901 vn.)

2332 3914 2429 3979 His
2456 3926 2633 3992 itaque
2679 3933 2734 3977 et
2761 3923 3065 3990 huiusmodi
3106 3938 3209 3976 non
3254 3922 3426 3977 solum
3465 3921 3791 3990 evangelicis
3817 3962 3830 3985 ,

2263 4019 2357 4072 sed
2388 4026 2444 4072 et
2473 4017 2590 4069 allis
2617 4014 3020 4084 Scripturarum
3050 4013 3374 4067 testimoniis
3395 4022 3643 4072 asserunt
3666 4013 3833 4081 Spiri-

2262 4117 2372 4162 tum
2400 4116 2646 4161 sanctum
2677 4119 3016 4174 nequaquam
3049 4119 3078 4156 a
3105 4103 3241 4156 Filio
3260 4143 3274 4166 ,
3312 4105 3402 4156 sed
3426 4118 3454 4155 a
3481 4103 3599 4157 solo
3625 4112 3830 4158 tantum

2260 4197 2420 4251 Patre
2447 4195 2757 4266 procedere.
2789 4194 2920 4247 Nam
2947 4202 3001 4247 et
3021 4193 3161 4261 apud
3184 4192 3391 4245 Latina:
3417 4193 3612 4260 linguae
3635 4192 3831 4243 Ductu-

2262 4305 2349 4344 res
2375 4288 2639 4356 saepetalc
2669 4287 2795 4355 quid
2826 4287 3112 4354 reperitur,
3169 4285 3310 4359 quod
3371 4286 3495 4339 huic
3551 4284 3830 4339 sententi:e

2261 4392 2556 4447 congruere
2611 4377 2871 4430 videatur.
2923 4377 3122 4430 Beatus
3162 4377 3320 4445 plane
3375 4377 3731 4446 Hieronymus
3776 4379 3826 4428 in

2259 4469 2592 4538 expositione
2638 4468 2780 4532 ﬁdei,
2811 4485 2971 4538 quam
3002 4468 3066 4522 ad
3098 4469 3346 4538 Alypium
3383 4478 3437 4522 et
3466 4471 3825 4538 Augustinum

3964 653 4120 709 Patre
4164 661 4216 706 et
4245 654 4378 707 Filio
4402 670 4616 726 semper
4647 672 4784 712 esse.
4808 677 4824 708 ι
4853 659 4918 712 Et
4939 659 5132 712 iterum
5159 676 5172 712 :
5203 677 5219 709 ι
5242 660 5314 714 De
5335 658 5508 726 Patre,

3965 748 4155 814 inquit,
4208 747 4394 811 Filius,
4430 759 4482 803 et
4515 751 4748 820 Spiritus
4785 761 5000 807 sanctus
5034 752 5245 822 proprie
5293 761 5346 806 et
5395 765 5510 808 vero

3964 838 4027 890 de
4053 836 4211 890 Patre
4237 839 4500 905 procedit.
4541 859 4559 890 ›

4031 929 4388 985 Veruntamen
4453 932 4566 986 haec
4620 941 4673 988 et
4715 933 4817 988 alia
4872 932 5170 1002 huiusmodi
5218 935 5510 990 testimonia

3962 1016 4386 1086 Scripturarum,
4413 1022 4526 1075 sive
4553 1031 4861 1077 sanctorum
4891 1024 5057 1077 verba
5085 1024 5380 1088 doctorum,
5410 1039 5509 1080 non

3957 1108 4312 1176 praeiudicant
4337 1111 4614 1167 catholica:
4642 1111 4798 1179 ﬁdei,
4831 1128 4932 1182 qua
4972 1113 5230 1183 Spiritum
5274 1124 5509 1170 sanctum

3959 1200 4147 1253 sieuta
4174 1199 4335 1254 Patre
4358 1203 4650 1268 credimus,
4685 1204 4757 1257 ita
4799 1203 5144 1258 nihilominus
5194 1213 5248 1258 et
5302 1219 5332 1258 a
5383 1203 5512 1260 Filio

3956 1288 4250 1354 procedere
4279 1290 4643 1357 perhibemus.
4672 1292 4807 1346 Nam
4835 1308 4956 1347 cum
4985 1293 5066 1348 vel
5095 1295 5208 1363 ipse
5241 1294 5507 1359 Dominus,

3957 1375 4040 1428 vel
4098 1378 4270 1431 sancti
4326 1394 4536 1447 quoque
4598 1381 4847 1438 doctores
4902 1383 5156 1438 Ecclesiae
5187 1424 5202 1449 ,
5261 1383 5509 1454 Spiritum

3959 1475 4200 1520 sanctum
4239 1483 4268 1521 a
4310 1469 4470 1524 Patre
4514 1474 4808 1541 procedere
4866 1476 5204 1532 concorditer
5238 1487 5508 1545 asseram,

3958 1574 4219 1628 nusquam
4259 1571 4434 1616 tamen
4465 1565 4773 1632 perhibent,
4811 1568 4951 1636 quod
4978 1583 5008 1622 ιι
5041 1567 5176 1622 Filio
5206 1585 5307 1624 non
5335 1582 5496 1638 proco

3957 1648 4076 1711 dat;
4096 1650 4205 1702 into
4231 1666 4350 1704 cum
4379 1653 4578 1708 dicitur
4601 1654 4835 1724 Spiritus
4857 1667 5076 1713 sanctus
5100 1673 5129 1712 a
5155 1658 5312 1714 Patre
5333 1673 5506 1730 proce-

3957 1738 4103 1801 dere,
4135 1756 4162 1791 a
4195 1739 4330 1794 Filio
4355 1757 4567 1811 quoque
4595 1748 4887 1811 procedere
4937 1747 5082 1802 credi
5133 1763 5354 1804 necesse
5393 1758 5501 1814 est,

3955 1830 4078 1896 quia
4122 1829 4282 1884 Pater
4317 1845 4369 1886 et
4398 1832 4566 1887 Filius
4626 1837 4783 1890 unius
4821 1836 5166 1908 ejusdemque
5208 1840 5504 1894 substantia

3879 1915 3925 1974 Β
3954 1921 4138 1987 procul
4168 1923 4326 1977 dubio
4355 1933 4457 1978 est.
4495 1925 4623 1980 Nam
4651 1943 4771 1982 cum
4816 1929 4982 1983 Filius
5018 1931 5199 1985 dicat:
5241 1949 5259 1982 t
5303 1931 5411 2000 Ego
5457 1940 5504 1986 et

3952 2013 4115 2071 Pater
4162 2030 4324 2068 unum
4375 2033 4559 2073 sumus
4609 2018 4788 2087 (Joan.
4823 2020 4915 2092 x);
4955 2041 4973 2073 ι
5031 2023 5294 2091 quomodo
5341 2033 5504 2094 potest

3953 2100 4185 2168 Spiritus
4216 2113 4432 2157 sanctus
4460 2106 4525 2160 ab
4548 2122 4612 2160 eo
4642 2107 4784 2176 quod
4809 2125 4972 2164 unum
5002 2120 5106 2176 est,
5129 2121 5182 2167 et
5206 2115 5502 2182 procedere,

3950 2200 4001 2240 et
4038 2206 4142 2242 non
4175 2193 4499 2258 procedere?

4021 2277 4125 2331 Sed
4159 2296 4244 2332 res
4285 2281 4589 2346 ineffabilia,
4622 2300 4739 2354 qum
4779 2286 4923 2340 nullo
4964 2287 5102 2341 valet
5143 2287 5381 2344 humanae
5419 2305 5503 2343 ra-

3952 2370 4114 2421 tionis
4162 2371 4373 2439 ingenio
4416 2375 4654 2443 concipi,
4694 2376 4840 2430 nullo
4875 2387 5047 2446 potest
5087 2379 5280 2433 mentis
5319 2381 5503 2434 intuitu

3951 2461 4032 2513 vel
4064 2464 4496 2518 consideratione
4527 2465 4794 2531 discerni,
4825 2483 4891 2522 ex
4925 2469 5226 2524 divinorum
5257 2472 5506 2525 duntaxat

3951 2554 4280 2623 eloquiorum
4314 2558 4465 2611 debet
4493 2560 4774 2614 sententiis
4801 2561 4997 2632 colligi.
5032 2562 5162 2615 Nam
5188 2604 5202 2628 ,
5249 2564 5387 2618 sicut
5433 2564 5504 2617 ait

3948 2646 4260 2711 Apostolus:
4284 2664 4299 2697 t
4334 2647 4566 2715 Spiritus
4589 2661 4806 2705 sanctus
4828 2653 5007 2706 omnia
5037 2664 5322 2720 scrutatur,
5347 2654 5503 2710 etiam

3946 2732 4211 2801 profunda
4256 2737 4369 2791 Dei.
4425 2739 4553 2803 Quis
4588 2740 4731 2793 enim
4776 2740 4880 2795 scit
4908 2741 5184 2797 hominum
5227 2758 5344 2812 qua
5385 2752 5502 2799 sunt

3946 2824 4205 2889 hominis,
4235 2828 4336 2881 nisi
4370 2829 4591 2895 spiritus
4620 2831 4881 2896 hominis,
4912 2833 5005 2900 qui
5044 2833 5096 2887 in
5124 2834 5240 2904 ipso
5265 2837 5380 2890 est?
5430 2835 5505 2890 Ita

3947 2921 4001 2963 et
4027 2927 4145 2976 qua:
4182 2916 4275 2968 Dei
4305 2926 4448 2980 sttnt,
4482 2933 4640 2972 nemo
4678 2923 4946 2988 cognovit,
4975 2921 5081 2976 nisi
5122 2922 5354 2994 Spiritus
5395 2923 5503 2979 Dei.

3946 3004 4053 3057 Nos
4084 3019 4261 3060 autem
4306 3010 4554 3077 spiritum
4585 3010 4741 3078 hujus
4784 3014 4965 3068 mttndi
5014 3030 5116 3068 non
5161 3016 5501 3086 accepimus.

3945 3098 4036 3148 sed
4071 3099 4318 3162 spiritum
4347 3101 4435 3166 qui
4469 3116 4534 3152 ex
4566 3101 4673 3154 Deo
4718 3111 4819 3166 est,
4860 3112 4915 3156 ut
4937 3105 5170 3160 sciamus
5202 3121 5318 3174 qua
5347 3123 5377 3161 ιι
5402 3108 5503 3162 Deo

3943 3184 4136 3237 donata
4170 3197 4294 3239 stitit
4327 3190 4506 3250 nobis,
4540 3206 4658 3258 quae
4708 3201 4762 3244 et
4790 3192 5060 3261 loquimur
5103 3209 5208 3250 non
5244 3197 5312 3251 in'
5339 3197 5505 3253 doctis

3866 3265 3910 3325 C
3945 3275 4188 3327 humana:
4214 3279 4490 3343 sapientia:
4517 3280 4719 3345 verbis,
4760 3282 4854 3335 sed
4899 3283 4950 3336 in
4994 3283 5236 3339 doctrina
5287 3287 5505 3357 spiritus

3945 3364 4029 3432 (11
4058 3367 4177 3418 Cur.
4210 3371 4292 3436 ιι).
4323 3389 4341 3421 ι
4371 3371 4660 3426 Enimvero
4686 3374 4952 3441 quomodo
4979 3375 5139 3431 Pater
5171 3377 5504 3434 ined‘abiliter

3941 3457 4131 3511 Filium
4171 3462 4374 3530 gignat,
4407 3465 4673 3530 quomodo
4697 3464 4930 3533 Spiritus
4971 3479 5191 3523 sanctus
5231 3484 5260 3522 a
5302 3470 5501 3539 Patre,

3940 3550 4020 3602 vel
4057 3559 4287 3618 utraque
4334 3556 4622 3621 procedat,
4678 3555 4909 3624 qualiter
4964 3559 5188 3612 intuitus
5244 3561 5507 3616 humanus

3940 3641 4249 3707 attingeret,
4283 3643 4386 3695 nisi
4415 3658 4512 3710 per
4541 3659 4740 3714 organa
4766 3645 5146 3716 pr0phetarum
5181 3648 5262 3703 vel
5305 3664 5401 3718 per
5425 3651 5504 3704 in-

3939 3743 4018 3780 eat
4035 3740 4215 3782 natum
4239 3730 4466 3784 Verbum
4488 3746 4642 3786 suum
4659 3733 4801 3788 Deus
4823 3736 5159 3805 omnipotens
5182 3738 5280 3792 hoc
5304 3751 5501 3793 morta-

3939 3819 4076 3872 iibus
4111 3822 4407 3874 revelaret?
4442 3823 4567 3877 slist
4591 3825 4734 3878 enim
4765 3825 4916 3891 ﬁdes,
4954 3827 5092 3882 sicut
5120 3827 5250 3882 dicit
5277 3833 5500 3899 Aposto-

3938 3912 4050 3973 lus,
4087 3915 4473 3978 sperandarum
4515 3917 4816 3970 substantia
4863 3932 5076 3984 rerum,
5128 3933 5498 3990 argumentum

3933 4019 4040 4057 non
4089 4005 4458 4073 appaz'entium
4501 4005 4687 4080 (Hebr.
4726 4011 4825 4078 χι).
4864 4027 4879 4057 ι
4935 4009 5054 4062 Stat
5097 4012 5235 4064 enim
5281 4010 5499 4068 Joannis

3935 4093 4023 4146 illa
4077 4096 4343 4149 sententia
4369 4135 4385 4160 ,
4439 4109 4544 4164 qua
4604 4098 4733 4152 dicit
4767 4119 4779 4152 :
4822 4117 4838 4148 ι
4867 4099 5204 4167 Charissimi,
5243 4119 5381 4157 nunc
5411 4106 5500 4158 tiiii

3932 4184 4026 4238 Dei
4056 4199 4259 4244 sumus.
4285 4194 4336 4238 et
4368 4186 4602 4240 nondum
4626 4189 4875 4259 apparuit
4896 4189 5023 4257 quid
5047 4192 5277 4256 erimus;
5303 4195 5501 4248 scimus

3931 4278 4205 4341 quoniam,
4232 4293 4351 4330 cum
4378 4279 4923 4346 apparuerit,similes
4946 4281 4992 4335 ei
5017 4281 5233 4348 erimus,
5249 4284 5498 4353 quoniam

3931 4366 4069 4419 videi
4096 4368 4234 4421 imus
4255 4384 4378 4422 eum.
4412 4370 4568 4424 sicuti
4599 4383 4680 4425 est
4709 4370 4794 4441 (ll
4818 4371 4977 4426 Joau.
5012 4375 5114 4443 ut).
5145 4393 5165 4426 ι
5213 4377 5294 4430 Ad
5347 4392 5497 4432 com-

3927 4459 4366 4524 prehendendum
4426 4477 4554 4532 ergo
4609 4477 4878 4518 summum
4945 4474 4998 4518 et
5048 4465 5312 4521 iuetfabile
5362 4483 5498 4521 vene

2257 4564 2535 4631 episcopos
2572 4561 2756 4626 mum,
2789 4564 2930 4616 inter
2955 4571 3153 4616 uelem
3183 4563 3254 4615 sit
3275 4563 3348 4615 ait
3378 4581 3389 4614 ε
3427 4581 3445 4612 ε
3475 4562 3750 4617 Credimus
3773 4573 3824 4615 ει
3857 4608 3901 4631 η
3933 4548 4052 4602 fidei
4078 4561 4496 4617 sacramentum,
4515 4570 4619 4609 non
4648 4558 4894 4611 humanm
4917 4557 5182 4625 epiniouis
5204 4572 5496 4627 sequamur

2259 4658 2312 4710 in
2347 4656 2603 4724 Spiritum
2632 4666 2873 4710 sanctum
2900 4657 3185 4710 Dominum
3209 4672 3395 4710 verum
3420 4671 3484 4709 ex
3518 4657 3678 4710 Patre
3704 4672 3821 4724 pro-

2259 4751 2560 4811 cedentem,
2588 4750 2845 4818 :equalent
2869 4765 2965 4817 per
2989 4749 3169 4802 omnia
3201 4749 3342 4801 Patri
3371 4765 3421 4802 ez.
3449 4749 3598 4802 Filio.
3641 4769 3657 4801 ι
3710 4751 3816 4803 Au-

2255 4841 2501 4912 gustinus
2536 4841 2695 4893 etiam
2721 4841 2974 4893 .,.dversus
3008 4839 3290 4892 Maximum
3334 4839 3642 4892 ἱκετεύουσι
3675 4855 3821 4892 mve-

2258 4943 2392 4993 mus,
2417 4932 2527 4984 ait:
2562 4951 2576 4980 t
2614 4931 2687 4983 De
2713 4931 2873 4983 Patre
2900 4939 2981 4983 est
3002 4929 3190 4994 Filius,
3216 4931 3279 4983 de
3310 4930 3466 4982 Patre
3488 4940 3568 4982 est
3594 4930 3825 4996 Spiritus

2256 5031 2497 5079 sanctus.
2521 5043 2537 5074 ι
2569 5025 2758 5077 iieatt's
2781 5024 2940 5076 etiam
2973 5023 3079 5078 Leo
3106 5040 3239 5094 papa
3269 5025 3317 5076 in
3345 5036 3592 5093 argentea
3623 5024 3820 5084 tabula,

2257 5128 2376 5182 quae
2404 5123 2527 5165 ante
2560 5115 2978 5167 sact'atistintum
3014 5131 3209 5184 corpus
3244 5116 3382 5169 beati
3417 5115 3566 5168 Pauli
3601 5116 3829 5183 apostoli

2255 5204 2468 5257 videtur
2491 5210 2686 5266 erecta,
2721 5205 2860 5256 inter
2883 5214 3104 5258 caeteras
3134 5221 3242 5259 sua:
3275 5207 3392 5260 ﬁdei
3423 5206 3693 5274 sytniiolas
3719 5206 3824 5258 ait:

2261 5311 2278 5345 ι
2297 5293 2362 5346 Et
2389 5294 2440 5346 in
2457 5293 2714 5362 Spiritum
2748 5297 2990 5350 sanetum
3014 5295 3314 5362 Dominum,
3341 5307 3392 5352 et
3417 5299 3823 5364 viviﬁcatorem,

2254 5385 2418 5456 656
2445 5400 2510 5439 ex
2541 5386 2699 5442 Patre
2725 5389 3138 5457 procedentem,
3178 5406 3294 5444 cum
3347 5391 3535 5454 Patre,
3584 5402 3636 5446 et
3688 5389 3824 5444 Filio

2255 5479 2651 5532 eoadorandum
2682 5489 2735 5534 et
2762 5477 3188 5549 gloriﬁcandum.
3241 5505 3257 5533 ι
3295 5485 3347 5536 In
3384 5487 3578 5541 ."iezeni
3608 5504 3820 5558 quoque

2253 5569 2465 5623 concilii
2497 5570 2734 5640 symbolo
2763 5573 2954 5626 dicitur
2983 5590 2995 5625 :
3037 5593 3054 5625 ι
3086 5573 3366 5629 Credimus
3393 5587 3444 5631 et
3473 5596 3522 5631 tn
3556 5563 3820 5648 Spiritum

2257 5670 2523 5723 sanctum,
2564 5663 2655 5729 qui
2680 5663 2744 5715 de
2769 5662 2926 5717 Patre
2954 5665 3197 5733 procedit
3223 5670 3456 5735 proprie,
3485 5680 3540 5723 et
3565 5671 3703 5725 Deus
3734 5679 3819 5726 est

2259 5763 2416 5804 verus
2444 5752 2581 5805 sicut
2612 5751 2808 5817 Filius;
2846 5774 2861 5806 i
2907 5765 2959 5809 et
2993 5757 3264 5825 aliquanto
3293 5770 3417 5828 post
3446 5779 3457 5813 :
3506 5779 3523 5811 ι
3562 5762 3820 5834 Quodque

2258 5853 2312 5897 et
2353 5841 2615 5916 Spiritum
2661 5854 2907 5905 sanctum
2954 5863 3142 5912 verum
3190 5853 3360 5912 Deum
3409 5855 3714 5914 invenimus
3763 5859 3820 5916 in

3876 4627 3902 4665 -’
3935 4641 4256 4710 indaginem.
4295 4644 4387 4698 sed
4419 4647 4586 4700 solam
4625 4650 5008 4719 amplectamur
5039 4651 5271 4706 caelestis
5301 4653 5498 4723 eloquii

3935 4735 4248 4798 veritatem,
4293 4745 4348 4789 ut
4404 4739 4506 4793 hoc
4553 4742 4890 4810 potissimum
4948 4744 5013 4798 de
5060 4743 5170 4799 Deo
5203 4746 5500 4812 credatur,

3932 4829 4070 4895 quod
4111 4828 4392 4894 divinitus;
4429 4838 4486 4885 et
4531 4831 4581 4885 in
4613 4832 4698 4888 bis
4738 4849 4857 4912 quae
4885 4849 5091 4890 summa
5117 4845 5170 4889 et
5194 4837 5494 4907 incompre-

3933 4920 4209 4973 hensibiiii:
4249 4922 4453 4976 Veritas
4492 4923 4756 4992 perhibet,
4788 4924 4910 4981 ﬁdei
4961 4935 5154 4980 nostra:
5197 4933 5496 4983 constantia

3935 5028 4040 5068 non
4071 5014 4298 5069 vacilirt.

4535 5110 4757 5167 CAPUT
4793 5111 4873 5167 HI.

4022 5197 4173 5263 Quod
4213 5199 4442 5269 Spiritus
4472 5211 4682 5256 sanctus
4721 5222 4751 5256 α
4790 5203 4948 5259 Patre
4986 5207 5139 5260 simul
5173 5217 5222 5260 et
5257 5206 5402 5262 Filio

4577 5274 4842 5341 procedat.

3997 5387 4163 5440 Porro
4224 5392 4400 5439 autem
4455 5386 4598 5454 quod
4667 5402 4697 5440 a
4747 5386 4905 5442 Patre
4953 5389 5203 5457 procedat
5257 5384 5491 5460 Spiritus

3929 5486 4162 5540 sanctus,
4200 5478 4341 5532 nulla
4389 5492 4563 5549 neque
4625 5480 4763 5550 apud
4816 5479 5050 5545 Graecos,
5096 5479 5254 5551 657
5316 5496 5490 5551 neque

3929 5577 4064 5641 apud
4095 5573 4317 5630 Latinos
4339 5574 4564 5644 quaestio
4592 5585 4712 5631 est:
4741 5590 4840 5631 nec
4879 5592 4963 5630 res
5005 5574 5321 5629 testimoniis
5347 5574 5490 5647 iudi-

3929 5675 4034 5734 get.
4060 5683 4178 5722 cum
4200 5668 4300 5722 hoc
4339 5668 4531 5736 ipsum,
4560 5676 4616 5724 et
4634 5683 4695 5723 ea
4719 5681 4837 5736 quae
4857 5682 5015 5735 supra
5041 5667 5310 5736 posuimus
5334 5707 5345 5729 ,
5373 5665 5487 5720 evi-

3928 5760 4114 5814 denter
4139 5761 4381 5830 exempla
4414 5761 4704 5815 declarent.
4732 5760 4890 5826 Quod
4909 5770 5083 5815 autem
5109 5774 5137 5812 a
5165 5758 5323 5812 Patre
5355 5772 5483 5825 pro.

3928 5855 4100 5921 Cedat,
4137 5855 4374 5910 simulet
4402 5871 4432 5910 a
4462 5853 4617 5922 Filio,
4668 5853 4806 5909 unde
4851 5851 5056 5908 scilicet
5107 5849 5328 5922 quiestio
5379 5855 5482 5917 est.
