5664 6616
824 421 934 478 657

1490 419 1732 479 OPUSC.
1776 420 2056 478 XXXVII].
2097 451 2167 466 -
2204 421 2294 479 DE
2333 423 2808 484 PROCESSIONE
2849 427 3172 484 SPIRITUS
3217 425 3485 483 SANCTI.

4011 433 4116 490 638
4152 446 4156 450 ’

826 538 1137 609 evangelica
1194 554 1294 594 nos
1337 538 1494 593 docet
1549 542 1846 595 auctoritas
1879 582 1892 605 ,
1955 558 2073 596 cum
2149 543 2407 598 Dominus
2441 552 2484 609 Α
2516 546 2728 601 nieuter
2766 557 3044 602 ostensum
3079 555 3163 601 est
3192 549 3334 616 quod
3363 547 3600 616 Spiritus
3648 553 3870 600 sanctus
3914 559 4111 614 proce-

826 632 961 686 dicit
995 649 1008 684 :
1050 651 1067 684 ι
1098 631 1410 687 Paracletus
1439 639 1619 685 autem
1676 631 1912 701 Spiritus
1965 641 2207 698 sanctus,
2253 648 2413 702 quem

826 724 1009 776 mittet
1038 725 1198 777 Pater
1219 723 1270 776 in
1294 723 1511 776 nomine
1531 737 1670 785 meo,
1705 723 1793 776 ille
1836 737 1934 777 vos
1955 724 2172 777 docebit
2233 724 2416 778 omnia

825 810 1010 879 (Joan.
1044 811 1178 880 xtv).
1209 831 1228 864 ι
1267 813 1331 866 Et
1352 812 1476 868 alibi
1520 831 1532 867 :
1603 832 1619 864 ι
1657 813 1790 867 Cum
1833 815 2038 868 venerit
2080 813 2412 880 Paracletus,

822 917 987 969 quem
1010 915 1111 970 ego
1139 903 1349 956 mittam
1374 904 1527 958 vobis
1567 919 1595 957 a
1648 903 1811 959 Patre
1838 905 2018 974 (Joan.
2071 908 2183 975 xv).
2207 926 2236 978 ᾗ)
2282 905 2416 960 Cum

822 1005 959 1059 ergo
979 990 1320 1049 Paracletum
1347 1004 1403 1050 et
1433 995 1594 1048 Pater
1623 995 1804 1049 mittat
1827 997 1877 1050 in
1911 998 2130 1052 nomine
2185 998 2328 1063 Filii,
2362 1007 2416 1052 et

821 1081 996 1138 Filius
1024 1084 1204 1138 mittat
1232 1101 1260 1138 a
1294 1086 1484 1149 Patre;
1515 1096 1666 1156 patet
1694 1087 1937 1157 profecto
1972 1132 1982 1149 ,
2026 1089 2151 1157 quia
2177 1089 2320 1142 sicut
2347 1091 2416 1142 ab

821 1181 1076 1242 utroque,
1112 1177 1201 1242 qui
1229 1175 1412 1243 procul
1443 1176 1606 1231 dubio
1636 1193 1801 1232 unum
1842 1188 1984 1242 sunt,
2046 1178 2303 1243 mittitur,
2340 1177 2415 1232 ita

823 1262 1178 1318 nihilominus
1206 1274 1260 1317 et
1308 1265 1376 1319 ab
1422 1273 1650 1333 utroque
1695 1269 1958 1334 procedit.
2013 1269 2079 1322 Et
2129 1269 2220 1338 qui
2277 1282 2417 1337 saepe

825 1351 1064 1421 Spiritus
1091 1352 1346 1409 Veritatis
1374 1357 1593 1419 dicitur,
1623 1373 1749 1411 cum
1812 1360 1996 1426 utique
2051 1359 2300 1412 Christus
2348 1359 2418 1412 sit

822 1442 1060 1509 Veritas,
1086 1450 1174 1513 qui
1202 1445 1437 1513 Spiritus
1459 1457 1541 1500 est
1570 1447 1849 1512 Veritatis,
1879 1448 2117 1516 Spiritus
2159 1457 2240 1502 est
2291 1462 2417 1516 pro-

821 1531 912 1586 cul
945 1533 1108 1588 dubio
1131 1533 1273 1587 Filii.
1307 1531 1460 1590 Unde
1482 1544 1537 1588 et
1567 1537 1693 1590 alibi
1719 1538 1888 1591 dicit:
1929 1557 1947 1588 ‹
1989 1538 2079 1592 Ille
2110 1552 2193 1592 me
2219 1537 2417 1592 clariﬁ-

820 1621 992 1684 cabit,
1020 1622 1145 1691 quia
1179 1624 1244 1678 de
1269 1639 1390 1678 meo
1443 1625 1675 1695 accipiet
1714 1627 1896 1684 (Joan.
1943 1628 2075 1697 xvi).
2122 1647 2140 1681 ι
2195 1630 2268 1683 De
2297 1643 2417 1683 meo

822 1715 1028 1770 scilicet
1051 1717 1296 1786 accipiet,
1324 1720 1450 1788 quia
1476 1730 1529 1774 et
1559 1721 1611 1774 in
1637 1736 1722 1775 me
1751 1732 1852 1778 est.
1887 1722 2041 1777 Unde
2092 1735 2148 1778 et
2189 1726 2241 1778 in
2276 1724 2416 1779 Isaia

821 1819 926 1859 vox
948 1803 1129 1859 Patris
1153 1806 1221 1860 ad
1248 1807 1440 1861 Filium
1475 1827 1488 1862 :
1529 1827 1546 1859 ε
1584 1810 1820 1878 Spiritus
1860 1828 2046 1877 meus,
2077 1815 2272 1883 inquit,
2322 1815 2413 1884 qui

2479 679 2484 700 ,
2520 636 2596 688 dit
2631 635 2697 689 ab
2737 635 2869 704 ipso.
2894 636 3062 691 Isaias
3091 651 3307 706 quoque
3334 651 3456 691 cum
3487 636 3553 690 de
3594 634 3730 689 Filio
3780 633 3870 689 Dei
3916 635 4104 704 loque-

2519 735 2688 790 retur,
2715 725 2952 794 adjecit:
2992 747 3010 778 ‹
3047 726 3321 782 Pereutiet
3350 736 3549 781 terram
3581 727 3732 796 virga
3766 727 3877 780 oris
3903 729 3982 781 sui
4009 769 4023 790 ,
4057 734 4115 782 et

2517 819 2710 885 spiritu
2753 817 3018 872 Iabiorum
3050 833 3273 873 suorum
3329 817 3623 873 interﬁeiet
3671 818 3894 886 impium
3954 816 4113 888 (1εαὶ.

2518 911 2617 974 x1).
2660 928 2678 960 ι
2707 909 2802 962 Cui
2831 909 3118 964 sententize
3148 909 3446 964 concinens
3477 907 3678 963 Paulus
3707 909 3760 962 in
3786 909 4027 978 Epistula
4047 907 4119 964 ad

2519 996 3033 1055 Thcssalonicenses
3079 1000 3196 1054 ait:
3263 1019 3281 1048 ε
3322 999 3474 1055 Tunc
3508 1000 3840 1055 revelabitur
3880 1000 3968 1054 ille
4015 1000 4122 1056 ini-

2517 1103 2674 1157 quus,
2715 1105 2874 1158 quem
2924 1091 3186 1147 Dominus
3239 1089 3398 1146 Jesus
3446 1090 3736 1147 interﬁciet
3759 1091 3954 1162 spiritu
4007 1089 4121 1147 oris

2519 1183 2622 1248 sui,
2646 1195 2702 1237 et
2737 1183 2979 1238 destruet
3031 1183 3394 1239 illustratione
3432 1185 3701 1240 adventus
3725 1185 3807 1240 sui
3843 1183 3894 1256 (Ι
3931 1184 4116 1239 Thess.

2519 1276 2600 1344 ιι).
2644 1295 2661 1326 ›
2699 1275 2851 1341 Quod
2882 1275 3048 1329 etiam
3075 1277 3129 1330 in
3161 1275 3299 1330 libro
3345 1276 3490 1331 beati
3546 1275 3648 1332 Job
3697 1278 3928 1348 mystice
3979 1277 4122 1331 desi-

2517 1377 2737 1434 gnatur,
2766 1379 2888 1420 cum
2919 1365 3122 1420 dicitur
3151 1381 3166 1420 :
3202 1384 3221 1416 ε
3255 1367 3453 1422 Audiet
3495 1367 3827 1422 auditionem
3886 1366 3942 1420 in
4005 1375 4118 1422 ter-

2522 1469 2644 1508 rore
2677 1454 2827 1508 vocis
2857 1455 2992 1524 ejus,
3026 1463 3302 1510 etsonum
3352 1457 3417 1510 de
3471 1471 3567 1511 ore
3623 1456 3770 1510 illius
3820 1457 4122 1526 proceden-

2523 1554 2629 1598 tem
2664 1544 2787 1612 (Job
2817 1546 3047 1616 xxxv").
3083 1564 3100 1596 ι
3142 1545 3215 1601 Os
3265 1545 3500 1615 denique
3523 1544 3705 1601 Patris
3764 1545 3817 1599 in
3849 1545 3954 1599 hoc
3999 1543 4122 1602 loco

2521 1637 2839 1706 intelligitur
2870 1638 3058 1706 Filius,
3114 1654 3212 1709 per
3233 1654 3394 1709 quem
3417 1639 3673 1694 videlicet
3720 1640 3877 1695 nobis
3925 1638 4123 1694 divina

2522 1729 2657 1799 legis
2679 1731 2889 1785 sanctio
2911 1731 3326 1803 promulgatur;
3361 1747 3529 1788 sonus
3552 1747 3683 1787 vero
3742 1732 3809 1786 de
3854 1731 3997 1785 illius
4025 1745 4123 1787 ore

2522 1823 2840 1890 procedens,
2869 1822 3106 1892 Spiritus
3130 1834 3352 1881 sanctus
3373 1835 3476 1890 est,
3502 1825 3616 1894 qui,
3651 1840 3679 1878 a
3707 1824 3845 1878 Filio
3869 1825 4120 1888 veniens,

821 1904 908 1951 est
934 1896 988 1950 in
1018 1906 1087 1962 te,
1117 1906 1171 1953 et
1214 1901 1373 1953 verba
1405 1915 1543 1966 mea,
1571 1917 1692 1969 quae
1738 1905 1889 1972 posui
1917 1906 1970 1957 in
1993 1919 2088 1958 ore
2129 1916 2220 1960 tuo
2259 1947 2274 1971 ,
2306 1921 2413 1959 non
2443 1902 2492 1962 B
2520 1911 2850 1966 mirabiliter
2881 1913 3096 1978 sonuit,
3127 1930 3250 1969 cum
3301 1930 3466 1984 super
3510 1916 3782 1984 apostolos
3831 1914 4119 1984 repentino

829 1988 1093 2040 recedant
1124 1988 1189 2042 de
1215 2005 1310 2044 ore
1337 1999 1448 2055 tuo,
1472 1999 1528 2044 et
1553 1993 1618 2044 de
1647 2007 1742 2046 ore
1767 1994 1990 2048 seminis
2036 1996 2108 2048 tui
2155 2011 2325 2064 usque
2356 1997 2408 2049 in

820 2079 1267 2150 arternumUsai.
1309 2082 1444 2152 ux).
1495 2102 1512 2134 ›
1577 2083 1691 2150 Ipse
1747 2086 2002 2140 nimirum
2057 2087 2293 2155 Spiritus
2331 2095 2415 2142 est

821 2168 911 2223 illa
946 2170 1118 2226 virtus
1141 2187 1260 2240 quze
1306 2173 1372 2226 de
1405 2172 1494 2226 illo
1549 2175 1771 2238 exibat,
1824 2176 1965 2230 sicut
2012 2179 2066 2231 in
2117 2179 2415 2251 Evangelio

820 2258 1037 2329 legitur,
1066 2268 1120 2315 et
1139 2262 1370 2314 sanabat
1417 2277 1607 2318 omnes
1640 2262 1791 2338 (Luc.
1826 2266 1924 2333 vi).

891 2348 958 2402 Et
1009 2349 1206 2404 iterum
1255 2351 1321 2405 de
1362 2351 1585 2406 muliere
1640 2353 1786 2406 llum
1833 2355 2112 2424 sanguinis
2140 2355 2410 2412 liberata:

823 2456 843 2490 ι
873 2438 983 2508 Ego
1007 2440 1130 2494 novi
1154 2440 1406 2495 virtutem
1436 2442 1500 2495 de
1528 2458 1612 2497 me
1643 2444 1820 2497 exisse
1840 2443 1992 2514 (Luc.
2025 2447 2170 2516 vm).
2204 2465 2220 2496 ι
2263 2444 2414 2500 Unde

817 2539 876 2584 et
909 2531 1195 2600 Apostolus
1232 2534 1294 2586 ad
1344 2532 1600 2588 Galatas:
1661 2554 1677 2583 ε
1716 2536 2005 2601 Quoniam,
2055 2536 2250 2604 inquit,
2284 2537 2416 2592 estis

821 2621 915 2676 lilii
958 2623 1077 2689 Dei,
1106 2624 1255 2678 misit
1285 2624 1427 2680 Deus
1459 2624 1721 2694 Spiritum
1753 2626 1871 2679 Filii
1934 2628 2012 2680 sui
2051 2628 2103 2680 in
2135 2629 2297 2680 corda
2326 2642 2417 2681 ve-

817 2724 933 2770 stra
963 2717 1310 2778 clamantem,
1343 2717 1491 2771 Abba
1541 2718 1703 2772 Pater
1755 2718 1897 2789 (Gul.
1924 2720 2020 2789 iv).
2060 2741 2077 2771 ι
2121 2719 2186 2772 ΕΙ.
2239 2719 2410 2775 alibi:

821 2825 842 2860 ι
873 2808 974 2874 Qui
1002 2808 1262 2878 Spiritum
1292 2811 1496 2868 Christi
1529 2829 1633 2866 non
1678 2814 1856 2876 habet,
1890 2814 1978 2868 hic
2007 2831 2112 2868 non
2145 2823 2227 2867 est
2275 2815 2412 2883 ejus.

816 2899 956 2956 Ecce
991 2902 1101 2969 hic,
1129 2919 1251 2958 cum
1278 2905 1717 2976 dicitAposwlus
1747 2927 1757 2958 :
1811 2927 1828 2958 (
1868 2908 2103 2976 Spiritus
2157 2908 2278 2962 Filii
2309 2911 2412 2974 sui,

817 2991 904 3046 vel
936 2992 1172 3062 Spiritus
1201 2993 1401 3048 Christi
1429 2995 1599 3061 (Rom.
1631 2997 1776 3064 vni),
1812 3016 1829 3046 t
1889 2999 2131 3066 nunquid
2166 2999 2314 3050 addit
2363 3007 2418 3052 ct

814 3082 1016 3150 Patris,
1044 3094 1102 3139 ut
1127 3087 1289 3150 dicat,
1318 3086 1555 3156 Spiritus
1586 3087 1784 3141 Christi
1820 3100 1873 3142 et
1918 3089 2117 3142 Patris.
2165 3089 2416 3159 Nunquid

815 3177 966 3246 quia,
995 3179 1363 3248 praetermisso
1388 3177 1566 3232 Patris
1593 3180 1882 3243 vocabulo,
1915 3180 2152 3248 Spiritus
2181 3181 2300 3234 Filii
2338 3183 2416 3234 di-

2519 2004 2701 2058 sonitu
2736 2005 2788 2058 in
2839 2005 3148 2075 linguarum
3197 2009 3464 2060 varietate
3521 2007 3821 2062 descendit.
3871 2025 3890 2058 ‹
3924 2006 4124 2060 Factus

2517 2101 2616 2152 est,
2646 2093 2842 2163 inquit,
2869 2103 3102 2162 repente
3135 2096 3200 2148 de
3244 2095 3383 2148 cmlo
3435 2110 3600 2150 sonus
3656 2107 3911 2164 tanquam
3964 2094 4127 2149 adve-

2518 2183 2720 2237 nientis
2753 2182 2990 2253 Spiritus
3019 2186 3360 2239 vehementis
3406 2186 3546 2255 (Act.
3599 2187 3682 2256 ιι).
3724 2205 3740 2236 ι
3799 2185 3901 2240 Hic
3932 2200 4126 2256 nempe

2517 2273 2824 2341 sonus,qui
2857 2274 2924 2326 de
2973 2287 3068 2326 ore
3122 2274 3323 2328 Christi
3367 2277 3584 2343 prodiit,
3639 2277 3754 2344 ipse
3801 2284 3884 2331 est
3933 2274 4128 2346 procul

2517 2362 2679 2418 dubio
2703 2364 2915 2433 gladius
2948 2364 3032 2420 bis
3061 2373 3276 2426 acutus,
3321 2380 3482 2432 quem
3535 2363 3775 2418 Joannes
3815 2366 3867 2417 in
3914 2367 4128 2435 Apoca-

2518 2452 2656 2522 lypsi
2699 2471 2765 2508 ex
2806 2456 3013 2510 eisdem
3042 2455 3201 2508 labiis
3223 2455 3376 2509 exire
3408 2456 3693 2522 conspexit
3742 2455 3926 2525 (Apoc.
3954 2455 4013 2527 ι).
4050 2456 4128 2511 De

2517 2556 2694 2612 quoet
2725 2562 2819 2614 per
2844 2546 3184 2601 Psalmistam
3215 2546 3418 2600 dicitur
3450 2565 3460 2597 :
3499 2565 3515 2596 ι
3551 2545 3726 2600 Verbo
3755 2548 3965 2600 Domini
3999 2545 4125 2602 caeli

2519 2635 2717 2691 ﬁrmati
2768 2647 2915 2702 sunt,
2941 2647 2993 2691 et
3015 2637 3206 2705 spiritu
3232 2637 3345 2691 oris
3373 2638 3491 2705 ejus
3517 2637 3695 2690 omnis
3728 2637 3903 2690 virtus
3932 2652 4124 2691 eorum

2521 2725 2693 2797 (Psol.
2727 2732 2921 2798 usu).
2963 2748 2978 2776 ›
3013 2729 3149 2794 Quia
3181 2742 3331 2796 ergo,
3373 2729 3514 2780 sicut
3541 2728 3743 2781 dictum
3791 2737 3896 2793 est,
3925 2743 3984 2781 os
4015 2727 4124 2781 Pa-

2521 2818 2617 2872 tris
2641 2819 2808 2872 Filius
2839 2829 2937 2878 est,
2975 2820 3207 2887 Spiritus
3233 2820 3344 2874 oris
3376 2819 3470 2872 Dei
3525 2819 3598 2873 nil
3638 2819 3785 2874 aliud
3818 2821 4126 2892 intelligen-

2520 2911 2639 2972 dus,
2664 2926 2822 2978 quam
2857 2909 3096 2979 Spiritus
3125 2908 3351 2964 Christi.

3131 3000 3359 3055 CAPUT
3397 3001 3481 3056 IV.

2695 3096 2907 3147 Amore:
2939 3096 3346 3161 dubitationem,
3371 3114 3491 3166 quo:
3518 3097 3664 3150 nasci
3690 3107 3913 3166 poterat.

2594 3185 2745 3248 Quod
2774 3185 2817 3236 si
2849 3186 3135 3251 quaeritur,
3163 3201 3287 3239 cum
3342 3186 3408 3240 de
3470 3187 3775 3241 substantia
3821 3186 4000 3241 Patris
4055 3186 4128 3242 sit

814 3269 991 3333 citur,
1022 3269 1144 3337 jure
1199 3271 1552 3340 consequitur
1581 3280 1639 3324 ut
1668 3272 1842 3325 Patris
1877 3288 1996 3326 esse
2035 3272 2270 3341 Spiritus
2325 3274 2416 3327 de-
2445 3252 2489 3314 Ο
2522 3264 2711 3335 Filius,
2739 3275 2802 3328 de
2825 3277 3125 3329 substantia
3158 3275 3336 3330 Patris
3366 3277 3435 3330 sit
3470 3278 3824 3332 nihilominus
3853 3290 3908 3332 et
3957 3279 4128 3349 Spiri-

813 3360 1083 3427 negetur?
1107 3360 1244 3413 idem
1271 3375 1488 3430 quoque
1510 3362 1798 3429 Apostolus
1825 3367 1890 3415 ad
1910 3364 2285 3433 Philippenses
2302 3365 2409 3418 ait:

823 3466 842 3500 ι
881 3448 1006 3504 Scio
1036 3449 1178 3505 enim
1207 3451 1332 3518 quia
1382 3451 1485 3505 hoc
1534 3453 1666 3506 mihi
1728 3454 2010 3521 proveniet
2073 3456 2122 3507 iu
2185 3455 2412 3510 salutem

815 3554 914 3609 per
936 3551 1168 3596 vestram
1199 3545 1528 3612 orationem,
1567 3558 1620 3600 et
1678 3549 2239 3605 subministrationem
2288 3552 2413 3620 Spi-

813 3627 954 3685 ritus
977 3627 1103 3685 Jesu
1136 3631 1332 3687 Christi
1376 3633 1599 3704 (Philip.
1660 3635 1719 3705 ι).
1755 3657 1772 3687 ι
1831 3637 2098 3693 Hine-cst
2139 3642 2283 3709 quod
2317 3640 2417 3695 Sa-

814 3718 1020 3787 pientia
1049 3721 1165 3786 Dei,
1197 3738 1316 3787 qua:
1340 3725 1530 3792 procul
1571 3726 1735 3780 dubio
1783 3727 2032 3782 Christus
2083 3740 2184 3794 est,
2234 3731 2365 3784 dicit
2395 3749 2408 3784 :

822 3827 840 3861 t
873 3808 1106 3879 Spiritus
1133 3830 1283 3868 meus
1305 3831 1468 3886 super
1491 3818 1596 3872 mel
1627 3820 1819 3884 dulcis,
1852 3832 1908 3876 et
1967 3824 2255 3877 haereditas
2291 3839 2410 3878 mea

815 3915 979 3972 super
1007 3903 1110 3957 mel
1137 3914 1190 3957 et
1217 3904 1396 3959 favum
1424 3906 1617 3974 (Eccli.
1646 3914 1820 3979 xxiv).
1855 3932 1871 3963 ›

886 3990 1060 4045 Sicuti
1091 4007 1218 4064 ergo
1248 4009 1369 4047 cum
1404 3994 1548 4056 Filii,
1576 3998 1660 4050 vel
1692 3999 1892 4053 Christi
1923 4001 2158 4069 Spiritus
2186 4002 2411 4067 dicitur,

816 4095 923 4134 non
953 4082 1134 4135 statim
1185 4086 1539 4154 consequitur
1577 4096 1634 4141 ut
1669 4103 1792 4142 eum
1857 4091 2126 4158 possimus
2180 4108 2205 4144 a
2252 4092 2413 4146 Patre

816 4169 1154 4240 disjungere;
1202 4174 1273 4227 ita
1303 4191 1426 4229 eum
1483 4178 1700 4244 dicitur,
1762 4179 1996 4250 Spiritus
2046 4182 2245 4246 Patris,
2307 4200 2412 4239 non

816 4273 938 4313 eum
964 4276 1252 4329 possumus
1283 4280 1310 4316 a
1347 4265 1486 4320 Filio
1521 4283 1798 4336 separare.
1852 4271 2048 4326 Beatus
2097 4274 2261 4326 etiam
2307 4273 2411 4327 Pe-

817 4359 937 4408 trus
954 4353 1070 4407 ait:
1104 4373 1121 4404 ι
1163 4355 1235 4410 De
1257 4372 1362 4426 qua
1387 4358 1564 4414 salute
1595 4362 1968 4429 exquisierunt
1995 4375 2157 4433 atque
2186 4367 2412 4420 scrutati

816 4453 943 4500 sunt
970 4444 1274 4517 Prophetas,
1311 4449 1403 4520 qui
1449 4451 1514 4506 de
1560 4451 1738 4506 futura
1778 4455 1829 4507 in
1878 4456 2032 4510 nobis
2072 4457 2241 4526 gloria
2287 4473 2412 4526 pro-

816 4537 1190 4608 phetaveruut,
1233 4549 1540 4598 scrutantes
1582 4544 1636 4598 in
1697 4547 1838 4613 quod
1875 4546 1959 4598 vel
1997 4547 2155 4616 quale
2201 4558 2409 4618 tempus

814 4607 1144 4700 signiﬁcaret
1165 4632 1293 4699 quia
1349 4633 1402 4686 in
1433 4633 1515 4688 eis
1540 4644 1659 4688 erat
1713 4607 1951 4704 Spiritus
1990 4607 2217 4703 Christi,
2267 4607 2406 4708 prae-
2437 4607 2490 4666 D

817 4720 1069 4774 nuntians
1112 4736 1205 4775 eas
1254 4738 1374 4792 qua:
1430 4725 1482 4776 iu
1546 4724 1766 4781 Christo
1819 4736 1945 4780 sunt
1997 4731 2302 4797 passiones,
2354 4741 2410 4786 et

814 4813 1140 4882 posteriores
1168 4814 1367 4883 glorias
1414 4814 1464 4885 (1
1504 4817 1730 4889 Pen-.1).
1773 4839 1791 4871 ι
1829 4819 1984 4886 Quod
2028 4833 2208 4877 autem
2252 4839 2408 4878 eum-

816 4901 934 4956 dem
983 4901 1244 4972 Spiritum
1302 4905 1475 4961 Filius
1521 4909 1572 4961 in
1631 4910 1924 4980 discipulus
1974 4915 2207 4981 miserit,
2264 4917 2405 4972 idem

815 4991 1004 5048 Petrus
1055 4995 1109 5048 in
1145 4995 1371 5051 Actibus
1412 4999 1784 5068 apostolorum
1826 5003 2074 5071 perhibet
2107 5046 2121 5070 ,
2171 5007 2357 5063 dicens
2390 5026 2402 5062 :

821 5103 838 5135 ‹
871 5085 1066 5140 Dextra
1095 5087 1259 5159 igitur
1288 5090 1384 5144 Dei
1408 5091 1698 5159 exaltatus,
1727 5102 1781 5148 et
1836 5097 2195 5163 promissione
2236 5098 2405 5169 Spiri-

819 5192 902 5232 tus
931 5179 1103 5236 sancti
1168 5189 1386 5252 accepta
1445 5198 1474 5235 a
1525 5183 1705 5250 Patre,
1763 5184 1954 5241 eﬂ'udit
2009 5189 2115 5243 hoc
2163 5189 2408 5256 donum,

814 5266 953 5335 quod
974 5268 1067 5321 vos
1082 5268 1272 5324 videtis
1287 5279 1340 5323 ct
1353 5271 1548 5326 auditis
1565 5273 1701 5342 (Act.
1721 5275 1801 5343 ιι).
1828 5295 1845 5326 ι
1869 5276 2001 5332 Hinc
2014 5279 2270 5348 estquod,
2286 5296 2407 5335 cum

815 5360 1202 5414 resurrexisset
1227 5375 1259 5414 a
1289 5362 1542 5425 mortuis,
1572 5371 1627 5418 et
1649 5366 1990 5435 apparuisset
2019 5369 2320 5439 discipulis,
2352 5380 2412 5426 ut

816 5462 936 5503 eum
957 5449 1024 5504 de
1054 5465 1112 5506 se
1140 5452 1436 5521 procedere
1463 5463 1714 5522 patenter
1736 5459 2065 5524 ostenderet,
2094 5460 2407 5529 msulllavit,

816 5551 870 5598 et
919 5543 1032 5598 ait:
1091 5567 1108 5596 ι
1141 5546 1380 5616 Accipite
1441 5548 1703 5619 Spiritum
1746 5560 1992 5606 sanctum
2025 5554 2204 5624 (Joan.
2238 5556 2351 5622 xx).
2384 5575 2403 5610 ι

887 5657 996 5714 Nec
1022 5674 1149 5715 sane
1177 5663 1473 5730 putandum
1498 5673 1578 5720 est
1602 5667 1744 5735 quod
1773 5666 1933 5723 ﬂatus
1974 5669 2060 5724 ille
2090 5685 2402 5742 corporeus,

2523 3375 2606 3419 tus
2630 3374 2874 3428 sanctus,
2918 3382 3014 3420 cur
3045 3384 3184 3422 unus
3211 3369 3402 3434 Filius,
3431 3380 3480 3424 et
3513 3371 3652 3426 alius
3678 3387 3784 3426 non
3815 3373 3884 3425 sit
3913 3371 4127 3429 Filius?

2521 3474 2626 3511 non
2661 3458 2957 3527 incongrue
2987 3461 3347 3530 reSpondctur
3372 3479 3385 3514 :
3415 3465 3487 3516 De
3517 3463 3678 3517 Patre
3708 3472 3792 3518 est
3822 3462 4030 3532 Filius,
4058 3465 4126 3521 de

2521 3549 2680 3604 Patre
2701 3563 2785 3604 est
2809 3551 3046 3622 Spiritus
3073 3568 3294 3612 sanctus
3320 3576 3333 3622 ;
3365 3561 3458 3613 sed
3482 3560 3570 3614 ille
3603 3561 3822 3630 genitus
3851 3572 3955 3626 est,
4018 3562 4120 3618 iste

2517 3645 2840 3712 procedens,
2870 3647 3097 3716 ideoque
3125 3649 3210 3701 ille
3252 3649 3420 3704 Filius
3450 3662 3535 3705 est
3571 3651 3771 3715 Patris,
3797 3658 3862 3707 de
3911 3669 4018 3723 quo
4071 3662 4126 3710 et

2518 3737 2732 3801 genitus
2760 3743 2841 3787 est
2870 3752 2882 3798 ;
2915 3737 3014 3790 iste
3039 3747 3221 3792 autem
3248 3738 3487 3808 Spiritus
3518 3742 3820 3811 utriusque,
3863 3745 4123 3812 quoniam

2518 3825 2585 3876 de
2627 3835 2860 3894 utroque
2887 3830 3155 3894 procedit.
3195 3831 3585 3884 Verumtamen
3614 3843 3662 3885 et
3698 3832 3787 3885 illa
3819 3836 4121 3903 generatio,

2518 3927 2571 3969 et
2598 3918 2698 3970 ista
2737 3921 3018 3987 processio
3046 3936 3150 3973 non
3191 3923 3350 3974 modo
3378 3921 3691 3987 inell‘ahilis,
3734 3925 3830 3979 sed
3883 3936 3936 3981 et
3965 3943 4124 3997 pror-

2519 4023 2610 4060 sus
2648 4008 3214 4077 incomprciiensibilis
3244 4024 3342 4067 est.
3399 4014 3506 4068 Sed
3558 4017 3609 4069 in
3643 4017 3727 4071 his
3757 4033 3878 4087 qua:
3924 4027 4124 4074 nostra

2519 4103 2717 4153 mentis
2749 4107 2866 4156 acie
2894 4113 3183 4170 penetrare
3223 4120 3326 4158 non
3361 4122 3647 4176 possumus
3670 4149 3684 4172 ,
3724 4108 3831 4163 illis
3865 4123 3962 4179 per
3987 4125 4127 4179 quos

2520 4188 2756 4259 Spiritus
2780 4203 3006 4247 sanctus
3041 4194 3250 4248 locutus
3279 4204 3384 4260 est,
3413 4195 3574 4251 ﬁdem
3599 4207 3830 4263 certam,
3864 4207 4125 4268 tanquam

2518 4281 2561 4334 si
2586 4298 2672 4336 res
2697 4285 2898 4338 nostris
2927 4285 3234 4354 subjaceret
3257 4289 3541 4344 obtutibus
3576 4331 3590 4355 ,
3643 4291 3991 4346 adhibemus.
4055 4293 4123 4350 Et

2518 4390 2831 4444 quanquam
2885 4379 3041 4433 nobis
3071 4381 3251 4450 ignota
3299 4384 3408 4436 sint
3467 4399 3682 4438 arcana:
3737 4385 4124 4453 profunditatis

2517 4472 2726 4526 occulta
2759 4476 3036 4544 mysteria,
3070 4492 3174 4530 non
3203 4487 3382 4531 tamen
3422 4480 3737 4534 dubitamus
3788 4481 3842 4534 in
3869 4497 3933 4536 eo
3976 4482 4122 4550 quod

2519 4567 2778 4620 Dominus
2807 4568 3094 4637 loquitur:
3145 4587 3250 4625 non
3313 4572 3640 4644 ambigimus
3692 4574 3747 4627 in
3791 4589 3856 4629 eo
3907 4589 4123 4644 quoque

2517 4662 2658 4730 quod
2687 4660 2742 4715 in
2774 4662 3166 4732 prophetarum
3189 4663 3465 4719 vaticiniis
3497 4665 3796 4720 invenitur.

3143 4751 3372 4808 CAPUT
3407 4754 3470 4809 ν.

2901 4844 3114 4898 Amovet
3139 4846 3302 4898 alium
3326 4847 3730 4900 dubitationem.

2589 4936 2694 4990 Sed
2725 4937 2814 4990 hic
2842 4937 2975 4990 mihi
3007 4936 3258 4992 fortassis
3285 4938 3542 5009 objicitur
3576 4957 3588 4994 :
3644 4937 3760 4994 Non
3814 4937 4120 5011 intelligitis

2523 5029 2893 5099 Evangelium,
2925 5027 3150 5085 nesciti's
3182 5031 3311 5100 quid
3361 5032 3463 5086 sibi
3500 5031 3667 5086 velint
3711 5031 3931 5086 oracula
3994 5045 4124 5102 pro-

2518 5121 2829 5191 phetarum,
2861 5138 2981 5192 qute
3005 5123 3214 5184 scilicet
3242 5123 3387 5177 aliud
3412 5137 3553 5192 saape
3577 5123 3918 5192 praetendunt
3946 5123 3998 5176 in
4032 5121 4120 5176 Iit-

2511 5221 2752 5266 terarum
2804 5213 3116 5283 superﬁcie,
3179 5212 3324 5267 aliud
3375 5214 3658 5267 continent
3713 5213 3767 5267 in
3823 5210 4118 5283 spiritualis

2512 5304 2884 5374 intelligentia:
2904 5306 3152 5359 veritate.
3185 5304 3265 5358 Ad
3291 5305 3434 5375 quod
3460 5320 3560 5360 nos
3604 5304 3767 5360 facile
3819 5303 4116 5374 responde-

2513 5412 2634 5451 mus
2661 5397 2783 5466 quia
2839 5396 2992 5452 I‘uere
3022 5397 3368 5467 quamplures
3420 5395 3704 5468 apostolici
3750 5404 3802 5452 et
3859 5396 4119 5452 catholici

2519 5491 2643 5554 viri,
2675 5491 2740 5546 de
2766 5507 2995 5562 quorum
3037 5493 3246 5547 scilicet
3302 5490 3599 5561 approbata
3646 5495 3848 5560 pietate
3879 5497 3932 5543 et
3982 5503 4113 5543 san-

2517 5581 2706 5635 etitate
2732 5596 2829 5650 per
2860 5591 3077 5637 ostensa
3114 5581 3405 5635 multarum
3434 5583 3587 5654 signa
3613 5582 3876 5635 virtutum
3904 5580 3975 5634 nil
3999 5593 4120 5633 oui—

2514 5674 2644 5727 nino
2670 5677 2928 5729 remansit
2957 5676 3287 5745 ambiguum.
3339 5675 3402 5729 Hi
3459 5675 3716 5729 nimirum
3757 5673 4112 5729 orthodoxam

819 5749 912 5819 qui
935 5758 1064 5806 tunc
1090 5767 1270 5806 aerem
1287 5758 1577 5825 percussit,
1603 5758 1838 5830 Spiritus
1854 5769 2075 5816 sanctus
2099 5759 2283 5829 fuerit,
2308 5763 2405 5819 sed
2511 5764 2678 5837 659
2705 5765 2862 5822 ﬁdem
2910 5769 3091 5822 verbis
3122 5768 3458 5838 simplicibus
3491 5773 3885 5838 exposuerunt,
3938 5771 3995 5817 et
4023 5762 4112 5818 lit-

817 5851 920 5917 ρει·
971 5856 1269 5918 congruam
1323 5848 1466 5905 hanc
1507 5848 1956 5922 signiﬁcationem
1999 5858 2166 5932 658
2210 5873 2405 5915 conve-

2510 5860 2643 5917 ‘eris
2667 5867 2947 5917 exaratam
2994 5861 3059 5916 ad
3105 5859 3441 5934 posteritatis
3508 5857 3831 5918 memoriam
3879 5855 4115 5925 relique‘
