5664 6676
121 6388 927 6576 μ

122 20 3423 248 ν--έκ

2647 554 2702 607 S.
2735 550 2936 607 PETRI
2971 547 3250 604 DAMIANI
3288 545 3436 601 OPP.
3477 538 3712 598 TOMUS
3753 534 3882 591 SEU
3923 532 4101 589 PARS
4139 533 4222 588 Ill.
4248 530 4685 589 ——OPUSCULA
4723 529 4950 585 \‘ARIA.

2186 552 2288 611 639

5299 522 5398 580 650

2185 676 2331 722 runt.
2359 665 2571 719 Illorum
2598 663 2755 731 plane
2786 663 2884 717 fuit
2935 678 2997 715 ex
3027 659 3335 729 apostolicis
3366 669 3418 710 et
3473 648 3743 723 propheti-
3774 653 3822 709 Α
3853 644 4369 714 perinsuliiationem
4401 659 4550 697 suam
4576 642 4906 712 dedit660
4932 636 5202 731 discipulis
5229 637 5398 731 Spiri-

2187 759 2265 812 cis
2293 756 2570 810 sententiis
2610 756 2708 808 ista
2737 755 3035 814 discutere;
3066 753 3220 804 nobis
3268 758 3445 802 autem
3477 745 3549 797 nil
3602 742 3746 795 aliud

2181 853 2374 909 restat,
2403 845 2504 897 nisi
2545 843 2777 913 praeﬁxis
2826 843 3084 896 duntaxat
3109 855 3293 894 eorum
3342 834 3744 913 deﬁnitionibus

2183 935 2426 990 obedire.
2459 912 2565 987 Illis
2605 947 2792 1002 nempe
2850 932 2932 986 vis
2978 929 3315 985 necessitatis
3381 923 3641 986 incubuit,
3693 912 3749 974 ιιῑ

2182 1025 2299 1080 haec
2331 1025 2598 1079 subtiliter
2645 1038 2707 1076 ae
2737 1023 3021 1090 diligenter
3061 1020 3410 1088 inquirerent,
3444 1024 3498 1068 et
3542 1023 3746 1067 certam

2184 1115 2308 1169 ﬁdei
2334 1113 2568 1184 regulam
2601 1114 2924 1178 delinirent;
2953 1113 3108 1166 nobis
3132 1120 3308 1163 autem
3343 1124 3404 1163 ea
3438 1117 3645 1161 tantum
3663 1107 3744 1159 via

2183 1205 2531 1275 gradiendum
2560 1214 2645 1258 est
2689 1220 2785 1274 per
2811 1218 2969 1273 quam
2999 1201 3250 1254 videlicet
3306 1199 3477 1252 nostri
3522 1211 3746 1266 pl‘t'BceS-

2183 1310 2303 1350 sere
2328 1295 2578 1362 majores.

2251 1387 2405 1454 Quod
2428 1400 2557 1457 ergo
2586 1387 2659 1440 illi
2688 1394 2814 1440 tunc
2853 1401 2920 1440 ex
2951 1383 3274 1454 evangelicis
3315 1397 3378 1436 ac
3416 1377 3744 1450 propheticis

2149 1478 2267 1554 Ivel
2285 1480 2445 1534 etiam
2484 1478 2785 1546 apostolicis
2830 1476 3064 1531 fontibus
3111 1476 3383 1530 lnhianter
3431 1473 3746 1534 hauserunt,

2182 1568 2284 1622 hoc
2309 1569 2460 1622 nobis
2484 1567 2834 1636 propitiantes
2865 1568 2917 1620 in
2966 1576 3210 1636 posteros
3252 1565 3477 1619 ﬁdeliter
3508 1559 3746 1615 transfu-

2182 1657 2390 1720 derunt,
2419 1657 2632 1711 dicente
2661 1656 2947 1711 Psalmista
2971 1675 2984 1709 :
3037 1677 3054 1706 ‹
3087 1657 3141 1709 hi
3171 1655 3415 1710 ecclesiis
3443 1651 3746 1704 benedicile

2179 1744 2289 1799 Deo
2324 1745 2546 1800 Domino
2575 1747 2640 1800 de
2663 1745 2902 1801 fontibus
2933 1747 3092 1800 Israel
3131 1745 3302 1814 (Psat.
3344 1749 3580 1811 LXXVII);
3622 1761 3637 1791 ι
3694 1749 3747 1794 et

2179 1850 2278 1890 nos
2300 1837 2588 1904 puritatem
2629 1838 2767 1899 tidei,
2801 1853 2918 1906 quae
2940 1853 3035 1905 per
3065 1851 3156 1889 eos
3183 1835 3235 1887 in
3281 1834 3433 1887 nobis
3489 1844 3743 1899 tanquam

2178 1940 2277 1994 per
2301 1927 2540 1979 veritatis
2569 1927 2767 1980 rivulos
2809 1926 2998 1988 inﬂuit,
3043 1938 3229 1978 secure
3271 1924 3381 1992 jam
3447 1930 3500 1974 et
3548 1921 3745 1989 absque

2178 2013 2285 2066 ullo
2317 2014 2507 2068 timore
2535 2015 2854 2083 percipimus
2884 2033 2895 2066 :
2927 2025 2978 2068 et
3007 2024 3258 2083 tanquam
3297 2014 3364 2066 ab
3413 2014 3523 2081 ipsa
3550 2011 3745 2080 princi-
3775 2008 3822 2067 Β

2178 2103 2284 2174 pali
2311 2103 2479 2158 divini
2513 2104 2674 2160 fontis
2702 2106 2931 2175 origine,
2957 2121 3053 2158 nos
3110 2107 3249 2158 hanc
3299 2103 3512 2156 haurire
3553 2102 3744 2167 gaude-

2181 2197 2318 2250 mus.
2351 2194 2648 2250 Audiamus
2667 2211 2795 2263 ergo
2843 2197 2970 2264 quid
3015 2197 3079 2250 de
3126 2196 3469 2264 processione
3516 2192 3743 2258 Spiritus

2180 2282 2354 2338 sancti
2382 2283 2434 2337 in
2461 2295 2609 2338 sexto
2639 2285 2775 2338 libro
2802 2287 2865 2339 de
2903 2285 3054 2348 Fide,
3111 2300 3268 2353 quem
3309 2283 3372 2335 ad
3428 2281 3741 2336 Gratianum

2177 2373 2552 2442 imperatorem
2580 2377 2764 2440 mittit,
2803 2375 2985 2427 beatus
3012 2376 3151 2427 dicat
3204 2372 3538 2425 Ambrosius.
3575 2389 3592 2420 ‹
3629 2369 3741 2423 Non

2177 2460 2345 2526 enim,
2372 2461 2464 2524 ait,
2498 2463 2646 2530 quasi
2681 2477 2747 2514 ex
2776 2461 2891 2515 loco
2920 2462 3147 2513 mittitur
3177 2461 3428 2529 Spiritus,
3471 2468 3563 2512 aut
3587 2457 3740 2528 quasi

2179 2565 2246 2604 ex
2280 2549 2396 2603 loco
2419 2552 2679 2619 procedit,
2708 2553 2920 2619 quando
2950 2551 3190 2619 procedit
3215 2567 3245 2603 a
3271 2551 3419 2604 Filio.
3457 2571 3472 2599 )
3494 2551 3557 2602 Ει
3586 2550 3743 2618 paulo

2177 2652 2299 2714 post
2330 2660 2343 2696 :
2383 2662 2400 2695 α
2435 2644 2662 2712 Spiritus
2685 2653 2902 2699 sanctus
2944 2660 3064 2696 eum
3090 2646 3329 2712 procedit
3374 2659 3402 2696 a
3431 2645 3592 2696 Patre
3633 2645 3742 2698 exit

2177 2752 2206 2790 a
2234 2735 2404 2803 Filio;
2439 2755 2456 2787 ι
2489 2752 2588 2790 nec
2615 2737 2881 2789 immerito
2912 2737 2977 2788 ab
3035 2747 3261 2804 utroque
3312 2737 3567 2804 procedit,
3621 2751 3738 2787 cum

2174 2829 2228 2883 in
2276 2836 2500 2895 utroque
2525 2829 2802 2895 aequaliter
2837 2829 2940 2892 sit,
2974 2829 3111 2880 sicut
3163 2830 3212 2879 in
3257 2838 3443 2879 octavo
3502 2827 3738 2893 ejusdem

2174 2916 2357 2987 operis
2377 2917 2512 2974 libro
2544 2918 2682 2970 idem
2714 2918 2845 2970 dicit
2874 2919 3188 2970 Attihrosius
3217 2932 3230 2967 :
3263 2935 3279 2965 (
3313 2915 3473 2968 Pater
3507 2918 3554 2966 in
3583 2916 3734 2976 Filio,

2176 3008 2494 3064 etFiliusin
2522 3009 2717 3073 Patre;
2746 3008 2818 3060 ita
2875 3009 2967 3061 Dei
3015 3008 3246 3076 Spiritus
3297 3009 3346 3059 in
3389 3006 3546 3058 Patre
3597 3015 3649 3058 et
3691 3007 3741 3057 in

2175 3098 2329 3151 Filio.
2366 3118 2383 3148 ι
2414 3098 2742 3167 Augustinus
2774 3107 2948 3149 autem
2975 3113 3124 3161 cum,
3155 3113 3250 3163 per
3299 3106 3468 3149 totum
3517 3094 3628 3148 fere
3682 3095 3743 3149 li-

2176 3189 2330 3244 brum
2363 3205 2516 3258 quem
2574 3190 2638 3242 de
2667 3199 2855 3242 sancta
2894 3187 3157 3241 Trinitate
3220 3188 3536 3254 composuit,
3589 3187 3742 3238 innu-

2176 3282 2502 3334 merabiliter
2528 3292 2730 3334 asserat
2761 3282 2898 3348 quod
2948 3280 3179 3346 Spiritus
3229 3290 3446 3330 sanctus
3488 3278 3550 3328 de
3580 3276 3739 3329 Patre

2173 3372 2330 3429 simJ
2356 3372 2594 3442 Filioque
2640 3371 2918 3442 procedat,
2973 3383 3143 3424 tamen
3193 3385 3351 3422 unam
3395 3368 3580 3421 saltem
3627 3369 3741 3435 ejus
3769 3343 3812 3404 (ἶ

2173 3466 2490 3519 sententiam
2527 3467 2771 3533 ponimus
2803 3507 2817 3530 ,
2847 3481 2914 3519 ne
2964 3479 3181 3534 prorsus
3237 3477 3356 3516 eum
3413 3461 3744 3531 negligenter

2175 3555 2474 3621 praeterisse
2503 3555 2796 3608 videamur.
2832 3555 2942 3607 c-ln
2975 3556 3085 3618 illa,
3119 3555 3307 3622 inquit,
3336 3562 3521 3606 sancta
3563 3553 3741 3605 Trini-

2179 3651 2286 3696 tale
2317 3659 2452 3696 unus
2479 3655 2560 3698 est
2590 3643 2769 3707 Pater,
2796 3647 2886 3714 qui
2912 3646 3055 3699 solus
3077 3645 3141 3697 de
3165 3660 3223 3697 se
3251 3645 3365 3712 ipso
3388 3643 3745 3697 essentialiter

2177 3746 2340 3784 unum
2367 3731 2562 3786 Filium
2595 3733 2793 3800 genuit,
2851 3742 2906 3786 et
2951 3748 3087 3784 unus
3141 3732 3331 3796 Filius,
3380 3733 3468 3800 qui
3517 3733 3580 3783 de
3637 3746 3744 3784 uno

2175 3818 2333 3872 Patre
2362 3819 2508 3874 solus
2534 3830 2616 3874 est
2637 3821 2998 3875 essentialiter
3027 3829 3215 3874 natus:
3271 3830 3323 3874 et
3346 3836 3482 3872 unus
3512 3820 3742 3887 Spiritus

2175 3917 2416 3974 sanctus,
2459 3911 2550 3980 qui
2592 3911 2736 3966 solus
2791 3911 3149 3966 essentialiter
3203 3911 3268 3963 de
3303 3910 3460 3963 Patre
3503 3910 3742 3978 Filioque

2175 4001 2435 4068 procedit.
2477 4020 2495 4052 ι
2530 4001 2887 4071 Hieronymus
2942 4015 3154 4070 quoque
3182 4001 3282 4053 hoc
3324 3999 3602 4068 scripsisse
3638 4000 3744 4051 fer-

2179 4099 2300 4145 tur:
2361 4109 2379 4142 t
2417 4092 2646 4159 Spiritus
2678 4132 2692 4156 ,
2745 4094 2838 4161 qui
2885 4109 2914 4144 a
2970 4093 3128 4146 Patre
3169 4092 3409 4159 Filioque
3472 4091 3739 4158 procedit,

2175 4180 2322 4236 Patri
2371 4181 2613 4251 Filioque
2647 4192 2946 4237 ceteternus
2997 4191 3050 4236 et
3093 4197 3189 4250 per
3221 4181 3401 4236 omnia
3453 4180 3739 4246 coaequalis

2176 4279 2279 4327 est.
2317 4271 2444 4324 Haec
2473 4280 2555 4326 est
2579 4282 2763 4326 sancta
2791 4273 3042 4334 Trinitas,
3071 4272 3120 4324 id
3147 4280 3253 4335 est,
3277 4269 3458 4333 Pater,
3485 4268 3740 4333 etFilius,

2176 4371 2231 4415 et
2251 4362 2480 4432 Spiritus
2517 4373 2774 4429 sanctus;
2809 4380 2912 4417 una
2940 4374 3020 4418 est
3054 4364 3225 4416 deitas
3255 4372 3309 4416 et
3342 4361 3602 4432 potentia,
3638 4377 3742 4413 una

2176 4453 2427 4517 essentia,
2453 4454 2504 4508 id
2529 4463 2632 4517 est,
2661 4453 2842 4519 Pater,
2889 4455 2978 4522 qui
3026 4455 3229 4523 genuit,
3277 4451 3464 4517 Filius,
3517 4451 3606 4521 qui
3661 4459 3744 4504 est

2176 4543 2408 4612 genitus,
2441 4552 2493 4598 et
2545 4542 2777 4612 Spiritus
2807 4554 3047 4608 sanctus,
3089 4544 3180 4612 qui
3211 4560 3277 4598 ex
3313 4544 3473 4598 Patre
3498 4543 3743 4610 Filioque

2174 4634 2432 4702 procedit.
2454 4653 2471 4686 ι
2489 4633 2742 4701 Quamvis
2765 4637 2867 4690 hoc
2888 4635 2939 4688 iu
2956 4635 3293 4704 expositione
3316 4633 3584 4702 ﬁdeiejus,
3602 4631 3744 4686 vide-

2174 4682 2465 4702 r""""'
2496 4682 2741 4701 n"""""
2765 4682 2866 4690 --νν
2961 4682 3291 4704 --τν---η--ν
3316 4682 3584 4702 -“““-⁷δ“”“⁷
3616 4682 3716 4686 ----
4128 4682 4149 4710 ,-

2174 4721 2411 4776 licet‘illa
2436 4739 2597 4793 quam
2630 4725 2872 4794 legimus,
2906 4734 3136 4795 nequeat
3181 4724 3426 4778 inveniri.
3474 4724 3535 4776 Β.
3564 4724 3726 4776 etiam
3761 4702 3815 4762 Ῐ)
3987 4682 4190 4795 ’1⁸

2175 4824 2310 4880 papa
2337 4811 2627 4882 Gregorius
2649 4816 2701 4868 in
2728 4815 3083 4871 confessionis
3110 4831 3218 4870 sua:
3235 4813 3490 4886 Symbolo
3513 4813 3591 4868 sic
3623 4813 3698 4866 ait
3723 4831 3735 4866 :

2181 4918 2200 4953 ι
2237 4901 2409 4959 Credo
2447 4905 2658 4959 Patrem
2679 4907 3210 4976 ingenitum,Filium
3267 4908 3529 4976 genitum,
3561 4906 3733 4975 Spiri-

2175 4998 2284 5045 tum
2310 5008 2438 5048 vero
2464 5004 2703 5048 sanctum
2732 5011 2830 5051 nec
2853 4998 3110 5065 genitum,
3155 5011 3252 5051 nec
3282 4997 3576 5065 ingenitum
3606 5036 3620 5060 ,
3646 4996 3739 5050 sed

2177 5090 2519 5148 coaaternum,
2547 5083 2611 5138 de
2633 5084 2788 5149 Patre
2814 5094 2869 5138 et
2896 5085 3032 5139 Filio
3052 5087 3451 5155 procedentem.
3482 5105 3500 5136 ι

2246 5168 2397 5235 Quod
2423 5171 2467 5223 si
2489 5173 2556 5225 ab
2583 5171 2667 5226 his
2714 5174 2851 5229 forte
2898 5175 2987 5242 qui
3041 5174 3229 5228 Graece
3280 5183 3484 5227 tantum
3536 5174 3731 5238 sciunt,

2175 5257 2364 5314 Latine
2389 5274 2494 5312 non
2516 5270 2729 5324 norunt,
2759 5277 2790 5315 e
2819 5264 3030 5318 diverso
3056 5265 3269 5318 dicatur
3318 5279 3423 5317 non
3454 5263 3554 5316 sibi
3587 5261 3734 5316 sum-

2178 5363 2298 5403 cere
2323 5348 2546 5403 Romani
2599 5351 2846 5406 doctores
2895 5353 3110 5421 eloquii;
3153 5354 3257 5408 nisi
3307 5353 3480 5408 Graeci
3524 5367 3738 5422 quoque

2177 5445 2435 5497 sermonis
2474 5443 2660 5498 Patres
2710 5445 3059 5510 adhibemus,
3105 5449 3325 5500 audiant
3366 5446 3495 5515 quid
3552 5447 3740 5499 beatus

2177 5534 2449 5600 perhibeat
2475 5534 2792 5603 Athanasius
2827 5536 2880 5591 in
2905 5537 3042 5591 libro
3075 5552 3234 5605 quem
3259 5538 3512 5592 adversus
3552 5536 3738 5590 Arium

2179 5629 2389 5698 scripsit
2424 5647 2437 5683 :
2483 5648 2500 5680 ι
2537 5630 2665 5699 Ego,
2693 5631 2881 5700 inquit,
2915 5632 3076 5685 credo
3104 5629 3296 5684 Filium
3343 5631 3396 5684 in
3457 5630 3635 5692 Patre,
3687 5636 3741 5682 et

2177 5719 2383 5774 Patrem
2417 5721 2469 5774 in
2499 5719 2654 5784 Filio,
2678 5718 2933 5790 Spiritum
2958 5736 3170 5791 quoque
3221 5719 3572 5788 paracletum,
3633 5716 3738 5786 qui

2180 5811 2419 5878 procedit
2447 5826 2474 5863 a
2505 5809 2687 5874 Patre,
2724 5821 2777 5864 et
2820 5811 2938 5864 Filii
2977 5827 3092 5865 esse
3115 5821 3169 5866 ct
3214 5810 3420 5874 Patris;
3475 5810 3596 5876 quia
3625 5817 3679 5860 et
3705 5821 3733 5858 a

2180 5899 2311 5959 Filio
2340 5903 2598 5973 procedit,
2626 5904 2762 5957 sicut
2793 5903 2844 5956 in
2876 5903 3158 5974 Evangelio
3194 5903 3450 5972 scriptum
3483 5910 3564 5952 est
3597 5897 3736 5968 quod

3849 741 3961 789 tum
3992 744 4231 788 sanctum
4264 733 4440 801 (Joan.
4474 736 4584 801 xx).
4620 753 4636 783 »
4669 734 4727 785 Β.
4755 733 4914 785 etiam
4960 729 5189 799 Cyrillus
5210 728 5275 780 de
5302 726 5397 780 hac

3849 825 4030 879 eadem
4049 824 4278 890 Spiritus
4300 824 4642 890 processionc
4662 831 4846 875 contra
4874 819 5170 873 Nestorium
5193 817 5269 871 sic
5294 816 5396 869 ait:

3853 935 3869 965 ‹
3912 915 4162 979 Quamvis
4184 914 4324 968 enim
4350 915 4400 966 in
4433 929 4528 966 sua
4553 915 4622 967 sit
4667 912 4960 966 substantia
4996 909 5223 978 Spiritus
5268 905 5398 973 ejus,

3846 1014 3897 1056 et
3921 1004 4251 1071 intelligatur
4282 1005 4332 1055 in
4363 1018 4591 1072 persona
4619 1003 4917 1070 proprietas
4944 1041 4957 1066 ,
4982 1000 5134 1069 juxta
5178 997 5228 1051 id
5256 995 5401 1066 quod

3847 1093 4076 1161 Spiritus
4107 1103 4206 1159 est,
4233 1106 4282 1149 et
4313 1112 4417 1149 non
4440 1095 4624 1157 Filius,
4655 1105 4886 1147 attamen
4916 1092 5118 1148 alienus
5171 1105 5274 1142 non
5314 1093 5394 1142 est

3847 1184 4048 1236 abillo.
4093 1183 4222 1236 Nam
4275 1183 4508 1251 Spiritus
4563 1181 4858 1251 appellatus
4906 1188 4987 1234 est
5023 1177 5295 1239 Veritatis,
5351 1182 5403 1230 et

3851 1271 4058 1326 Veritas
4088 1272 4333 1329 Christus
4361 1283 4464 1328 est.
4491 1273 4641 1328 Unde
4679 1282 4732 1326 et
4755 1271 4822 1325 ab
4852 1271 4954 1326 isto
4981 1269 5243 1334 similiter,
5269 1265 5402 1322 sicut

3849 1371 3901 1414 et
3930 1377 3957 1414 a
3988 1363 4095 1416 Deo
4118 1363 4380 1431 procedit.
4415 1382 4433 1416 ι

4446 1474 4669 1529 CAPUT
4702 1473 4790 1528 VI.

4164 1587 4337 1640 Aliam
4367 1589 4487 1640 item
4517 1596 4712 1640 amovet
4735 1585 5123 1639 dubitationem.

3918 1698 4020 1752 Sed
4047 1698 4220 1751 adhuc
4244 1698 4489 1752 fortassis
4528 1697 4837 1766 inquiritur,
4891 1711 5011 1749 cum
5066 1693 5293 1764 Spiritus
5340 1693 5402 1750 de

3857 1789 4018 1843 Patre
4058 1790 4314 1858 procedat
4351 1798 4404 1844 et
4449 1789 4606 1852 Filio,
4663 1803 4758 1842 cur
4822 1787 4960 1840 idem
5010 1785 5175 1840 Filius
5217 1785 5404 1840 dixerit

3847 1883 3969 1950 quia
4001 1883 4065 1936 de
4093 1881 4252 1934 Patre
4283 1879 4733 1950 procedit?.Quid
4785 1880 4926 1931 enim
4971 1892 5142 1933 causa:
5199 1875 5296 1929 fuit
5350 1882 5405 1930 ut

3850 1985 3952 2021 non
3983 1970 4224 2022 diceret:
4253 1969 4316 2022 de
4339 1968 4558 2021 Pati-eet
4592 1981 4674 2021 me
4701 1966 5070 2036 procedit,sed
5105 1964 5280 2034 potius
5327 1961 5402 2018 di-

3849 2069 3997 2114 ceret
4023 2079 4034 2113 :
4067 2059 4301 2128 Spiritus
4322 2059 4410 2127 qui
4441 2073 4469 2110 a
4507 2058 4666 2110 Patre
4690 2055 4970 2125 procedit?
5005 2054 5112 2109 Cur
5140 2055 5238 2108 hoc
5286 2069 5402 2108 eum

3846 2147 4043 2202 fecisse
4067 2157 4334 2217 putamus,
4366 2148 4468 2202 nisi
4521 2148 4661 2216 quod
4696 2147 4831 2199 solet
4884 2143 5085 2198 referre
5141 2145 5190 2197 id
5247 2144 5402 2196 etiam

3845 2241 3985 2309 quod
4021 2255 4177 2303 suum
4207 2247 4313 2301 est,
4344 2238 4409 2292 ad
4439 2253 4558 2291 eum
4600 2237 4664 2289 de
4685 2250 4790 2304 quo
4818 2236 4930 2303 ipse
4979 2234 5091 2288 est?
5153 2235 5222 2286 De
5251 2231 5406 2286 Patre

3845 2330 4040 2399 quippe
4070 2339 4153 2383 est
4183 2329 4371 2391 Filius,
4400 2337 4452 2381 et
4501 2343 4529 2379 a
4561 2342 4664 2394 quo
4693 2327 4854 2380 habet
4895 2334 4953 2378 ut
4981 2325 5091 2394 ipse
5129 2324 5199 2377 sit
5248 2323 5400 2389 Deus,

3844 2423 3910 2477 ab
3951 2423 4040 2476 illo
4070 2421 4609 2475 nihilominusehabet
4641 2430 4699 2473 ut
4743 2435 4771 2472 a
4802 2435 4858 2474 se
4893 2433 5104 2488 quoque
5158 2418 5407 2488 procedat

3846 2512 4077 2582 Spiritus
4109 2523 4344 2566 sanctus.
4378 2509 4527 2565 Unde
4577 2520 4660 2565 cst
4687 2510 4827 2580 quod
4880 2510 5008 2564 alibi
5037 2509 5164 2563 dicit
5195 2527 5206 2561 :
5242 2528 5260 2559 ί
5294 2507 5405 2563 Mea

3845 2601 4090 2655 doctrina
4125 2616 4227 2654 non
4266 2609 4347 2655 est
4376 2615 4511 2662 mea,
4545 2600 4636 2654 sed
4670 2601 4785 2668 ejus
4829 2599 4920 2667 qui
4953 2597 5096 2652 misit
5125 2611 5206 2650 me
5227 2594 5404 2666 (Joan.

3844 2696 3965 2761 vn).
4009 2714 4025 2744 ι
4054 2693 4109 2746 Si
4140 2694 4300 2761 igitur
4332 2693 4420 2746 hic
4456 2701 4640 2761 aperte
4699 2691 5040 2760 cognoscitur
5090 2705 5238 2743 suam
5289 2702 5406 2744 esse

3844 2783 4160 2848 doctrinam,
4186 2800 4345 2853 quam
4385 2797 4559 2836 tamen
4589 2798 4693 2836 non
4753 2797 4904 2835 suam
4935 2781 5071 2834 dixit
5115 2795 5233 2835 esse
5265 2821 5280 2846 ,
5313 2780 5405 2834 sed

3851 2870 4296 2942 Patris;quanto
4325 2872 4493 2940 magis
4517 2871 4625 2925 illic
4681 2870 5080 2940 intelligendum
5110 2879 5191 2924 est
5246 2879 5298 2922 et
5343 2869 5407 2922 de

3847 2963 3960 3030 ipso
3985 2964 4275 3030 procedere
4306 2962 4563 3030 Spiritum
4608 2970 4872 3022 sanctum,
4931 2960 5019 3014 tibi
5074 2961 5150 3012 sic
5205 2959 5298 3025 ait,
5343 2958 5408 3014 de

3846 3054 4008 3106 Putre
4039 3055 4285 3122 procedit,
4327 3062 4384 3106 ut
4422 3066 4760 3120 nequaquam
4807 3051 5011 3105 diceret
5057 3050 5118 3101 de
5177 3066 5254 3103 me
5305 3064 5406 3102 non

3845 3147 4112 3213 procedit?
4142 3145 4273 3198 Huic
4305 3156 4357 3197 et
4388 3143 4513 3196 illud
4541 3151 4622 3197 est
4643 3142 4835 3206 simile,
4858 3142 4997 3212 quod
5047 3141 5170 3194 alibi
5222 3141 5351 3194 dicit
5379 3157 5392 3193 :

3850 3253 3869 3284 ε
3904 3237 4002 3299 Qui
4039 3237 4088 3288 in
4123 3252 4206 3288 me
4235 3236 4428 3298 credit,
4462 3250 4567 3287 non
4627 3232 4681 3287 in
4719 3246 4804 3285 me
4832 3233 5022 3296 credit,
5071 3231 5161 3286 sed
5191 3235 5243 3284 in
5287 3244 5408 3284 eum

3845 3325 3932 3393 qui
3961 3340 4043 3378 me
4069 3326 4212 3378 misit
4240 3324 4420 3394 (Jomt.
4444 3327 4564 3392 xn).
4601 3343 4619 3375 ι
4649 3323 4786 3390 Quid
4831 3325 4971 3378 enim
4993 3323 5091 3378 sibi
5119 3324 5241 3386 vult,
5268 3322 5410 3392 quod

3843 3416 3920 3469 ait
3950 3434 3961 3467 :
4001 3435 4019 3466 ‹
4057 3417 4156 3481 Qui
4182 3416 4234 3468 in
4276 3433 4359 3470 me
4387 3415 4578 3476 credit,
4627 3429 4730 3468 non
4761 3414 4813 3468 in
4844 3428 4928 3468 me
4953 3414 5160 3468 credit?
5196 3433 5213 3466 ι
5269 3414 5412 3480 Quo-

3842 3507 4002 3560 modo
4030 3507 4081 3558 in
4112 3507 4304 3573 ipsum,
4338 3506 4604 3573 quomodo
4634 3519 4734 3556 non
4761 3504 4813 3556 in
4865 3503 5076 3570 ipsum?
5133 3503 5412 3569 Quomodo

3844 3606 3954 3650 tam
4011 3597 4380 3660 contrarium,
4446 3605 4659 3662 tamque
4710 3609 4805 3661 per
4853 3594 5258 3664 compugnantia
5305 3593 5408 3647 sibi

3843 3687 4000 3740 verba
4027 3686 4351 3753 intelligetur
4375 3687 4676 3738 adversum.
4721 3700 4739 3733 ι
4786 3681 4887 3749 Qui
4913 3683 4966 3736 in
4997 3698 5080 3736 me
5114 3683 5278 3737 credit
5304 3697 5409 3738 non

3843 3777 3894 3829 in
3925 3792 4008 3829 me
4038 3776 4227 3836 credit,
4254 3775 4344 3828 sed
4379 3776 4427 3827 in
4457 3790 4577 3827 eum
4631 3772 4723 3841 qui
4755 3786 4840 3825 me
4884 3771 5028 3826 misit
5063 3790 5075 3824 :
5109 3791 5126 3824 ι
5178 3773 5278 3825 nisi
5329 3772 5408 3826 sic

3842 3867 4195 3935 intelligatur,
4225 3866 4316 3936 qui
4349 3866 4399 3918 in
4432 3861 4738 3926 me'credit,
4772 3877 4876 3915 non
4916 3861 4967 3914 in
5000 3861 5099 3915 hoc
5135 3860 5274 3930 quod
5327 3861 5401 3913 vi-

3843 3959 3933 4012 det
3961 3959 4168 4022 credit;
4200 3967 4256 4010 ut
4290 3972 4412 4026 spes
4439 3965 4623 4011 nostra
4659 3969 4764 4008 non
4794 3954 4849 4006 in
4881 3963 5125 4007 creatura
5174 3954 5265 4017 sit,
5308 3952 5406 4009 sed

3845 4047 3899 4100 in
3943 4047 4030 4101 illo
4059 4047 4148 4115 qui
4182 4057 4486 4100 creaturam
4515 4045 4790 4112 suscepit;
4825 4052 5090 4111 quatenus
5145 4058 5304 4095 unum
5344 4058 5407 4099 se

3844 4151 3962 4191 esse
3987 4152 4108 4190 cum
4134 4151 4198 4189 eo
4229 4136 4545 4189 mortalibus
4595 4134 4974 4197 innotesceret,
5036 4140 5194 4200 atque
5237 4133 5304 4187 ad
5347 4147 5408 4188 se

3846 4228 4003 4284 simul
4028 4243 4146 4281 cum
4180 4241 4242 4280 eo
4267 4224 4732 4294 contemplandum
4788 4226 5020 4277 humana
5045 4223 5207 4278 corda
5253 4237 5408 4277 mun-

3845 4321 4028 4375 daret?
4061 4320 4135 4373 lta
4165 4334 4280 4372 cum
4306 4319 4434 4373 dicit
4466 4336 4478 4371 :
4515 4337 4533 4368 ε
4556 4317 4667 4372 Mea
4691 4318 4929 4371 doctrina
4952 4334 5058 4372 non
5084 4327 5168 4372 est
5200 4333 5313 4372 mea
5342 4357 5357 4381 ,
5380 4336 5399 4370 ι

3844 4428 3947 4466 non
3979 4427 4200 4482 parvam
4234 4411 4501 4464 mentihus
4545 4409 4824 4476 caliginem
4863 4419 5101 4479 generat,
5139 4409 5237 4463 nisi
5285 4424 5409 4464 car-

3843 4517 3966 4556 nem
3999 4517 4028 4554 a
4059 4502 4250 4570 spiritu
4279 4499 4654 4568 dispensativze
4689 4499 4912 4552 rationis
4943 4498 5074 4552 ordo
5115 4498 5406 4552 discernat.

3844 4591 3959 4644 Non
3985 4591 4125 4644 enim
4155 4589 4291 4642 dixit
4320 4607 4333 4642 :
4363 4588 4466 4643 Ista
4496 4588 4737 4642 doctrina
4768 4602 4872 4640 non
4923 4595 5004 4640 est
5069 4600 5181 4639 mea
5206 4602 5219 4650 ;
5267 4586 5362 4640 sed
5386 4598 5407 4641 :

4199 4695 4354 4734 anon
4385 4689 4467 4733 est
4487 4694 4624 4733 mea.
4660 4678 4830 4744 Quam
4859 4677 4989 4730 dixit
5034 4691 5204 4740 suam,
5254 4690 5405 4730 eam-

3841 4773 3962 4827 dem
3992 4771 4126 4825 dixit
4154 4786 4257 4825 non
4302 4784 4474 4823 suam.
4527 4766 4804 4834 Quomodo
4847 4781 4974 4820 sane
5025 4765 5164 4819 istud
5213 4780 5399 4819 verum

3841 4868 3943 4923 est,
3977 4859 4078 4927 nisi
4107 4858 4399 4912 secundum
4447 4856 4592 4910 aliud
4648 4870 4798 4909 suam
4855 4853 5064 4915 dixerit,
5116 4853 5404 4906 secundum

3843 4949 3985 5004 aliud
4011 4963 4112 5002 non
4141 4947 4332 5003 suam?
4363 4945 4666 5000 Secundum
4696 4943 4923 4998 formam
4967 4943 5079 5006 Dei,
5110 4957 5290 5001 suam;
5320 4957 5406 4996 se.

3843 5039 4321 5094 cundum'l'ormam
4346 5037 4507 5099 servi,
4540 5051 4644 5090 non
4667 5035 4860 5088 suam?
4888 5033 5020 5088 Cum
5051 5033 5190 5086 enim
5224 5032 5353 5086 dicit
5385 5052 5399 5087 :

3845 5145 3949 5185 non
3995 5140 4078 5185 est
4105 5145 4243 5192 mea,
4273 5128 4367 5183 sed
4394 5126 4508 5194 ejus
4535 5125 4788 5194 quimisit
4818 5139 4920 5186 me,
4965 5123 5030 5176 ad
5077 5123 5245 5191 ipsum
5275 5122 5405 5177 Ver-

3836 5221 3981 5286 bum,
4015 5221 4156 5292 quod
4186 5221 4238 5272 in
4265 5231 4427 5272 carne
4449 5216 4665 5280 latebat,
4695 5224 4890 5268 nostr:e
4916 5211 5109 5266 mentis
5151 5211 5403 5266 intuitum

3839 5320 4122 5382 provocat,
4155 5321 4214 5362 ut
4255 5323 4376 5362 eum
4406 5323 4436 5361 a
4470 5306 4629 5360 Patre
4669 5304 4825 5359 simul
4855 5319 5014 5356 unum
5044 5317 5162 5355 esse
5204 5315 5402 5370 cogno-

3841 5411 3974 5456 scat.
4005 5402 4260 5456 Doctrina
4291 5400 4436 5452 enim
4461 5396 4639 5452 Patris
4685 5404 4767 5450 est
4794 5394 5022 5448 Verbum
5053 5392 5226 5446 Patris
5251 5431 5265 5455 ,
5306 5390 5401 5462 qui

3839 5502 3923 5546 est
3948 5491 4136 5546 unicus
4167 5489 4353 5544 Filius.
4381 5489 4531 5554 Quod
4558 5500 4686 5556 ergo
4721 5486 4917 5540 dictum
4945 5492 5025 5538 est
5055 5501 5068 5536 :
5095 5501 5114 5533 ι
5147 5481 5399 5536 Doctrina

3844 5599 3984 5648 mea,
4015 5598 4120 5638 non
4151 5590 4236 5636 est
4259 5595 4375 5634 mea
4401 5597 4414 5644 ;
4445 5563 4470 5630 ἰ
4522 5578 4600 5632 sic
4632 5574 5029 5645 intelligendum
5083 5581 5184 5635 est,
5240 5587 5302 5628 ac
5351 5571 5400 5627 si

3844 5677 4141 5746 dicat:ego
4173 5689 4278 5728 non
4307 5687 4422 5726 sum
4449 5687 4478 5725 a
4526 5683 4612 5725 me
4632 5668 4769 5740 ipso,
4796 5667 4885 5723 sed
4942 5666 5008 5719 ab
5059 5663 5148 5719 illo
5184 5663 5272 5733 qui
5313 5677 5400 5720 me

3843 5768 3987 5823 misit
