5664 6658
2161 509 2268 566 645

2623 501 2680 556 S.
2718 497 2922 553 PETRl
2960 491 3240 551 DAMlANl
3277 489 3429 546 OPP.
3470 486 3702 544 TOMUS
3736 485 3865 541 SEU
3900 485 4078 540 PARS
4115 485 4197 539 lll.
4226 485 4677 543 —-OPUSCULA
4717 486 4945 544 VARIA.

5300 490 5406 544 6M

2164 625 2234 680 sit
2272 623 2473 675 intenta
2501 615 2809 676 structuris,
2838 622 2892 665 et
2918 619 3023 662 tam
3054 603 3284 676 profusis
3317 603 3557 671 quotidie
3586 599 3730 654 sulli-
3762 613 3810 668 Α
3839 616 4055 668 gressus
4115 601 4394 662 acceleret,
4443 611 4719 654 exoratur.
4778 603 4927 656 Unde
4978 602 5105 655 dicit
5145 601 5227 656 ille
5253 645 5267 668 ,
5311 607 5402 672 qui

2164 735 2288 773 cere
2309 713 2477 785 possit
2507 707 2811 780 impendiis.

2233 808 2363 860 llluil
2401 815 2614 863 autem,
2663 799 2850 858 fateor,
2896 794 3025 847 mihi
3057 807 3169 862 pm
3207 790 3454 844 omnibus
3493 790 3693 854 ptituit
3717 824 3729 844 ,

2165 900 2289 967 quia
2314 894 2619 963 sepulcrum
2649 903 2791 942 tuum
2818 885 2945 938 mihi
2979 895 3102 936 tunc
3127 879 3429 939 ostendisti,
3460 891 3487 926 a
3519 885 3564 926 te
3591 874 3737 926 velut

2162 992 2324 1048 hodie
2349 983 2766 1054 suscipiendum,
2795 977 3197 1032 accuratissime
3220 978 3573 1039 praeparatum
3607 985 3618 1016 :
3647 967 3734 1016 ui-i

2162 1093 2419 1150 tanquam
2454 1073 2802 1142 vcspillonum
2834 1082 3070 1127 merces,
3101 1064 3245 1132 quini
3281 1075 3622 1114 nummorum
3652 1074 3736 1108 so-

2160 1175 2253 1229 lidi
2282 1186 2376 1240 per
2406 1176 2641 1237 quatuor
2671 1162 2992 1216 altrinsecus
3027 1155 3247 1225 angulos
3285 1154 3338 1206 in
3371 1151 3586 1204 sudario
3616 1160 3737 1202 sunt

2159 1263 2310 1333 ligati
2343 1278 2355 1312 :
2391 1268 2450 1312 ut
2486 1260 2626 1311 inter
2662 1252 2944 1320 exsequias
2993 1248 3192 1300 funeris
3216 1285 3230 1310 ,
3275 1244 3328 1296 in
3366 1243 3482 1311 ipso
3525 1254 3736 1309 quoque

2157 1332 2383 1426 pietatis
2403 1364 2566 1419 opere
2592 1343 2947 1416 sepultoribus
2973 1342 3075 1392 tuis
3105 1338 3346 1390 videatur
3375 1332 3735 1388 remuneratio

2162 1425 2271 1500 nun
2319 1443 2537 1504 deesse;
2583 1439 2635 1490 in
2684 1449 2788 1504 quo
2835 1433 3086 1486 nimirum
3135 1427 3458 1496 patriarchae
3507 1425 3736 1477 Abralim

2164 1546 2346 1588 tenere.
2371 1529 2565 1584 videris
2604 1524 2904 1592 exemplum
2927 1564 2940 1585 ,
2971 1523 3085 1589 qui,
3119 1533 3240 1572 cum
3282 1518 3470 1570 Saram
3518 1526 3736 1565 uxorem

2159 1641 2312 1680 suam
2355 1620 2581 1691 sepelire
2616 1624 2884 1686 satageret
2928 1612 3078 1681 (Gen.
3114 1607 3292 1674 xuii),
3333 1616 3383 1660 et
3420 1620 3604 1657 omnes
3643 1603 3737 1653 filii

2159 1715 2291 1770 Sctb
2314 1712 2482 1768 electa
2506 1722 2732 1778 qumque
2753 1705 2997 1774 sepulcra
3027 1716 3120 1754 sua
3146 1699 3243 1752 sibi
3269 1696 3436 1765 gratis
3459 1695 3579 1746 oli‘ei
3599 1701 3734 1756 rent,

2158 1804 2395 1873 gratuita
2423 1798 2766 1866 contempsit,
2797 1795 2862 1847 ab
2893 1793 3108 1862 Epliron
3139 1789 3242 1840 lilio
3271 1788 3405 1839 Seor
3430 1785 3734 1853 ape-lutitant

2161 1893 2428 1964 duplicem
2473 1887 2826 1957 comparavit.
2864 1883 2996 1937 Nam
3044 1890 3096 1933 ct
3133 1881 3183 1931 in
3236 1879 3349 1946 ipso
3386 1875 3735 1944 quaternario

2156 1998 2382 2039 numero
2413 1978 2802 2051 quodaminodo
2833 1973 3072 2029 cerneris
3106 1971 3222 2038 ejus
3260 1970 3504 2021 imitatus
3547 1982 3729 2020 (ΣΧιῚιι-
3763 2006 3808 2064 Β

2155 2080 2337 2150 plum;
2363 2074 2504 2128 sicut
2525 2071 2666 2124 enim
2689 2063 3094 2136 quadringentis
3117 2061 3260 2116 siclis
3282 2061 3489 2127 argenti
3514 2057 3735 2111 redemit

2157 2147 2245 2222 ille
2286 2164 2630 2234 speluncam,
2672 2160 2750 2212 sic
2785 2165 2837 2212 et
2880 2167 2934 2208 tu
2975 2153 3252 2222 quaternis
3284 2151 3518 2218 quinque
3549 2147 3733 2201 solidis

2156 2259 2336 2323 aliquo
2369 2253 2526 2306 modo
2555 2249 2756 2302 videris
2784 2261 2966 2299 emere
2995 2242 3339 2311 sepulturam.

2230 2345 2327 2398 Hic
2366 2341 2658 2397 notandum
2707 2353 2865 2406 quam
2916 2334 3228 2388 detestanda
3270 2332 3333 2383 sit
3369 2328 3590 2380 avaritia
3625 2327 3729 2378 cle-

2154 2437 2395 2491 ricorum
2465 2434 2554 2501 qui
2621 2432 2686 2483 de
2746 2426 3036 2497 sepulturis
3087 2423 3338 2477 Ecclesia:
3395 2421 3733 2472 emnmodum

2153 2535 2403 2600 sperant,
2437 2539 2558 2578 cum
2594 2524 2694 2575 hoc
2740 2520 2900 2573 etiam
2944 2518 3250 2586 ignorantes
3293 2513 3460 2565 Deum
3510 2511 3733 2577 gentiles

2158 2621 2504 2675 abhorreant.
2541 2614 2621 2667 llli
2656 2619 2914 2680 respuunt
2963 2608 3274 2676 pecuniam,
3313 2620 3434 2656 cum
3470 2602 3730 2662 offertur;

2156 2712 2242 2767 isti
2295 2709 2635 2776 impudenter
2681 2703 2940 2770 exigunt,
2992 2700 3152 2750 etiam
3205 2712 3322 2748 cum
3372 2702 3614 2758 negatur.
3660 2689 3732 2741 lfli

2155 2804 2562 2859 contemnentes
2590 2793 2824 2848 Abrahae
2852 2790 3103 2858 pretium,
3148 2788 3328 2838 dicunt
3360 2799 3374 2835 τ
3415 2801 3431 2831 ι
3465 2784 3518 2834 In
3547 2781 3732 2832 elei-tis

2151 2886 2445 2960 sepulturis
2484 2883 2686 2939 nostris
2725 2878 2887 2948 sepeli
2920 2886 3187 2931 mortuum
3219 2883 3364 2926 tuum
3394 2915 3405 2936 ,
3449 2870 3731 2935 nullus-quc

2152 2989 2207 3034 te
2237 2975 2434 3048 poterit
2457 2971 2774 3043 prohibere;
2798 2986 2814 3019 ι
2843 2968 2928 3021 isti
2959 2966 3234 3036 gentilium
3264 2976 3521 3030 suppares
3547 2961 3728 3010 aiunt:

2163 3089 2180 3123 ι
2212 3046 2466 3139 Ᾰρρθυάο
2512 3061 2826 3132 pecuniam,
2868 3067 2924 3110 et
2956 3057 3165 3123 suscipe
3214 3053 3538 3121 sepulturam
3583 3046 3730 3116 (Gen.

2156 3138 2339 3228 xxxii).
2372 3175 2389 3208 ι
2427 3153 2507 3208 Tu
2537 3161 2738 3214 autem,
2777 3145 3098 3202 venerabilis
3126 3152 3293 3212 pater,
3344 3140 3570 3208 sapienti
3604 3138 3733 3190 mihi

2153 3249 2356 3303 videris
2387 3261 2515 3302 usus
2544 3257 2664 3297 esse
2693 3239 2948 3302 consilio,
2978 3251 3100 3290 cum
3141 3233 3470 3303 sepulturam
3507 3231 3598 3282 tibi
3642 3229 3734 3280 ad-
3792 3235 3797 3239 ‘

2152 3340 2257 3394 huc
2284 3339 2472 3394 vivens
2493 3343 2547 3389 et
2572 3333 2752 3386 valens
2802 3327 2916 3383 ﬁeri
2947 3326 3254 3381 decrevisti.
3284 3323 3418 3376 Nam
3445 3323 3488 3376 si
3518 3321 3732 3391 quando

2154 3433 2428 3504 deceptrix
2463 3433 2580 3485 haec
2614 3429 2726 3482 vita
2755 3424 3052 3487 blanditur,
3088 3423 3132 3475 si
3166 3421 3303 3477 forte
3335 3434 3488 3473 mens
3523 3418 3727 3472 lenoci-

2154 3533 2318 3580 nante
2360 3520 2574 3590 fastigio
2613 3517 2900 3585 cujuslibet
2947 3514 3225 3583 dignitatis
3268 3511 3564 3576 extollitur,
3607 3524 3730 3564 mox

2155 3624 2215 3669 ut
2242 3613 2308 3667 ad
2333 3617 2732 3678 exspectantem
2764 3619 2822 3660 se
2855 3604 3012 3657 talem
3045 3604 3259 3655 domum
3292 3602 3412 3668 quis
3441 3598 3621 3653 oculos
3651 3598 3730 3651 di-

2155 3708 2300 3778 rigit,
2330 3705 2605 3777 pulverem
2645 3718 2724 3766 se,
2757 3701 2895 3754 sicut
2924 3708 3022 3761 est,
3053 3697 3398 3761 cineremque
3426 3690 3726 3760 perpendit.

2155 3796 2291 3852 Hinc
2317 3803 2402 3850 est
2441 3793 2584 3864 quod
2614 3807 2708 3863 per
2739 3790 3080 3845 Salomonem
3112 3783 3311 3838 dicitur
3344 3797 3357 3834 :
3397 3800 3414 3831 ι
3454 3781 3591 3846 Quid
3640 3794 3731 3832 ne-

2156 3903 2306 3942 cesse
2341 3896 2424 3942 est
2457 3885 2660 3942 homini
2703 3882 2908 3950 majora
2941 3895 2998 3934 se
3039 3890 3316 3948 quaerere,
3354 3887 3477 3925 cum
3523 3872 3732 3941 ignoret

2161 3977 2288 4048 quid
2315 3978 2580 4032 conducat
2605 3975 2705 4029 sibi
2734 3974 2785 4026 in
2815 3972 2926 4024 vita
2953 3984 3070 4032 sua,
3098 3979 3322 4020 numero
3344 3961 3552 4014 dierum
3578 3975 3734 4032 pere-

2157 4066 2480 4138 grinationis
2509 4079 2638 4128 suae,
2673 4072 2728 4115 et
2761 4060 3013 4129 temporis
3046 4058 3186 4126 quod
3217 4055 3361 4109 velut
3386 4056 3574 4108 umbra
3597 4069 3732 4122 pra:-

2156 4157 2318 4212 terit‘l
2347 4176 2364 4207 ι
2408 4154 2603 4225 (Eccle.
2636 4151 2757 4221 vn.)
2787 4148 2947 4220 665
2983 4147 3091 4201 Nec
3139 4145 3307 4200 illices
3365 4145 3730 4201 titillationum

2157 4257 2334 4304 motus
2375 4245 2666 4317 praevalent
2695 4255 2888 4296 carnes
2918 4240 2970 4291 in
3001 4238 3228 4292 luxuriae
3253 4235 3396 4290 ﬂuxa
3420 4237 3690 4292 resolvere
3714 4275 3728 4301 ,

2156 4338 2284 4394 dum
2311 4350 2460 4392 mens
2489 4334 2700 4403 cogitur
2729 4327 3084 4384 scaturientes
3125 4341 3336 4380 vermes
3372 4342 3433 4380 ac
3460 4325 3732 4394 proﬂuen-

2157 4431 2267 4484 tem
2295 4440 2362 4480 ex
2401 4423 2607 4478 eadem
2653 4418 2902 4476 carnibus
2929 4418 3135 4472 saniem
3185 4416 3444 4487 cogitare.
3490 4415 3641 4470 Unde
3677 4423 3732 4469 et

2159 4520 2301 4576 idem
2330 4516 2623 4572 Salomon:
2658 4531 2678 4565 ‹
2713 4511 2902 4567 Melius
2927 4518 3044 4574 est,
3079 4508 3272 4577 inquit,
3307 4509 3384 4560 ire
3412 4508 3478 4561 ad
3514 4507 3728 4562 domum

2161 4613 2335 4668 luctus
2363 4651 2377 4675 ,
2426 4622 2587 4678 quam
2616 4606 2683 4660 ad
2733 4605 2952 4658 domum
2980 4600 3210 4656 convivii
3243 4597 3453 4671 (lbid.).
3485 4618 3503 4650 ›
3537 4598 3594 4652 1η
3640 4599 3729 4653 illa

3841 708 4001 759 supra
4044 709 4055 742 :
4093 712 4110 741 »ι
4149 691 4189 744 Ο
4223 707 4385 751 mors,
4422 693 4617 744 bonum
4642 691 5003 765 estjudieium
5035 703 5180 746 tuum
5203 693 5402 750 homini

3840 784 4096 847 llttllgenli
4128 823 4139 845 ,
4187 793 4237 832 et
4276 782 4364 848 qui
4414 784 4656 835 minorat.
4689 800 4710 833 r
4761 784 4962 836 viribus
5001 783 5206 837 defecta
5245 795 5401 839 :etale

3841 873 4046 938 (Ibid).
4083 891 4098 920 ι
4137 872 4263 924 Cum
4315 872 4554 938 profecto
4617 877 4774 925 linem
4826 889 4979 926 suum
5020 875 5177 928 homo
5207 890 5402 943 nequa-

3839 981 3995 1029 quam
4040 979 4133 1029 pro
4159 964 4508 1016 varietatibus
4540 965 4694 1031 hujus
4724 964 4844 1016 vitae
4876 964 5069 1018 debeat
5091 965 5400 1034 perhorres-

3840 1067 3960 1103 cere
3993 1052 4077 1103 vel
4108 1061 4329 1117 optate,
4359 1053 4449 1103 sed
4500 1053 4564 1103 ad
4597 1054 4696 1104 hoc
4729 1063 4935 1105 tantum
4965 1054 5010 1130 'si
5047 1054 5122 1105 vel
5177 1055 5401 1122 propria:

3837 1143 3920 1194 vel
3964 1143 4214 1194 {laterum
4261 1143 4416 1194 saluti
4478 1144 4824 1212 perpenditur
4866 1145 5053 1196 eadem
5109 1159 5255 1197 mors
5321 1144 5402 1199 vel

3838 1234 3947 1285 vita
3978 1235 4254 1300 prodelse.
4290 1233 4438 1296 Quod
4487 1234 4538 1284 in
4590 1247 4647 1285 se
4688 1233 4923 1286 declarat
4952 1233 5038 1288 ille
5091 1233 5178 1301 qui
5219 1233 5348 1289 dicit
5385 1252 5398 1288 :

3845 1342 3862 1370 σ
3921 1325 4178 1375 (Icare-tor
4227 1335 4405 1375 autem
4446 1341 4472 1375 «ε
4523 1325 4728 1376 duobus
4765 1364 4777 1387 ,
4824 1324 5144 1378 desiderium
5202 1326 5402 1382 habens

3837 1412 4055 1463 dissolvi
4086 1424 4139 1463 Ct
4180 1427 4299 1463 esse,
4338 1425 4457 1464 eum
4489 1411 4740 1474 Christo,
4785 1412 4952 1465 multo
4979 1414 5146 1483 magis
5172 1414 5397 1482 melius;

3838 1515 4155 1568 permanere
4189 1510 4361 1551 autem
4393 1502 4442 1552 in
4477 1516 4638 1553 carne
4670 1503 5029 1555 necessarium
5078 1513 5159 1557 est
5189 1517 5402 1573 propter

3839 1608 3931 1644 vos
3968 1589 4221 1659 (Philipp.
4258 1595 4315 1659 i).
4373 1610 4389 1642 ι
4450 1589 4584 1643 llinc
4622 1603 4673 1644 et
4723 1594 4908 1646 beatus
4962 1594 5152 1653 Petrus
5199 1597 5402 1651 audito-

3840 1684 3986 1734 ribus
4019 1682 4128 1733 suis
4159 1681 4332 1732 aiebat
4373 1696 4385 1732 :
4425 1699 4442 1731 ι
4471 1680 4679 1733 .lustum
4713 1683 4947 1734 arbitror
4971 1723 4984 1748 ,
5016 1684 5249 1752 quandiu
5284 1700 5397 1738 sum

3842 1773 3892 1825 in
3921 1773 4020 1824 hoc
4046 1772 4414 1835 tabernaculo,
4442 1774 4702 1824 sust-itare
4726 1788 4818 1824 vos
4843 1773 4892 1825 in
4916 1776 5402 1829 commonitionem.

3837 1866 4028 1918 Certus
4057 1865 4198 1917 enini
4234 1880 4350 1914 sum
4409 1865 4548 1930 quod
4596 1869 4748 1916 velox
4793 1873 4876 1916 est
4921 1866 5179 1931 depositio
5231 1865 5402 1919 taber-

3837 1957 4010 2008 naculi
4060 1955 4161 2007 mei
4199 1954 4244 2021 (1
4279 1952 4418 2005 l’clr.
4461 1955 4520 2021 ι).
4560 1973 4574 2003 ›
4615 1954 4667 2004 ln
4697 1954 4874 2008 verbis
4902 1954 5057 2021 plane
5090 1956 5200 2009 suis
5237 1957 5406 2010 bonus

3839 2058 4021 2115 pastor
4069 2046 4306 2099 ostendit
4347 2045 4470 2112 quia
4527 2060 4630 2096 non
4693 2047 4835 2110 sibi,
4889 2046 4982 2099 sed
5032 2046 5304 2114 discipulis
5353 2055 5407 2100 ct

3838 2140 4016 2189 vivere
4063 2138 4272 2188 volebat
4324 2146 4379 2188 et
4445 2137 4598 2189 mori.
4651 2135 4783 2187 Nam
4839 2135 4997 2204 paulo
5046 2146 5165 2203 post
5208 2137 5337 2193 dicit
5389 2152 5403 2189 :

3844 2247 3861 2276 ‹
3900 2229 4043 2279 Dabo
4099 2237 4278 2278 autem
4327 2241 4543 2294 operam
4602 2234 4656 2276 et
4707 2225 5018 2292 frequenter
5072 2225 5267 2279 habere
5315 2241 5404 2280 vos

3836 2327 3954 2385 post
3979 2320 4181 2370 obitum
4238 2333 4437 2379 meum,
4474 2327 4531 2368 ut
4559 2317 4750 2368 horum
4782 2315 5098 2368 memoriam
5128 2315 5349 2370 faciatis.
5384 2335 5402 2368 ι

3837 2411 4016 2464 Placet
4075 2413 4255 2477 itaque
4297 2412 4425 2462 inihi
4466 2410 4732 2476 sepultura
4772 2419 4891 2473 tua,
4932 2423 5090 2476 quam
5144 2409 5235 2463 tibi
5267 2409 5410 2463 velut

3836 2501 4108 2555 memoria:
4152 2502 4364 2570 signum
4413 2511 4537 2552 ante
4561 2500 4742 2552 oculos
4773 2498 5028 2568 posuisti;
5062 2507 5138 2563 ut,
5167 2500 5290 2552 dum
5321 2499 5407 2552 illa

3836 2595 4203 2661 conspicitur,
4259 2592 4498 2645 florentis
4554 2593 4691 2645 male
4746 2591 4901 2659 hujus
4943 2593 5067 2645 vita:
5116 2591 5212 2645 tibi
5264 2592 5408 2645 viror

3838 2694 4047 2737 arescat
4072 2728 4083 2746 ,
4119 2701 4180 2738 ac
4213 2685 4278 2737 tle
4310 2685 4505 2740 futuris
4537 2687 4773 2753 cogitare
4816 2700 4967 2739 mens
5010 2686 5061 2738 in
5104 2699 5160 2739 se
5188 2686 5405 2740 collecta

3836 2783 4061 2835 solerter
4104 2782 4344 2850 incipiat.
4380 2782 4495 2846 Quo
4536 2782 4738 2834 scilicet
4770 2791 5054 2850 postquam
5102 2781 5260 2834 homo
5289 2795 5410 2848 per-

3833 2878 4088 2938 venerit,
4140 2874 4265 2926 illud
4319 2873 4506 2942 procul
4553 2874 4714 2928 dubio
4770 2873 4974 2927 invenit
5017 2873 5157 2941 quod
5204 2879 5409 2926 mutare

3837 2967 4141 3018 nullatenus
4199 2967 4383 3034 possit.
4448 2965 4594 3018 Unde
4655 2974 4706 3018 et
4786 2964 5042 3018 Salomon
5106 2963 5404 3028 admonet,

3837 3057 4064 3109 dicens:
4105 3075 4121 3104 ι
4161 3054 4384 3124 Semper
4427 3071 4730 3110 memorare
4772 3056 5064 3110 novissima
5111 3063 5198 3109 tua
5229 3095 5242 3121 ,
5274 3063 5327 3109 ct
5355 3054 5407 3108 in

3836 3155 4094 3198 aeternum
4122 3159 4226 3197 non
4250 3145 4498 3211 peccabis
4530 3144 4722 3212 (Eccle.
4751 3145 4871 3214 vn).
4914 3162 4932 3194 ι

4448 3253 4674 3307 CAPUT
4714 3253 4775 3306 ll.

3761 3358 3805 3419 C
3839 3359 3988 3424 Quod
4017 3359 4252 3425 clericos,
4286 3359 4410 3411 dum
4433 3360 4610 3411 divina
4633 3359 4958 3411 celebrantur
4985 3357 5184 3428 ofﬁcia,
5211 3359 5404 3423 sedere,

4303 3446 4459 3496 prava
4484 3430 4801 3482 consuetudo
4831 3438 4925 3482 est.

3908 3518 4082 3571 Unum
4136 3528 4393 3587 pra‘terea
4445 3520 4675 3587 torporis
4725 3534 4788 3572 ac
4844 3519 5059 3573 desidia:
5102 3520 5304 3588 signum
5353 3519 5403 3573 in

3835 3610 4062 3665 ecclesia
4097 3621 4182 3662 tua
4217 3611 4342 3674 vidi,
4394 3612 4535 3678 quod
4584 3620 4635 3662 et
4681 3618 4826 3673 tunc,
4874 3619 5029 3678 prout
5058 3608 5405 3678 expeditionis

3835 3702 4072 3756 dictabat
4105 3701 4259 3764 hora,
4306 3699 4580 3768 corripui,
4617 3707 4669 3754 et
4720 3713 4860 3753 nunc
4898 3699 5138 3768 apicibus
5195 3699 5404 3753 tradere

3836 3807 3941 3845 non
3983 3789 4307 3860 superfluum
4336 3792 4492 3844 duco.
4539 3789 4789 3857 Plerique
4821 3789 5082 3857 siquidem
5128 3787 5199 3841 ibi
5247 3788 5403 3843 cleri-

3834 3900 4022 3937 corum
4054 3884 4295 3937 resident
4326 3923 4340 3946 ,
4366 3886 4488 3936 dum
4530 3882 4611 3936 vel
4655 3882 4913 3937 canonica
4962 3881 5214 3935 horarum
5260 3881 5399 3935 cele-

3834 3977 4063 4030 brantur
4087 3975 4284 4036 ofﬁcia,
4323 3975 4406 4028 vel
4451 3973 4612 4027 etiam
4643 3974 4752 4041 ipsa
4797 3973 5080 4026 missarum
5112 3973 5402 4028 offeruntur

3836 4066 4098 4120 terribilia
4147 4072 4507 4119 sacramenta.
4541 4062 4704 4131 Cujus
4741 4062 4969 4130 torporis
4999 4062 5260 4129 ignaviain
5305 4077 5401 4130 per

3833 4155 4126 4212 Galliarum
4166 4161 4346 4222 partes
4375 4153 4644 4207 nonnullis
4705 4152 4876 4204 inesse
4921 4151 5078 4205 etiam
5123 4151 5399 4206 monachis

3835 4242 4160 4315 deprehendi
4226 4260 4236 4295 :
4289 4242 4433 4311 quod
4485 4240 4724 4310 profecto
4772 4255 4949 4310 pravae
5001 4239 5397 4294 consuetudinis

3831 4336 4021 4388 vitium
4045 4342 4097 4387 et
4124 4332 4465 4387 correctione
4488 4331 4726 4398 dignum,
4751 4339 4803 4384 et
4831 4329 4895 4383 de
4922 4329 5095 4383 stadio
5125 4327 5397 4383 inilitantis

3829 4427 3993 4498 666
4010 4424 4277 4486 Ecclesiae,
4305 4426 4356 4477 in
4377 4424 4460 4478 his
4481 4438 4599 4493 qua:
4619 4421 4908 4478 incolumes
4927 4429 5070 4484 sunt,
5085 4430 5289 4475 constat
5308 4434 5402 4490 pe-

3831 4519 3977 4572 nitus
4005 4515 4352 4571 eradendum.
4372 4515 4447 4569 De
4473 4529 4576 4584 qua
4600 4515 4807 4570 scilicet
4829 4514 4881 4566 in
4904 4512 5137 4568 Cantieis
5165 4513 5354 4581 legitur
5380 4529 5392 4565 :

3837 4630 3855 4662 ς
3887 4609 4024 4676 Quid
4057 4607 4264 4662 videbis
4300 4608 4352 4662 in
4385 4605 4690 4671 Sunamite,
4719 4606 4820 4659 nisi
4844 4604 5038 4660 choros
5060 4601 5397 4658 castrorum?

2161 4704 2302 4758 enim
2327 4701 2448 4755 finis
2473 4708 2789 4754 cunctorum
2811 4695 3135 4749 admouetur
3159 4692 3518 4758 hominum,et
3545 4691 3729 4746 vivens
3754 4741 3807 4800 Β
3834 4700 4011 4771 (Cant.
4060 4699 4153 4770 vn)
4196 4718 4214 4750 ›
4251 4698 4312 4753 Et
4347 4699 4541 4752 iterum
4573 4713 4588 4750 :
4622 4715 4640 4746 ‹
4679 4696 4828 4750 Sicut
4877 4694 5040 4749 turris
5083 4693 5242 4748 David
5283 4692 5393 4749 col-

2164 4792 2359 4863 cogitat
2389 4791 2514 4859 quid
2542 4789 2779 4842 futurum
2815 4786 2904 4840 sit.

2235 4886 2340 4942 Sed
2387 4885 2424 4939 ii
2480 4884 2570 4952 qui
2635 4881 2867 4935 radicem
2920 4879 3097 4933 cordis
3147 4879 3198 4932 in
3257 4891 3480 4932 arenosa
3544 4885 3731 4933 tenent

2162 4978 2318 5048 hujus
2345 4974 2524 5032 satculi
2555 4970 2912 5027 delectatione
2939 4969 3259 5038 plantalam,
3289 4970 3333 5022 si
3363 4969 3462 5023 sibi
3498 4968 3729 5022 mundus

2166 5067 2402 5129 arridet,
2459 5066 2503 5119 si
2553 5063 2862 5134 iucunditas
2916 5075 3008 5116 eos
3083 5060 3262 5114 suavis
3315 5073 3378 5113 ac
3443 5058 3728 5127 tranquilla

2169 5157 2454 5222 demulcet,
2494 5163 2746 5223 tanquam
2785 5152 2856 5208 fel
2898 5152 2979 5206 vel
3022 5150 3353 5206 absinthium
3411 5149 3725 5203 memoriam

2163 5248 2350 5320 procul
2399 5245 2560 5300 dubio
2608 5244 2795 5298 mortis
2845 5243 3152 5298 abhorrent.
3209 5240 3358 5296 Unde
3395 5242 3476 5295 vir
3517 5241 3731 5310 sapiens

2167 5341 2283 5394 ait:
2323 5355 2340 5389 ι
2399 5335 2443 5391 Ο
2495 5349 2641 5390 mors
2674 5373 2688 5400 ,
2737 5347 2893 5403 quam
2949 5348 3131 5387 amara
3180 5341 3263 5388 est
3323 5333 3583 5386 memoria
3637 5340 3731 5384 tua

2168 5430 2370 5491 homini
2422 5443 2608 5499 pacem
2669 5425 2887 5481 habenti
2937 5425 2990 5478 in
3041 5424 3355 5481 substantiis
3405 5424 3516 5479 suis
3549 5463 3570 5488 ν
3617 5423 3733 5477 viro

2172 5523 2369 5593 quieto,
2398 5528 2452 5575 et
2480 5520 2564 5574 cui
2595 5518 2818 5590 iustitiae
2844 5517 3064 5571 directa:
3090 5527 3216 5571 sunt
3241 5518 3294 5571 in
3339 5518 3590 5572 omnibus
3617 5555 3631 5580 ,
3677 5523 3732 5569 et

2172 5616 2346 5670 adhuc
2381 5612 2572 5666 valenti
2619 5624 2812 5680 capere
2843 5607 3055 5663 cibum!
3091 5626 3108 5659 ι
3145 5605 3330 5676 (Eccli.
3382 5607 3515 5677 xu.)
3564 5606 3634 5660 At
3686 5606 3730 5660 si

2175 5720 2328 5777 quem
2375 5702 2606 5757 tazdiosa:
2636 5700 2954 5755 calamitatis
2990 5697 3341 5753 infortunium
3387 5705 3728 5769 praegravat,

2176 5797 2219 5850 si
2297 5794 2519 5864 languor
2604 5791 2846 5846 assiduus
2912 5791 2996 5846 vel
3062 5791 3240 5859 inopia
3305 5790 3381 5844 rei
3449 5789 3730 5844 familiaris

2177 5895 2442 5960 angustat,
2469 5885 2546 5942 illi
2569 5898 2713 5940 mors
2741 5882 2907 5940 dulcis
2936 5881 3203 5948 efficitur;
3233 5890 3393 5952 atque
3420 5891 3480 5935 ut
3513 5881 3725 5936 volaccs

3835 4791 3943 4844 lum
3997 4799 4143 4843 tuum
4171 4830 4186 4852 ,
4235 4804 4356 4858 quae
4392 4787 4655 4841 aedificata
4698 4793 4781 4840 est
4819 4799 4942 4839 cum
4986 4779 5396 4854 propugnaculis

3837 4883 3975 4942 suis;
4018 4878 4160 4932 mille
4201 4879 4372 4948 clypei
4419 4876 4653 4946 pendent
4673 4891 4745 4931 ex
4784 4890 4882 4940 ea,
4912 4873 5088 4928 omnis
5127 4881 5396 4928 armatura

3834 4968 4050 5024 fortium
4088 4967 4261 5038 (Cant.
4306 4967 4402 5035 iv).
4431 4985 4450 5018 ι

3904 5059 4032 5113 Nam
4080 5074 4201 5112 cum
4253 5057 4454 5127 ubique
4489 5055 4643 5111 nobis
4682 5055 4939 5110 adversus
4967 5053 5212 5124 nequitiae
5237 5053 5393 5123 spiri-

3834 5160 3919 5205 tus
3962 5149 4242 5202 immineat
4287 5146 4656 5202 inftederabile
4693 5146 4888 5202 bellum
4923 5188 4938 5214 ,
4979 5147 5268 5204 ferventius
5312 5149 5392 5203 in-

3828 5243 3971 5313 gruit
4003 5243 4055 5295 in
4093 5240 4453 5308 modulatione
4490 5239 4818 5310 psalmorum
4845 5256 4858 5303 ;
4889 5249 4944 5295 et
4985 5255 5104 5295 cum
5131 5254 5346 5294 oramus
5371 5277 5388 5303 ,

3833 5346 3962 5388 tunc
3997 5332 4141 5386 velut
4169 5332 4221 5384 in
4253 5330 4368 5385 acie
4409 5341 4594 5384 contra
4626 5329 4981 5398 malignorum
5021 5329 5249 5384 hostium
5277 5337 5392 5382 ten-

3833 5432 4068 5478 tamenta
4125 5420 4496 5492 confligimus,
4544 5431 4602 5473 ut
4633 5420 4786 5475 nobis
4827 5421 5044 5474 omnino
5077 5433 5294 5473 necesse
5323 5417 5392 5472 sit

3835 5525 3927 5570 aut
3950 5513 4326 5582 superantibus
4355 5512 4626 5566 enerviter
4657 5511 4867 5577 cedere,
4908 5521 5000 5566 aut
5025 5511 5390 5566 conuentibus

3835 5606 3889 5659 in
3919 5605 4144 5659 Domino
4189 5601 4545 5672 plausibiliter
4575 5602 4851 5657 insultare.
4881 5594 4980 5668 Qui
5016 5617 5132 5656 cum
5169 5614 5388 5670 corpora

3834 5709 4015 5753 nostra
4050 5699 4284 5752 marcida
4323 5698 4560 5751 sessione
4597 5697 5024 5766 contemplautur
5062 5696 5348 5750 hebescere
5370 5733 5385 5762 ,

3833 5790 3896 5843 de
3935 5790 4085 5843 ruina
4115 5803 4332 5858 quoque
4370 5787 4639 5842 interioris
4668 5789 4896 5843 hominis
4930 5787 5070 5842 illico
5093 5796 5307 5856 sperant
5333 5800 5391 5843 se

3832 5881 4108 5934 virtut-iam
4159 5878 4424 5934 obtinere.
4466 5879 4536 5932 De
4564 5879 4756 5948 quibus
4799 5894 4894 5948 per
4921 5877 5112 5932 Isaiam
5143 5878 5336 5934 dicitur
5369 5890 5385 5932 :
