5664 6630
784 411 882 468 ϐᾹὸ

1273 398 1516 457 OPUSC.
1558 394 1803 452 XXXlX.
1831 423 1902 436 ——
1935 392 2218 450 CONTRA
2260 388 2619 448 SEDENTES
2662 388 2991 446 TEMPOBE
3033 388 3241 446 DlVlNl
3281 386 3550 445 OFFlCll.

3947 386 4057 446 646

789 541 806 575 ι
841 521 1034 574 Ponant
1073 516 1219 569 illum
1264 514 1314 565 in
1352 525 1510 564 manu
1555 523 1742 561 eorum
1802 507 1890 575 qni
1940 515 1991 558 te
2038 504 2354 556 tmmiliave-
2386 517 2433 576 Α
2463 503 2529 556 Ει
2583 517 2705 556 cum
2770 501 3156 556 ecclesiasticis
3227 500 3332 554 illis
3393 500 3592 556 officiis
3645 502 3750 554 rite
3803 501 4062 565 credatur

783 622 925 675 runt,
956 620 1009 663 et
1041 609 1295 662 dixerunt
1324 604 1515 655 animm
1558 611 1698 654 tum:
1729 599 2050 661 lncnrvare,
2084 605 2140 649 ut
2181 605 2356 650 trans-

785 717 963 756 eamus
992 698 1145 768 (iani.
1177 696 1273 764 LI).
1313 712 1329 743 ›
1368 692 1493 756 Ubi,
1523 701 1645 760 post
1672 690 2098 744 incurvationem
2141 688 2354 752 aninnc,

782 794 939 848 etiam
989 793 1055 844 de
1088 786 1334 854 corporis
1379 784 1753 837 incnrvatione
1798 780 2049 849 protinus
2093 779 2306 831 additur
2343 794 2355 830 :

787 904 804 934 ι
837 884 900 938 Et
932 878 1156 950 posuisti
1191 885 1247 929 ut
1284 885 1480 929 terram
1513 888 1708 941 corpus
1737 880 1909 934 tuum,
1943 880 1997 924 et
2026 871 2180 938 quasi
2215 869 2361 922 viam

785 974 1201 1032 transeuntibus.
1263 990 1283 1022 ι
1356 969 1595 1036 Utraque
1667 966 1922 1018 nimirum
1994 963 2296 1017 substantia
2342 1001 2357 1024 ,

781 1068 954 1121 anima
991 1064 1198 1120 scilicet
1243 1069 1297 1115 et
1327 1073 1541 1126 corpus,
1576 1056 1631 1110 in
1679 1056 1836 1109 nobis
1886 1055 1964 1107 sic
2014 1053 2174 1106 unita:
2211 1059 2357 1116 sunt,

781 1168 836 1213 ut
875 1159 1190 1228 plerumque
1233 1168 1337 1207 una
1387 1152 1616 1206 solerter
1662 1157 1892 1219 agente,
1924 1147 2102 1217 vigeat
2155 1145 2359 1207 altera;

783 1261 834 1306 et
861 1253 983 1304 dum
1011 1253 1125 1304 haec
1153 1246 1390 1301 resoluta
1418 1243 1754 1312 negligenter
1780 1241 2003 1304 oscitat,
2032 1238 2118 1290 illa
2150 1251 2362 1305 quoque

778 1339 1120 1395 dormitantis
1150 1336 1377 1406 ignavia:
1409 1335 1668 1402 languore
1700 1338 1986 1399 torpescat.
2019 1327 2183 1380 .losue
2213 1335 2362 1380 certe

780 1450 894 1488 cum
921 1434 1143 1488 vidisset
1164 1429 1413 1500 angelum
1439 1427 1777 1496 evagiuatnm
1801 1431 2071 1476 tenentem
2097 1419 2359 1489 gladium,

779 1527 849 1577 ait
907 1543 918 1576 :
977 1544 992 1574 ι
1034 1523 1176 1589 Quid
1220 1521 1679 1575 DontinUS'tnetts
1739 1514 1976 1582 liquitur
2032 1512 2098 1563 ad
2142 1525 2358 1563 servum

778 1615 961 1666 suum?
998 1634 1016 1665 ι
1055 1613 1194 1684 (los.
1223 1612 1300 1681 v.)
1328 1612 1413 1666 cui
1472 1610 1545 1663 nil
1599 1607 1742 1661 aliud
1798 1605 1882 1659 ille
1935 1603 2225 1673 prteccpit,
2287 1602 2362 1655 nil

777 1718 993 1773 prorsus
1026 1714 1085 1758 ut
1113 1712 1504 1772 exsequeretur
1547 1700 1799 1768 injnnxit,
1834 1697 1934 1750 nisi
1966 1705 2173 1748 tantum
2219 1695 2356 1747 hoc:

786 1810 800 1841 ι
849 1792 1023 1855 Solve,
1054 1793 1272 1861 inquit,
1311 1791 1738 1846 calceamentum
1785 1789 1849 1841 de
1885 1787 2108 1855 pedibus
2160 1784 2295 1846 tuis;
2338 1802 2353 1833 ι

2464 595 2764 662 angelicam
2843 608 3059 662 semper
3127 593 3317 648 adesse
3390 594 3781 663 praesentiam,
3845 594 4060 652 dicente

2464 683 2744 753 Scriptura
2784 701 2796 735 :
2843 703 2860 735 ι
2903 684 2960 738 lu
2993 692 3287 754 conspectu
3334 683 3648 752 angelorum
3691 684 3913 752 psallam
3960 685 4056 740 tibi

2467 775 2640 845 (Psat.
2703 776 2988 846 cxxxvn),
3053 796 3072 829 ›
3128 785 3480 846 nostramque
3533 778 3864 848 vigilantiam
3942 779 4060 834 sive

2463 867 2725 921 desidiam
2785 882 2892 921 non
2942 869 3102 922 modo
3151 868 3438 936 diligenter
3481 870 3765 923 attendere
3797 910 3812 935 ,
3869 868 3962 924 sed
4005 879 4059 924 et

2465 969 2697 1024 superno
2715 957 2882 1026 judici
2911 968 3104 1012 cuncta
3130 974 3227 1026 per
3246 959 3491 1013 ordinem
3522 961 3806 1025 nuntiare;
3831 969 4053 1028 quanto,

2464 1051 2716 1112 putamus
2773 1045 3032 1101 adversus
3083 1061 3182 1101 nos
3252 1049 3370 1102 zelo
3429 1057 3717 1102 moventur
3750 1091 3763 1114 ,
3819 1050 3944 1103 dum
4003 1051 4059 1104 in

2466 1146 2756 1204 conspectu
2785 1138 2925 1190 illius
2959 1155 3056 1191 nos
3082 1141 3444 1194 irreverenter
3475 1142 3664 1196 sedere
3698 1143 4056 1212 conspiciunt,

2466 1227 2552 1280 cui
2583 1227 2791 1281 scilicet
2818 1228 2918 1296 ipsi
2944 1239 3237 1283 trementes
3267 1232 3572 1300 assistunt?
3600 1231 3738 1286 Nam
3769 1244 3823 1287 et
3851 1234 4054 1288 Zacha-

2466 1319 2576 1372 rias
2604 1319 2859 1373 sacerdos
2892 1334 3013 1372 cum
3041 1320 3318 1374 incensum
3345 1333 3593 1391 poneret,
3622 1337 3726 1376 non
3759 1325 4056 1390 sedentem,

2464 1409 2558 1461 sed
2588 1417 2816 1462 stantem
2841 1409 2994 1478 juxta
3029 1409 3196 1464 altare
3245 1411 3492 1480 angelum
3537 1413 3693 1466 vidit.
3721 1413 3758 1484 ιι
3793 1415 4060 1483 Apparuit

2467 1497 2566 1564 illi,
2599 1502 2671 1553 ait
2704 1502 3034 1571 evangelista
3067 1544 3080 1566 ,
3113 1503 3337 1573 angelus
3365 1504 3573 1558 Domini
3614 1515 3763 1558 stans
3793 1519 3822 1558 a
3853 1505 4061 1559 dextris

2467 1593 2656 1647 altaris
2686 1593 2896 1648 incensi
2924 1593 3075 1664 (Luc.
3101 1595 3163 1664 ι).
3199 1615 3217 1648 ›
3256 1595 3397 1650 Dicit
3433 1597 3486 1649 in
3518 1596 3838 1668 Apocalypsi
3868 1596 4061 1653 beatus

2467 1681 2700 1738 Joannes
2731 1701 2742 1735 :
2783 1702 2800 1734 α
2845 1682 2958 1738 Vidi
2986 1686 3198 1738 turbam
3228 1702 3500 1756 magnam,
3526 1703 3686 1756 quam
3711 1689 4059 1744 dinumerare

2466 1792 2624 1831 nemo
2651 1784 2887 1844 poterat,
2919 1791 2986 1830 ex
3018 1778 3270 1832 omnibus
3299 1780 3548 1848 gentibus
3572 1821 3585 1845 ,
3627 1787 3681 1832 et
3713 1781 3978 1846 tribubus,
4009 1789 4062 1836 et

779 1897 940 1950 quare
993 1883 1320 1952 subjunxit:
1366 1902 1385 1932 (
1443 1882 1619 1936 Locus
1669 1881 1812 1934 enim
1845 1921 1856 1942 ,
1921 1879 1975 1932 in
2037 1893 2145 1946 quo
2205 1886 2318 1930 stas
2345 1917 2358 1941 ,
2393 1866 2440 1928 Β
2466 1869 2694 1936 populis,
2729 1876 2786 1922 et
2826 1867 3041 1936 linguis,
3076 1877 3283 1922 stantes
3312 1878 3436 1922 ante
3483 1871 3754 1924 thronum.
3785 1892 3802 1923 ›
3842 1872 4064 1927 Stantes

779 1982 994 2028 sanctus
1015 1982 1118 2028 est.
1152 1993 1170 2025 ι

856 2063 988 2117 Cum
1021 2079 1152 2133 ergo
1183 2062 1300 2116 loco
1336 2061 1407 2114 illi
1436 2102 1450 2127 ,
1485 2071 1771 2131 propterea
1804 2061 1927 2130 quia
1963 2073 2186 2115 sanctus
2213 2071 2363 2126 erat,

778 2152 1068 2207 debebatur
1096 2153 1316 2207 nuditas
1342 2153 1560 2221 pedum,
1589 2168 1684 2204 cur
1715 2153 1965 2213 ecclesia,
2009 2168 2128 2220 quae
2162 2153 2361 2219 nihilo-

779 2246 955 2299 minus
987 2254 1212 2300 sanctus
1241 2254 1325 2298 est
1351 2243 1520 2307 locus,
1551 2258 1654 2296 non
1689 2235 1963 2296 mereatur
1992 2243 2182 2296 saltem
2218 2253 2363 2298 stan-

779 2337 906 2390 tium
938 2338 1303 2392 reverentiam
1330 2337 1650 2391 clericorum
1669 2338 1691 2389 ‘3
1716 2335 1880 2405 Moysi
1908 2352 2122 2405 quoque
2146 2337 2360 2390 dicitur:

785 2444 802 2476 ‹
837 2426 913 2481 Ne
943 2430 1232 2497 appropies
1258 2430 1392 2492 huc;
1426 2427 1574 2481 solve
1601 2427 2023 2481 calceamentum
2056 2429 2120 2481 de
2143 2428 2366 2496 pedibus

781 2517 901 2570 tuis.
964 2517 1145 2573 Locus
1201 2518 1343 2571 enim
1394 2517 1447 2570 in
1495 2532 1599 2584 quo
1643 2527 1755 2571 stas
1786 2558 1798 2581 ,
1854 2526 1996 2570 terra
2037 2529 2224 2570 sancta
2283 2528 2366 2572 est

780 2605 970 2672 (Exod.
1002 2611 1112 2680 ιιι).
1158 2629 1174 2660 ι
1215 2608 1281 2663 Ut
1320 2607 1445 2677 quid
1484 2608 1625 2662 enim
1669 2607 1782 2662 haec
1830 2610 2066 2677 antiquis
2119 2609 2366 2664 Patrith

779 2695 1028 2753 divinitUs
1068 2702 1329 2768 imperata
1360 2716 1457 2768 per
1495 2715 1681 2753 sacras
1713 2701 1934 2769 paginas
1969 2701 2194 2766 legimus
2218 2740 2232 2764 ,
2263 2702 2365 2753 nisi

779 2796 834 2838 ut
861 2789 1064 2844 sanctis
1106 2790 1240 2842 locis
1268 2806 1366 2843 nos
1399 2785 1764 2844 reverentiam
1809 2791 2006 2844 debere
2045 2792 2367 2844 credamus?

776 2873 853 2928 An
899 2879 1084 2932 minus
1135 2892 1289 2932 sacer
1325 2888 1410 2932 est
1465 2879 1614 2932 locus
1658 2879 1712 2930 in
1759 2895 1864 2947 quo
1906 2894 2002 2946 per
2050 2881 2365 2949 mysterium

779 2965 1298 3038 viviﬁcw'passionis
1327 2969 1529 3021 Christi
1565 2984 1762 3036 corpus
1811 2970 2057 3032 offertur,
2087 2985 2249 3037 quam
2281 2970 2367 3024 ille

777 3054 862 3107 ubi
907 3073 1002 3125 per
1043 3073 1202 3112 suum
1238 3058 1377 3112 Deus
1415 3057 1663 3126 angelum
1694 3058 2050 3126 loquebatur?
2082 3059 2137 3114 lu
2173 3058 2367 3112 Dente-

779 3151 1076 3205 Ieronomio
1159 3165 1375 3218 quoque
1447 3150 1642 3218 legitur
1722 3150 1844 3217 quia
1909 3150 2044 3201 dixit
2107 3151 2368 3204 Dominus

778 3233 940 3308 Moysi
974 3259 985 3292 :
1027 3259 1046 3291 t
1088 3238 1167 3293 Tu
1197 3248 1278 3294 sta
1310 3239 1395 3292 hic
1443 3253 1652 3291 mecum
1681 3279 1692 3300 ,
1728 3247 1781 3290 ut
1831 3238 2022 3306 loquar
2054 3239 2151 3292 tibi
2186 3239 2366 3293 omnia
2395 3222 2440 3284 (ἶ

782 3334 1034 3387 mandata
1097 3342 1152 3387 et
1184 3332 1545 3387 cteremonias
1578 3339 1737 3397 atque
1768 3329 1968 3398 judicia
2000 3329 2178 3399 (Deut.
2213 3335 2288 3399 v).
2343 3350 2362 3382 ι

777 3417 890 3474 Non
934 3423 1008 3476 ait
1035 3463 1050 3487 ,
1083 3422 1212 3476 sede
1241 3462 1255 3486 ,
1286 3419 1372 3474 vel
1401 3419 1685 3485 recumbe;
1726 3418 1818 3472 sed
1844 3459 1858 3483 ,
1903 3429 1984 3471 sta
2027 3434 2238 3473 mecmu
2267 3461 2281 3486 ,
2310 3428 2369 3474 ut

779 3510 981 3566 scilicet
1029 3514 1223 3568 stando
1270 3511 1443 3565 discat
1527 3511 1669 3578 quod
1723 3509 1960 3563 sedendo
2027 3512 2367 3578 postmodum

777 3601 980 3658 doceat.

848 3690 1000 3749 Nunc
1032 3696 1219 3762 itaque
1262 3695 1388 3746 dum
1418 3692 1470 3746 in
1499 3693 1783 3762 procinctu
1825 3707 2012 3747 sumus
2041 3735 2054 3758 ,
2086 3694 2197 3748 vult
2229 3695 2370 3750 Deus

779 3797 873 3836 nos
910 3785 1011 3839 sibi
1056 3785 1431 3838 ministrantes
1462 3785 1714 3837 assistere
1743 3823 1757 3848 ,
1787 3793 1845 3836 ut
1870 3798 1994 3838 cum
2022 3798 2086 3838 eo
2131 3794 2368 3852 postmo-

781 3872 900 3926 dum
951 3889 1262 3930 mereamur
1306 3875 1359 3928 in
1406 3873 1687 3941 municipii
1733 3873 2125 3942 tranquillitate
2155 3875 2363 3929 sedere.

777 3961 944 4022 Porro
974 3977 1158 4022 autem
1191 3967 1235 4021 si
1265 3967 1352 4021 cui
1378 3975 1524 4019 tanta
1546 3973 1857 4034 suppeteret
1880 3981 2164 4020 munerum
2189 3967 2366 4036 copia,

781 4064 866 4119 ut,
899 4058 1074 4112 donec
1113 4057 1350 4110 officium
1391 4065 1741 4126 superesset,
1787 4057 2030 4125 praebere
2074 4057 2214 4113 dona
2256 4059 2368 4114 sin-

782 4146 917 4214 gulis
954 4164 1063 4202 non
1105 4155 1376 4210 cessaret;
1409 4147 1457 4204 is
1479 4162 1693 4217 quoque
1720 4147 1944 4214 gradum
1978 4148 2186 4219 ﬁgeret,
2213 4147 2368 4218 cujus

783 4240 1040 4296 articulos
1091 4241 1321 4311 languor
1373 4241 1711 4312 chiragricus
1760 4243 2065 4296 innodaret.
2113 4242 2369 4313 Corporis

778 4344 903 4400 ergo
929 4331 1179 4387 morituri
1229 4341 1380 4386 stans
1409 4333 1708 4401 susciperet
1753 4335 2094 4389 commodum
2125 4377 2140 4401 ,
2173 4337 2367 4390 animae

777 4433 904 4475 vero
957 4433 1221 4492 perpetuo
1277 4429 1584 4491 regnaturae
1640 4422 1876 4477 sedendo
1925 4425 2152 4493 despicit
2207 4441 2367 4479 orna-

776 4523 1038 4568 mentum.
1071 4514 1129 4568 Si
1172 4512 1283 4582 regi
1311 4553 1325 4578 ,
1356 4512 1440 4566 vel
1474 4523 1689 4567 terreno
1716 4511 1940 4567 cuilibet
1980 4514 2223 4583 optimati
2256 4531 2367 4571 sua:

779 4603 1019 4672 ditionis,
1054 4605 1236 4660 officia
1270 4614 1581 4660 reverenter
1605 4605 1898 4671 assistunt;
1933 4622 2053 4661 cum
2100 4617 2228 4662 ante
2259 4617 2366 4663 ter-
2390 4577 2444 4637 D

778 4695 985 4754 ribilem
1029 4698 1330 4770 majestatis
1372 4697 1566 4752 divinae
1606 4710 1950 4766 conspectum
1983 4699 2200 4754 laudum
2230 4718 2360 4771 pra:-

779 4792 933 4846 conia
976 4792 1274 4861 jubilamus
1302 4831 1316 4858 ,
1346 4806 1452 4862 qua
1480 4793 1917 4861 praesumptionis
1943 4792 2107 4864 667
2140 4795 2364 4849 audacia

780 4881 967 4937 sedere
994 4881 1413 4952 praesumimus?
1449 4880 1584 4935 Dicit
1615 4880 1803 4934 Daniel
1832 4898 1845 4933 :
1883 4899 1899 4930 ι
1939 4880 2103 4935 Millia
2134 4881 2364 4938 millium

779 4971 1163 5029 ministrabant
1201 4973 1268 5037 ei,
1307 4981 1361 5026 et
1383 4973 1564 5027 decies
1588 4982 1812 5027 centena
1843 4971 2009 5026 millia
2041 4973 2366 5028 assistebant

780 5062 828 5118 ei
857 5064 1022 5136 (Dan.
1059 5066 1178 5136 vn).
1211 5084 1228 5118 ι
1260 5064 1400 5120 Ecce
1428 5106 1442 5132 ,
1474 5065 1600 5119 dum
1632 5064 2107 5118 innumerabilium
2149 5065 2357 5134 angelo-

783 5167 898 5209 rum
948 5155 1043 5210 alii
1095 5156 1205 5211 Deo
1253 5156 1564 5211 ministrare
1614 5156 1797 5225 (Apoc.
1829 5155 1868 5226 ι)
1901 5197 1915 5222 ,
1965 5157 2052 5210 alii
2114 5157 2366 5211 dicuntur

782 5245 1038 5301 assistere
1068 5285 1084 5312 ,
1125 5243 1308 5301 nullus
1355 5261 1543 5302 eorum
1595 5245 1683 5300 hic
1711 5247 1982 5316 reperitur
2029 5247 2079 5300 in
2112 5247 2366 5303 subsellio

787 5335 1039 5392 residere.

1403 5427 1630 5484 CAPUT
1666 5427 1751 5482 ΙΙΙ,

788 5537 936 5604 Quod
985 5541 1158 5614 angeli
1213 5551 1393 5598 contra
1440 5544 1673 5598 homines
1742 5545 1796 5597 in
1853 5544 2069 5602 ecclesia
2133 5549 2364 5605 sedentes

1399 5614 1761 5685 indignantur.

854 5701 952 5759 Cui
993 5719 1125 5776 ergo
1163 5705 1391 5762 virtutes
1435 5705 1690 5778 angelicae
1732 5716 2024 5763 trementes
2077 5713 2360 5779 assistunt,

793 5795 987 5852 terreni
1017 5805 1074 5852 et
1111 5796 1486 5866 corruptibiles
1524 5797 1770 5854 homines
1805 5808 1985 5856 astare
2024 5801 2357 5874 despiciunt!

2470 1959 2656 2028 utique
2685 1968 2830 2012 ante.
2865 1973 2971 2011 non
2997 1959 3266 2014 sedentes.
3301 1961 3368 2013 Et
3397 1961 3556 2030 paulo
3583 1972 3743 2032 post:
3781 1981 3798 2014 ι
3837 1965 4058 2029 Omnes,

2468 2051 2663 2120 inquit,
2712 2051 2886 2120 angeli
2916 2050 3133 2105 stabant
3164 2053 3216 2106 in
3262 2055 3494 2107 circuitu
3530 2055 3710 2108 throni
3741 2097 3754 2119 ,
3786 2065 3840 2110 et
3885 2057 4061 2110 senio-

2467 2158 2584 2195 rum
2624 2143 2806 2210 (Apoc.
2856 2142 2975 2211 vn).
3026 2162 3044 2193 ›
3099 2143 3266 2198 lsaias
3295 2161 3415 2198 cum
3447 2147 3843 2215 praemisisset:
3884 2168 3900 2199 ‹
3941 2148 4062 2205 Vidi

2467 2233 2756 2287 Deminum
2823 2235 3101 2289 sedentem
3157 2250 3320 2306 super
3377 2238 3570 2291 solium
3632 2240 3953 2307 excelsum,
4010 2249 4064 2296 et

2467 2335 2735 2388 clevatum
2763 2376 2778 2402 ,
2808 2346 2863 2389 et
2891 2350 2952 2389 ea
2985 2351 3103 2404 quae
3131 2337 3230 2390 sub
3276 2337 3392 2405 ipso
3419 2344 3574 2388 erant
3605 2333 3884 2403 replebant
3926 2344 4063 2387 tem-

2467 2426 2649 2494 plum;
2707 2445 2725 2477 ›
2803 2428 3052 2495 protinus
3109 2426 3313 2480 addidit
3364 2443 3376 2477 :
3427 2444 3444 2475 ‹
3501 2424 3784 2494 Seraphim
3848 2425 4066 2477 stabant

2468 2511 2656 2574 subter
2705 2520 2834 2574 illud
2880 2519 3033 2591 (Isai.
3068 2520 3164 2591 vi).
3197 2541 3214 2570 ι
3251 2520 3393 2574 Ecce
3439 2518 3527 2572 ubi
3559 2517 3845 2587 Seraphim
3877 2517 4065 2571 sedere

2469 2629 2573 2666 non
2599 2614 2822 2678 audent,
2857 2615 3008 2669 scdct
3038 2613 3201 2667 homo
3240 2615 3449 2676 luteus,
3479 2622 3534 2666 et
3567 2622 3821 2680 tanquam
3855 2623 4065 2680 pannus

2472 2714 2819 2758 menstruam:
2872 2705 3081 2758 luridus
3137 2714 3191 2756 et
3254 2703 3603 2757 immundus?
3669 2701 3770 2755 Ubi
3837 2701 4063 2754 virtutes

2470 2795 2732 2848 ccelorum
2762 2796 2862 2850 sibi
2893 2796 3082 2850 sedilia
3117 2813 3222 2850 non
3249 2805 3517 2863 usurpant
3548 2837 3561 2860 ,
3600 2794 3709 2848 illic
3753 2795 3915 2848 homo
3943 2802 4063 2847 tan-

2470 2899 2631 2953 quam
2655 2885 2929 2938 communi
2972 2900 3035 2939 ac
3065 2885 3362 2941 domestico
3388 2884 3689 2955 perfruitur
3717 2885 3850 2949 otio,
3876 2884 3970 2954 qui
3999 2894 4061 2938 se

2471 2975 2748 3044 pulverem
2779 2992 2898 3032 esse
2937 2987 2990 3031 et
3021 2979 3260 3032 cinerem
3308 2994 3412 3032 non
3463 2979 3709 3046 ignorat?
3756 2977 4065 3049 Ingreditur

2472 3082 2568 3120 rex
2602 3068 2838 3137 nuptiale
2890 3070 3235 3134 convivium,
3295 3082 3348 3123 et
3379 3071 3587 3125 invenit
3635 3071 3904 3126 hominem
3952 3085 4064 3126 non

2474 3157 2633 3210 modo
2664 3156 2896 3212 fortasse
2952 3159 3221 3226 nuptiales
3269 3161 3518 3214 induvias
3572 3176 3681 3215 non
3735 3161 4063 3228 habentem,

2473 3249 2564 3302 sed
2596 3257 2668 3314 ct,
2698 3259 2909 3303 contra
2953 3251 3100 3304 illius
3157 3252 3392 3306 convivii
3423 3254 3692 3321 regulam,
3754 3255 4064 3323 ignobiliter

2473 3337 2833 3404 residentem;
2870 3341 2998 3408 quid
3042 3341 3184 3395 aliud
3202 3341 3401 3409 'jubere
3429 3343 3702 3411 putandus
3726 3349 3830 3409 est,
3861 3343 3966 3399 nisi
4005 3349 4068 3400 ut

2471 3427 2650 3498 ligatis
2682 3429 2773 3482 ille
2826 3429 3075 3484 manibus
3129 3439 3186 3486 et
3226 3433 3453 3500 pedibus
3501 3429 3643 3486 illico
3688 3441 3964 3503 mergatur
4009 3433 4063 3488 in

2471 3519 2763 3573 tenebras?
2794 3519 3013 3587 (Matth.
3054 3521 3214 3593 χιιι.)
3261 3522 3552 3576 Enimvero
3594 3524 3658 3577 de
3711 3524 3933 3578 sedente
3982 3524 4065 3579 Eli

2469 3611 2752 3666 sacerdote
2797 3612 2931 3666 dicit
2988 3612 3315 3682 Scriptura:
3355 3634 3373 3664 ‹
3420 3615 3555 3680 Quia
3599 3615 3792 3670 cecidit
3836 3618 3902 3670 de
3932 3615 4063 3670 sella

2471 3709 2765 3756 retrorsum
2800 3743 2812 3766 ,
2875 3700 3031 3770 juxta
3090 3704 3336 3771 ostium,
3403 3714 3457 3759 et
3517 3706 3705 3761 fractis
3761 3707 4065 3765 cervicibus

2471 3800 2717 3845 mortuus
2763 3801 2846 3846 est
2898 3790 2950 3860 (1
2983 3791 3110 3862 Reg.
3165 3793 3275 3862 tv).
3305 3813 3323 3844 ι
3377 3793 3614 3850 Sedebat
3655 3806 3708 3849 et
3751 3795 4066 3854 Balthassar

2471 3898 2568 3938 rex
2595 3884 2912 3955 Babylonis,
2937 3900 3060 3939 cum
3092 3885 3146 3938 in
3179 3886 3470 3955 superficie
3492 3887 3719 3957 parietis
3746 3887 3882 3942 aulze
3903 3891 4066 3960 regiae

2471 3977 2733 4031 articulus
2781 3977 2881 4030 sibi
2935 3978 3227 4032 scribentis
3258 3978 3549 4048 apparuit,
3596 3981 3689 4049 qui
3738 3995 3890 4035 suam
3933 3997 4062 4037 suo-

2468 4084 2699 4139 rumque
2750 4077 2986 4140 stragem
3040 4071 3245 4126 instare
3293 4080 3452 4127 nocte
3509 4075 3727 4148 prima,
3785 4073 3953 4130 Medis
4001 4088 4067 4131 ac

2467 4157 2650 4214 Persis
2682 4159 3108 4225 imminentibus,
3137 4161 3408 4215 nuntiavit
3433 4161 3593 4233 (Dan.
3629 4161 3706 4231 v).

2541 4251 2975 4319 Requiescebant
3027 4250 3204 4306 Zebee
3253 4262 3310 4306 et
3359 4251 3810 4321 Salmana'rcges
3853 4252 4062 4310 Madian

2470 4358 2590 4397 cum
2623 4345 2865 4398 exercitu
2895 4357 2995 4399 suo
3021 4384 3034 4409 ,
3062 4358 3186 4399 cum
3213 4359 3378 4414 super
3405 4356 3498 4399 eos
3540 4354 3798 4414 tanquam
3841 4359 4066 4402 securos

2469 4431 2686 4488 Gedeon
2714 4433 2893 4500 irruit,
2920 4448 3121 4504 eosque
3148 4433 3341 4505 gladiis
3365 4435 3742 4506 grassantibus
3775 4437 4065 4493 trucidavit

2473 4526 2673 4592 (Judic.
2709 4528 2851 4596 vni).
2905 4526 3329 4582 Discumbebant
3374 4528 3723 4582 nihilominus
3754 4529 4066 4584 Amalecitae

2470 4631 2636 4686 super
2656 4615 2850 4670 faciem
2874 4625 3056 4684 teri-.e,
3093 4631 3214 4670 cum
3245 4618 3365 4672 illos
3395 4629 3619 4686 repente
3647 4619 3814 4673 David
3843 4619 4063 4687 invasit,

2471 4723 2672 4777 eOsque
2726 4723 2754 4760 a
2803 4722 3030 4778 chpera
3075 4725 3246 4778 usque
3277 4709 3329 4762 in
3371 4725 3654 4778 vesperam
3698 4711 3799 4764 diei
3843 4711 4068 4768 alterius

2469 4809 2756 4869 percutere
2809 4813 2915 4851 non
2971 4801 3205 4852 cessavit
3257 4797 3306 4869 (Ι
3363 4797 3493 4869 Reg.
3545 4799 3700 4871 xxx).
3759 4801 3828 4855 At
3877 4811 4063 4857 contra

2473 4889 2615 4942 Elias
2647 4889 2811 4942 dicit:
2854 4905 2871 4936 ι
2909 4885 3058 4942 Vivit
3081 4888 3342 4944 Dominus
3365 4891 3727 4955 exercituum,
3761 4901 3886 4946 ante
3912 4891 4066 4960 cujus

2471 4987 2820 5047 conspectum
2867 4985 2950 5033 sto
3004 4977 3122 5048 (III
3154 4977 3279 5049 Reg.
3330 4979 3487 5050 xvn).
3522 5000 3540 5032 ι
3576 4979 3696 5049 Sto,
3725 4982 3916 5052 inquit,
3956 4997 4064 5037 non

2470 5071 2652 5137 sedeo,
2695 5087 2803 5125 non
2833 5070 3004 5125 oscito
3024 5111 3041 5138 ,
3085 5087 3193 5126 non
3227 5087 3509 5128 marcesco
3538 5091 3552 5139 ;
3581 5075 3750 5147 668
3777 5076 3862 5130 cui
3899 5075 4064 5131 etiam

2471 5180 2498 5215 a
2554 5163 2780 5216 Domino
2831 5162 3072 5215 dicitur:
3111 5179 3135 5212 ‹
3164 5162 3435 5232 Egredere
3464 5205 3478 5229 ,
3531 5175 3586 5220 et
3636 5176 3718 5220 sta
3769 5167 3821 5221 in
3880 5177 4065 5224 monte

2470 5270 2652 5310 coram
2684 5253 2912 5308 Domino
2939 5251 3059 5323 (III
3085 5253 3211 5324 Reg.
3237 5256 3406 5326 xui)»
3439 5256 3556 5312 Non
3603 5260 3678 5314 ait
3707 5299 3720 5326 ,
3753 5260 3881 5315 sede
3904 5299 3917 5323 ,
3967 5260 4063 5315 sed

2471 5354 2554 5400 sta
2614 5360 2797 5401 coram
2843 5345 3093 5400 Domino.
3140 5345 3394 5417 Nurquid
3432 5359 3488 5403 et
3532 5351 3702 5404 David
3768 5361 3934 5422 atque
3983 5351 4064 5408 illi

2480 5431 2683 5507 septem
2715 5437 2866 5492 ebori
2899 5453 3021 5493 cum
3069 5454 3133 5493 eo
3163 5440 3424 5494 sedebant
3452 5455 3635 5496 coram
3665 5458 3788 5498 arca
3824 5443 4062 5513 Domini,

2475 5539 2656 5584 etnon
2683 5530 2862 5599 potius
2891 5571 2906 5596 ,
2958 5530 3098 5584 sicut
3141 5529 3422 5601 Scriptura
3451 5541 3681 5589 testatur
3713 5550 3726 5588 :
3766 5554 3784 5586 (
3821 5535 4063 5605 Ipserex

2474 5622 2809 5692 percutiebat
2839 5621 2892 5676 in
2918 5622 3139 5692 organis
3169 5663 3183 5686 ,
3211 5631 3266 5677 et
3305 5623 3543 5679 saltabat
3565 5666 3581 5693 ,
3629 5640 3696 5680 ac
3744 5625 4063 5683 subsiliebat

2480 5713 2606 5768 totis
2628 5714 2833 5769 viribus
2877 5723 3003 5769 ante
3031 5714 3362 5771 Dominum?
3390 5737 3407 5770 ι
3442 5717 3531 5788 (II
3559 5716 3689 5788 Reg.
3723 5718 3829 5793 γι.)
3863 5719 4064 5789 Sicque

2479 5807 2746 5864 ducebant
2797 5821 2980 5864 arcam
3031 5808 3086 5865 in
3128 5806 3302 5878 iubilo
3329 5849 3345 5879 ,
3402 5818 3458 5867 et
3509 5811 3764 5885 clangore
3799 5812 4061 5872 buccina.
