5882 6632
2370 509 2470 566 647

2369 621 2505 675 Nota
2538 633 2747 688 quoque
2793 617 2933 686 quod
2976 616 3053 669 ait
3109 615 3365 669 Dominus
3426 612 3592 684 Moysi
3623 630 3634 665 :
3667 631 3684 664 ι
3719 612 3938 681 Applica
3969 619 4016 675 Α
4045 623 4205 681 toquc
4240 615 4510 669 difficilius
4558 617 4638 668 sui
4681 619 4924 687 corporis
4952 621 5295 689 gravedinem
5336 625 5592 694 tolerant,

2369 713 2568 766 tribum
2616 709 2784 772 Levi,
2837 717 2890 760 et
2935 705 3020 760 fac
3077 713 3220 758 stare
3285 704 3335 756 in
3401 713 3687 772 conspectu
3751 703 3931 756 Aaron

2368 803 2684 863 sacerdotis,
2718 809 2777 853 ut
2819 799 3125 852 ministrent
3156 797 3236 859 ei,
3265 803 3321 849 et
3348 797 3635 856 excubent,
3664 803 3718 846 et
3742 794 3931 846 obser-

2366 902 2490 949 vent
2517 892 2770 962 quidquid
2803 891 2867 943 ad
2895 889 3093 942 cultum
3115 887 3346 956 pertinet
3371 885 3726 940 multitudinis
3749 900 3931 938 coram

2366 982 2714 1040 tabernaculo
2768 979 3052 1034 testimonii
3114 976 3198 1047 (II
3253 976 3378 1029 Par.
3413 976 3522 1044 xv).
3556 995 3573 1026 ›
3638 973 3926 1043 Nonlait:

2365 1079 2608 1137 sedeant,
2646 1074 2871 1128 oscilent
2896 1112 2908 1136 ,
2941 1081 2995 1125 et
3039 1071 3367 1135 dormitent;
3402 1071 3493 1124 sed
3546 1069 3628 1123 fac
3660 1080 3804 1123 stare
3835 1109 3850 1133 ,
3876 1078 3933 1122 ut

2361 1166 2690 1226 ministrent,
2715 1163 3066 1225 excubent,et
3088 1163 3394 1215 observent.
3412 1159 3621 1229 Moyses
3645 1160 3697 1212 in
3726 1169 3928 1223 monte,

2362 1271 2459 1324 per
2503 1255 2850 1323 quadraginta
2891 1254 3021 1307 dies:
3049 1264 3101 1306 et
3146 1253 3360 1305 totiuein
3394 1264 3577 1304 noctes
3608 1293 3621 1315 ,
3655 1268 3928 1322 nunquam

2360 1345 2445 1400 vel
2498 1347 2563 1398 ad
2620 1353 2945 1399 momentum
2995 1343 3211 1411 quidem
3254 1342 3431 1405 sedit,
3487 1343 3629 1394 nulla
3683 1344 3787 1396 cibi
3847 1341 3927 1395 vel

2359 1443 2517 1503 potus
2556 1434 2805 1486 alimenta
2834 1431 3093 1500 percepit.
3121 1432 3211 1484 sed
3232 1429 3447 1496 jejunus
3480 1432 3704 1484 Domino
3731 1434 3927 1500 jugiter

2357 1524 2527 1577 astitit
2569 1523 2753 1591 (Num.
2790 1525 2906 1590 in);
2954 1531 3007 1575 et
3056 1531 3110 1575 tu
3139 1560 3153 1585 ,
3204 1521 3292 1590 qui
3335 1523 3645 1590 quotidiana
3693 1531 3742 1573 te
3791 1520 3928 1574 refc-

2356 1616 2532 1670 ctioue
2564 1625 2852 1679 sustentes,
2886 1614 3032 1668 brevi
3084 1613 3271 1667 saltem
3302 1615 3479 1681 Spatio
3511 1612 3748 1681 gravaris
3799 1621 3924 1665 ante

2354 1705 2431 1759 tui
2478 1705 2785 1759 Conditoris
2839 1714 3015 1759 astare
3070 1706 3456 1774 prmsentiam?
3515 1705 3604 1756 Sic
3667 1704 3807 1755 enim
3872 1704 3925 1757 in

2354 1801 2544 1855 Exodo
2608 1800 2901 1867 legiturzi
2958 1798 3120 1851 Stetit
3183 1813 3310 1865 ergo
3371 1796 3439 1848 ibi
3511 1809 3630 1847 cum
3700 1794 3925 1848 Domino

2353 1893 2565 1962 Moyses
2621 1893 2972 1961 quadraginta
3033 1892 3146 1944 dies
3209 1899 3264 1943 et
3311 1897 3531 1953 noctes,
3577 1903 3770 1956 panem
3818 1902 3920 1940 non

2826 505 2883 562 S.
2925 503 3128 560 PETRI
3163 500 3444 558 DAMlANI
3476 500 3625 559 OPP.
3663 500 3896 559 TOMUS
3934 501 4064 556 SEU
4103 501 4278 558 PARS
4312 502 4396 558 Ill.
4428 504 4879 562 —OPUSCULA
4923 509 5147 566 VARIA.

5508 515 5595 574 διε

4041 712 4186 756 tanto
4222 706 4490 773 copiosius
4533 721 4627 759 eos
4656 707 4724 760 ad
4753 708 4916 762 Deum
4962 710 5211 765 meritum
5259 715 5414 768 levat.

4105 793 4271 846 Porro
4326 804 4537 857 autem,
4593 797 4734 850 sicut
4779 799 5019 868 Eutropii
5071 810 5297 856 testatur
5351 805 5586 876 historia,

4040 881 4205 937 Varro
4256 887 4438 938 consul
4469 888 4717 954 quoniam
4755 891 4894 956 apud
4943 889 5172 953 Cannas,
5198 892 5322 947 dum
5353 897 5594 953 adversus

4032 974 4346 1026 Annibalem
4396 977 4724 1046 confligeret,
4773 978 5026 1048 perdidit,
5067 997 5337 1050 nunquam
5375 995 5595 1054 postmo-

4032 1063 4153 1115 dum
4198 1079 4364 1131 nsque
4405 1067 4469 1119 ad
4505 1069 4625 1120 vitze
4669 1081 4779 1120 sua:
4821 1069 5108 1123 terminum
5141 1074 5403 1128 recubans
5426 1077 5593 1132 cibum

4030 1157 4275 1224 sumpsit.
4309 1156 4458 1222 Quod
4516 1161 4560 1212 si
4611 1159 4810 1213 faciunt
4853 1160 4955 1215 hoc
4994 1163 5193 1217 ethnici
5234 1163 5468 1220 utfamae
5495 1182 5594 1223 sua

4030 1261 4224 1300 nomen
4270 1250 4593 1314 extendant,
4626 1253 4754 1319 quid
4797 1254 5057 1322 agendum
5093 1264 5173 1309 est
5200 1255 5517 1311 Christianis
5540 1268 5592 1314 ut

4031 1335 4083 1387 in
4119 1337 4322 1389 caelesti
4352 1338 4450 1390 sibi
4495 1341 4662 1408 gloria
4696 1341 4850 1395 sedes
4880 1343 5199 1411 acquirant?
5239 1345 5518 1401 Enimvero
5550 1348 5590 1402 si

4030 1429 4223 1495 dignus
4252 1431 4302 1480 in
4335 1431 4501 1483 Deum
4543 1434 4696 1486 nobis
4725 1435 4906 1488 fervor
4933 1436 5148 1501 inesset,
5179 1453 5278 1506 par
5308 1439 5478 1494 fuerat
5503 1456 5590 1496 nos

4030 1519 4169 1573 inter
4199 1523 4392 1574 divinze
4426 1523 4594 1577 laudis
4623 1527 4878 1579 excubias
4927 1543 5033 1582 non
5073 1529 5230 1582 modo
5252 1545 5358 1583 non
5388 1530 5586 1595 sedere,

4028 1611 4121 1662 sed
4150 1621 4203 1664 et
4235 1614 4482 1665 manibus
4527 1614 4576 1666 in
4609 1615 4714 1667 alta
4755 1618 5016 1684 porrectis
5047 1618 5433 1675 incessabiliter
5461 1620 5593 1691 psal-

4030 1702 4162 1757 lere.
4213 1705 4361 1756 Sicut
4402 1706 4648 1760 hortatur
4676 1721 4771 1762 nos
4801 1708 5108 1775 Psalmista,
5139 1728 5257 1766 cum
5283 1712 5410 1767 dicit
5442 1733 5454 1765 ;
5491 1732 5509 1764 ι
5537 1712 5589 1770 In

4028 1798 4276 1850 noctibus
4306 1797 4545 1850 extollite
4584 1814 4773 1853 manus
4808 1809 5015 1854 vestras
5049 1801 5099 1854 in
5129 1812 5332 1868 sancta,
5364 1813 5414 1856 et
5438 1804 5593 1858 bene-

4028 1889 4188 1941 dicite
4251 1888 4533 1940 Dominum
4585 1888 4753 1957 (Psal.
4786 1891 5032 1960 cxxxiii).
5068 1911 5084 1942 ι
5121 1892 5187 1946 Ει
5222 1893 5502 1963 Apostolus
5529 1893 5590 1948 ad

2351 1985 2609 2046 comedit,
2648 1993 2702 2036 et
2750 1999 2942 2050 aquam
2984 1997 3088 2034 non
3118 1983 3272 2045 bibit,
3298 1992 3349 2034 et
3375 1981 3590 2048 scripsit
3638 1981 3690 2032 in
3735 1979 3925 2033 tabulis
3954 1976 4001 2036 Β
4031 1978 4368 2031 Timotheum
4397 1997 4405 2028 :
4432 1999 4448 2029 (
4493 1977 4640 2041 Volo,
4668 1980 5017 2048 inquit,viros
5037 1997 5193 2036 orare
5216 1983 5266 2036 in
5292 1983 5433 2036 omni
5456 1983 5585 2048 loco,

2349 2073 2515 2126 verba
2563 2072 2782 2126 {dederis
2837 2072 3021 2124 decem
3066 2069 3262 2139 (Exod.
3331 2072 3537 2138 xxxiv).
3579 2087 3596 2119 ›
3651 2069 3921 2136 Hodieque

2349 2160 2591 2217 nonnulli
2642 2160 2872 2225 fratres,
2918 2162 3043 2213 dum
3083 2160 3330 2214 laudibus
3376 2161 3574 2213 divinis
3626 2159 3917 2224 insistunt,

2347 2266 2456 2305 non
2488 2260 2613 2305 sunt
2661 2251 2774 2304 solo
2831 2251 3006 2305 standi
3054 2251 3234 2304 labore
3281 2252 3519 2304 Cuttlenll
3551 2291 3565 2315 ,
3616 2259 3920 2318 satagentes

2351 2339 2571 2409 insuper
2615 2350 2666 2394 et
2694 2358 2787 2409 per
2817 2342 2917 2395 alia
2953 2343 3036 2396 sui
3067 2343 3309 2410 corporis
3338 2342 3594 2395 exercitia
3626 2340 3858 2410 fatigari.

2416 2431 2580 2496 Nam,
2607 2442 2664 2485 ut
2693 2433 2757 2486 de
2785 2435 2993 2487 caeteris
3031 2433 3212 2486 sileam
3242 2474 3256 2497 ,
3287 2437 3502 2502 quidam
3535 2435 3699 2488 frater
3720 2474 3734 2499 ,
3777 2435 3921 2489 Cezo

2346 2522 2585 2587 nomine,
2613 2539 2755 2576 nunc
2790 2540 2818 2577 a
2847 2534 3032 2579 nostro
3081 2540 3187 2578 non
3231 2526 3418 2592 procul
3466 2526 3770 2580 habitaculo
3811 2528 3921 2580 dis-

2345 2622 2589 2683 paratur,
2616 2617 2959 2683 sexagenaria
2986 2616 3095 2684 jam
3130 2615 3347 2670 circiter
3376 2626 3530 2669 :etate
3559 2620 3872 2687 grandaevus
3903 2656 3920 2683 ,

2344 2701 2438 2770 qui
2479 2708 2644 2755 totum
2675 2702 2984 2771 psalterium
3018 2719 3190 2772 genua
3232 2703 3496 2758 ﬂectendo
3526 2706 3790 2769 decurrit,
3820 2707 3921 2760 hoc

2245 2806 2262 2819 ‘
2340 2791 2550 2848 scilicet
2587 2794 2745 2847 modo
2801 2803 2858 2847 ut
2907 2811 3073 2848 unum
3113 2796 3325 2865 expleat
3367 2812 3578 2849 versum
3612 2798 3734 2850 dum
3764 2799 3919 2865 pavi-

2346 2891 2532 2939 mento
2557 2884 2946 2954 prosternitur;
2973 2885 3205 2939 alterum
3231 2886 3356 2938 dum
3382 2887 3626 2955 protinus
3655 2886 3914 2940 elevatur.

2343 2973 2437 3030 Sic
2465 2974 2646 3044 itaque
2679 2991 2775 3043 per
2806 2985 2975 3029 totum
3019 2977 3264 3046 psalterii
3299 2991 3516 3030 cursum
3554 2991 3658 3029 una
3707 2990 3918 3044 semper

2344 3067 2405 3121 fit
2441 3078 2708 3122 metanaaa
2735 3082 2831 3135 per
2854 3066 3096 3134 geminos
3120 3081 3324 3120 versus.

2409 3157 2560 3212 Alius
2607 3172 2816 3226 quoque
2848 3156 3124 3210 nobiscum
3169 3154 3312 3220 fuit,
3367 3164 3526 3209 :etate
3566 3155 3873 3223 provectior
3902 3193 3916 3218 ,

2338 3247 2433 3317 qui
2467 3246 2587 3316 jure
2632 3247 2940 3302 Dominicus
2970 3245 3279 3300 vocabatur.
3312 3245 3410 3298 Hic
3455 3247 3584 3297 mihi
3640 3246 3915 3298 confessus

4025 2071 4263 2124 levantes
4318 2087 4476 2139 puras
4536 2086 4724 2124 manus
4789 2071 4905 2125 sine
4967 2073 5045 2126 ira
5106 2082 5160 2126 et
5206 2073 5583 2143 disceptatione

4025 2161 4075 2228 (Ι
4107 2161 4239 2213 Tim.
4274 2163 4356 2229 ii).
4399 2180 4415 2211 ι
4466 2160 4600 2213 Nam
4650 2171 4703 2214 ct
4761 2162 5053 2228 prmclarus
5109 2161 5361 2217 Ecclesiae
5411 2165 5590 2218 doctor

4022 2252 4338 2304 Ambrosius
4369 2253 4552 2303 beatos
4589 2260 4856 2321 martyres
4885 2250 5196 2305 Gervasium
5222 2261 5276 2304 et
5297 2251 5588 2306 Prolasium

4023 2343 4259 2396 extensis
4285 2343 4532 2395 manibus
4561 2358 4773 2410 semper
4795 2352 5013 2396 orantes
5041 2358 5096 2397 se
5121 2342 5315 2396 vidisse
5347 2351 5586 2397 testatur.

4023 2431 4078 2485 In
4131 2432 4284 2499 cujus
4344 2434 4523 2487 verbis
4585 2435 4741 2487 datur
4797 2434 5021 2504 intelligi
5082 2436 5328 2504 quoniam
5383 2446 5434 2490 et
5483 2435 5590 2506 ipse

4023 2539 4127 2575 non
4184 2523 4338 2576 aliter
4384 2533 4510 2576 tunc
4566 2524 4756 2576 orabat
4799 2524 5433 2594 episcopus,quanquam
5480 2524 5589 2592 ipse

4023 2613 4254 2666 vitandae
4313 2615 4493 2682 glorim
4555 2628 4719 2668 causa
4781 2630 4885 2668 non
4951 2617 5236 2686 exprimat.
5294 2615 5589 2671 Verisimile

4023 2706 4219 2776 quippe
4249 2714 4330 2758 est
4373 2713 4431 2756 ut
4481 2721 4601 2758 cum
4631 2720 4738 2774 quo
4769 2705 4924 2759 simul
4955 2717 5131 2772 orant,
5163 2719 5496 2775 nequaquam
5521 2705 5586 2760 ab

4022 2810 4086 2848 eo
4106 2797 4158 2846 in
4173 2796 4438 2848 orationis
4454 2796 5051 2863 qualitate,dissentiant
5073 2815 5084 2848 :
5104 2795 5336 2866 alioquin
5366 2796 5411 2850 si
5435 2795 5589 2852 aliter

4021 2881 4208 2935 orabat
4230 2882 4572 2948 Ambrosius,
4596 2884 4662 2937 ad
4693 2885 4791 2939 hoc
4818 2886 4917 2938 sibi
4952 2885 5115 2955 67o
5140 2883 5226 2938 ille
5261 2885 5445 2939 modus
5467 2899 5590 2940 ora-

4023 2973 4184 3027 tionis
4225 2973 4549 3035 ostenditur,
4594 2984 4654 3026 ut
4681 2976 4746 3026 ad
4775 2975 4914 3027 hanc
4948 2975 5136 3027 orandi
5172 2974 5406 3043 regulam
5434 2974 5585 3029 dein-

4023 3079 4148 3132 ceps
4176 3063 4508 3116 infornictur.
4548 3064 4643 3117 Cui
4675 3079 4795 3117 cum
4840 3065 5030 3119 beatus
5056 3063 5251 3119 Paulus
5271 3064 5335 3119 de
5356 3064 5588 3134 prmfatis

4022 3156 4350 3224 martyribus
4380 3155 4601 3219 diceret,
4643 3171 4868 3224 quorum
4908 3171 5134 3224 corpora
5166 3157 5217 3209 in
5247 3157 5432 3211 eodem
5474 3157 5587 3212 loco

4021 3245 4323 3307 inveniens,
4354 3250 4634 3320 signanter
4679 3251 4916 3304 addidit:
4954 3251 5004 3304 in
5042 3266 5146 3321 quo
5191 3260 5301 3305 stas
5345 3258 5398 3304 et
5443 3265 5585 3306 oras.

2334 3348 2438 3404 est,
2487 3354 2628 3408 saepe
2678 3355 2735 3392 se
2776 3339 2922 3402 mille
2970 3338 3161 3392 fecisse
3207 3346 3505 3392 metanazas
3543 3352 3639 3406 per
3676 3337 3913 3406 singulos
3942 3328 3990 3390 C
4021 3334 4212 3390 Stabat
4258 3339 4453 3408 quippe
4493 3341 4748 3394 sacerdos
4791 3341 5038 3410 egregius
5071 3356 5191 3394 cum
5245 3342 5454 3405 orabat,
5483 3356 5584 3396 non

2335 3432 2473 3499 dies,
2498 3430 2624 3486 dum
2668 3439 2844 3483 tamen
2877 3429 3052 3485 ferrea
3084 3430 3251 3484 lorica
3281 3430 3482 3499 jugiter
3521 3438 3664 3482 esset
3692 3429 3912 3483 indutus

2338 3524 2407 3577 ad
2429 3535 2665 3577 carnem.
2698 3521 2801 3575 Sed
2842 3523 2934 3590 qui
2965 3522 3087 3576 talia
3135 3522 3326 3589 quaerit
3364 3521 3553 3574 audire
3602 3529 3753 3574 curet
3780 3535 3913 3590 opu-

2338 3607 2486 3667 scula
2515 3619 2699 3665 nostra
2732 3624 3066 3680 percurrere.

2940 3719 3165 3775 CAPUT
3212 3721 3299 3774 iV.

2337 3808 2628 3879 Quodglaici
2653 3826 2853 3880 quoque
2872 3811 2926 3864 in
2949 3811 3319 3934 eccleﬁabinter
3347 3811 3522 3864 divina
3549 3809 3713 3878 ofﬁcia
3736 3809 3910 3862 sedere

2951 3897 3053 3934 non
3132 3898 3156 3934 ε
3192 3892 3297 3934 ent.

2951 3897 3053 3934 non
3095 3892 3297 3935 debent.

2405 3971 2556 4025 Nunc
2584 3981 2763 4026 autem
2795 3970 2995 4026 sufficit
3025 3972 3154 4025 mihi
3193 3972 3462 4026 sanctitati
3495 3980 3688 4026 vestra:
3721 3986 3912 4042 sugge-

2334 4076 2457 4116 rere
2517 4071 2576 4114 ut
2617 4061 2717 4114 hoc
2766 4061 3014 4131 ignobilis
3072 4063 3409 4132 negligentia:
3466 4063 3653 4115 vitium
3719 4064 3770 4116 in
3813 4077 3910 4116 sua

2335 4157 2486 4226 prius
2514 4155 2750 4210 Ecclesia
2779 4157 3013 4226 corrigat
3037 4198 3052 4223 ,
3097 4158 3290 4212 deinde
3332 4172 3426 4227 per
3450 4169 3766 4213 carterarum
3795 4158 3909 4228 pal-

2335 4247 2496 4300 mites
2523 4256 2774 4315 tanquam
2799 4247 2990 4301 falcem
3012 4248 3301 4303 salutiferaz
3331 4250 3689 4318 correptionis
3712 4261 3904 4305 exten-

2336 4337 2451 4392 dat.
2496 4337 2745 4392 Districte
2792 4340 2987 4410 quippe
3036 4341 3424 4409 prohibendum
3469 4350 3551 4396 est
3596 4357 3700 4407 non
3747 4343 3905 4396 modo

2336 4428 2567 4491 clericis,
2593 4430 2684 4482 sed
2713 4437 2767 4483 et
2796 4429 2948 4484 laicis
2970 4432 3249 4500 utriusque
3275 4447 3433 4486 sexus
3462 4472 3476 4496 ,
3519 4442 3578 4484 nt
3610 4433 3736 4497 nisi,
3767 4434 3907 4486 sicut

2335 4533 2453 4573 mos
2478 4529 2562 4572 est
2585 4558 2598 4582 ,
2631 4519 2769 4572 inter
2810 4521 3054 4574 nocturni
3091 4521 3349 4576 lectiones
3377 4522 3572 4588 officii,
3608 4523 3739 4576 alias
3777 4524 3903 4577 dum

2335 4605 2532 4661 divinis
2551 4609 2766 4679 hymnis
2786 4609 3072 4675 insistitur,
3099 4627 3256 4665 nemo
3281 4611 3486 4676 sedeat,
3511 4611 3631 4676 nisi,
3663 4613 3904 4681 corporis

4021 3427 4088 3479 ad
4115 3427 4284 3480 instar
4316 3428 4541 3483 istorum
4587 3431 4826 3498 sedebat,
4849 3440 4904 3486 et
4941 3433 5110 3486 otiosa
5144 3431 5420 3486 tractabat.
5448 3431 5588 3486 Pras-

4019 3525 4163 3570 terea
4195 3533 4314 3571 cum
4340 3520 4478 3572 idem
4502 3521 4647 3574 dicat
4668 3522 4957 3590 Apostolus
4985 3540 4998 3575 :
5034 3541 5051 3572 ι
5088 3521 5187 3588 Qui
5218 3532 5338 3576 sunt
5365 3521 5588 3577 admini-

4018 3611 4259 3664 stratorii
4289 3611 4522 3680 Spiritus
4546 3613 4596 3665 in
4615 3614 4970 3668 ministerium
4988 3615 5132 3668 missi
5150 3625 5366 3684 propter
5384 3629 5476 3668 eos
5494 3613 5585 3684 qui

4018 3701 4390 3757 haereditatem
4416 3704 4635 3773 capiunt
4662 3704 5050 3773 salutis(llebr.
5077 3707 5168 3775 ι).›
5200 3705 5297 3760 Ubi
5319 3703 5583 3760 credenda

4015 3801 4098 3846 est
4124 3791 4461 3862 frequentius
4490 3796 4731 3864 angelica
4770 3797 5044 3851 beatitudo
5073 3797 5392 3862 discurrere,
5421 3812 5580 3867 quam

4014 3883 4070 3936 in
4115 3882 4374 3947 Ecclesia,
4409 3885 4497 3938 ubi
4543 3885 4690 3939 novit
4728 3885 4821 3940 Dei
4871 3881 5142 3956 populum,
5173 3895 5387 3956 propter
5421 3901 5582 3955 quem

4015 3971 4223 4027 scilicet
4261 3973 4513 4035 mittitur,
4541 3975 4862 4028 convenire?
4903 3974 4970 4027 Et
4997 3976 5086 4043 qui
5117 3974 5399 4045 potentiori
5429 3975 5585 4029 cuili-

4013 4063 4104 4118 bet
4141 4077 4384 4132 persona:
4422 4063 4744 4118 festinanter
4781 4065 5130 4135 assurgimus,
5159 4081 5259 4136 qua
5290 4080 5581 4136 praesump-

4016 4155 4178 4208 tionis
4205 4155 4428 4209 audacia
4459 4155 4647 4210 scdcre
4673 4170 4858 4211 coram
4886 4156 5172 4212 virtutibus
5195 4155 5448 4228 angelicis
5469 4169 5578 4212 non

4014 4244 4297 4299 timemus?

4083 4333 4162 4387 Tu
4198 4344 4401 4399 autem,
4428 4335 4796 4401 dilectissime,
4830 4337 4955 4405 quia
4987 4336 5039 4390 in
5072 4336 5307 4391 occiduis
5337 4336 5580 4405 partibus

4012 4423 4154 4477 inter
4185 4426 4494 4478 sacerdotes
4521 4426 4745 4495 insignis
4768 4441 4826 4479 es
4851 4440 4912 4480 ac
4931 4425 5160 4481 celebris
5172 4426 5342 4489 famaa,
5356 4425 5576 4495 ubique,

4010 4512 4063 4565 in
4092 4523 4350 4582 quantum
4383 4523 4553 4582 potes,
4585 4524 4641 4569 ct
4675 4515 4775 4570 hoc
4806 4516 5172 4586 ignominiosa:
5203 4516 5456 4571 sessionis
5482 4530 5580 4586 op-

4008 4602 4283 4672 probrium
4329 4605 4566 4668 destruc,
4591 4612 4640 4657 et
4674 4614 4868 4658 caetera
4893 4619 5012 4674 qua:
5039 4604 5293 4658 villicatui
5323 4604 5579 4659 sacerdo-

2335 4711 2458 4753 eum
2499 4675 3079 4783 valetudqcompellat.
3114 4701 3404 4769 Plerosque
3446 4705 3905 4773 nempe.vidimus
3931 4675 3982 4734 D
4011 4697 4133 4752 talis
4184 4696 4345 4751 οίῐὶοὶἱ
4400 4706 4729 4766 competunt,
4777 4713 4881 4752 non
4914 4700 5146 4770 segniter
5179 4699 5399 4769 implere
5446 4714 5577 4756 con-

2335 4804 2441 4844 non
2480 4791 2638 4844 modo
2666 4793 2851 4856 sacri,
2904 4797 2996 4847 sed
3040 4803 3095 4847 et
3147 4794 3421 4848 saecularis
3463 4796 3668 4849 ordinis
3710 4797 3856 4852 viros
3886 4837 3901 4863 ,

2335 4887 2426 4956 qui
2453 4888 2531 4941 sic
2582 4888 2721 4942 inter
2761 4889 3013 4958 quaelibet
3056 4889 3432 4944 ecclesiastica:
3461 4891 3679 4959 synaxis
3722 4892 3902 4947 ofﬁcia

2333 4987 2504 5034 status
2539 4981 2620 5034 sui
2662 4981 2862 5035 viribus
2904 4989 3026 5034 sunt
3056 4981 3313 5047 contenti,
3348 4990 3405 5035 ut
3436 4996 3535 5034 nec
3565 4983 3722 5050 podio
3747 5023 3761 5046 ,
3804 4999 3904 5038 nec

2335 5070 2599 5138 adjaccnti
2639 5086 2855 5140 prorsus
2884 5072 2976 5126 ulli
3011 5074 3249 5128 materia:
3286 5073 3572 5143 dignentur
3597 5074 3772 5127 inniti.
3803 5073 3903 5141 Qui

2337 5159 2589 5213 nimirum
2660 5175 2764 5228 quo
2815 5160 3130 5217 laboriosius
3179 5163 3234 5217 in
3298 5171 3590 5232 conspectu
3657 5178 3903 5233 supernae

2337 5249 2636 5318 majestatis
2669 5267 2726 5305 se
2768 5252 3148 5320 conspicientis
3175 5255 3452 5318 assistunt,
3503 5263 3555 5308 et
3597 5255 3900 5308 suaviorem

2337 5337 2672 5396 dulcedinem
2722 5342 2924 5396 intimae
2954 5342 3149 5412 quietis
3184 5343 3346 5415 669
3375 5345 3686 5414 acquirunt;
3724 5360 3898 5416 quatt-

4009 4791 4166 4845 tende
4202 4808 4212 4841 :
4248 4804 4433 4859 argue,
4457 4791 4702 4854 obsecra,
4735 4791 4972 4861 increpa,
5004 4798 5184 4860 atque,
5213 4801 5270 4844 ut
5295 4791 5435 4846 idem
5459 4806 5580 4847 mo-

4008 4894 4100 4938 net
4121 4885 4427 4952 Apostolus,
4459 4903 4476 4934 ι
4513 4883 4691 4955 vigila,
4724 4883 4776 4938 in
4803 4885 5050 4939 omnibus
5094 4884 5295 4946 labora,
5324 4898 5458 4953 opus
5488 4882 5574 4940 fac

4008 4976 4367 5045 evangelistm,
4395 4977 4755 5030 ministerium
4784 4986 4930 5030 tuum
4956 4976 5115 5045 imple
5139 4974 5221 5047 (ll
5249 4973 5379 5027 Tim.
5412 4975 5520 5045 tv);
5550 4993 5570 5027 ι

4009 5075 4087 5132 υι,
4119 5082 4238 5121 cum
4287 5082 4508 5122 necesse
4555 5066 4718 5122 fuerit
4757 5068 5065 5138 conspectui
5106 5066 5299 5121 summi
5338 5066 5575 5137 pastoris

4008 5161 4277 5222 assistere,
4301 5161 4578 5230 copiosum
4599 5175 4661 5214 ac
4683 5160 4899 5230 dignum
4925 5167 5070 5213 tanto
5098 5159 5310 5214 nomine
5336 5155 5573 5214 fruetum

4006 5255 4070 5308 de
4097 5263 4319 5324 peracto
4349 5253 4531 5307 valeas
4562 5253 4859 5308 ministerio
4883 5252 5214 5322 consignare.

4320 5360 4399 5415 Sit
4445 5378 4628 5419 nomen
4666 5361 4875 5418 Domini
4915 5361 5252 5418 benedictum.
