5882 6644
259 6424 743 6538 μ.

2356 522 2458 583 651

2427 639 2580 689 uerat

2359 648 2611 706 generat,
2645 648 2762 699 qua:
2789 648 3040 703 nimirum
3081 648 3260 676 curua:
3281 648 3469 673 unum:
3491 656 3505 680 ,
3545 648 3686 684 Ἲυυδ
3717 648 3798 681 γυ.
3839 648 3912 665 συ-

2358 721 2645 789 metipsam
2677 716 2890 776 turbat,
2933 726 3030 781 per
3070 708 3393 763 virulentam
3426 704 3659 759 sobolem
3691 700 3927 756 deterius

2358 787 2562 872 caecat;
2613 814 2666 859 et
2708 800 2997 856 iracundus
3030 798 3257 867 quisque
3290 811 3349 849 se
3378 793 3641 847 veraciter
3674 787 3925 859 perimit,

2357 894 2487 948 dum
2537 892 2805 945 laasionem
2876 886 3103 956 proximi
3175 884 3291 945 vel,
3344 882 3485 951 quod
3530 878 3767 932 atrocius
3811 883 3926 939 est,

2360 990 2591 1037 mortem
2620 979 2751 1033 sitit.
2785 976 2936 1031 Unde
2959 975 3217 1041 scriptum
3252 980 3337 1025 est
3370 989 3382 1023 :
3417 989 3435 1020 ι
3474 966 3654 1020 Virum
3703 963 3927 1017 stultum

2361 1068 2619 1127 interﬁcit
2667 1065 2979 1129 iracundia,
3034 1072 3091 1115 et
3138 1061 3417 1131 parvulum
3473 1056 3675 1111 occidit
3728 1054 3928 1107 invidia

2362 1158 2488 1230 (Job
2520 1158 2597 1229 v).
2648 1175 2665 1208 ι
2698 1155 2868 1209 Porro
2918 1168 3038 1207 cum
3086 1150 3342 1221 scriptum
3373 1148 3443 1201 sit
3475 1164 3487 1199 :
3543 1165 3561 1197 ι
3597 1144 3676 1198 Τιι
3713 1153 3926 1209 autem,

2361 1250 2609 1311 Domine,
2632 1260 2753 1300 cum
2785 1238 3403 1311 tranquillitatejudicas
3431 1234 3581 1304 (Sap.
3616 1234 3710 1303 tt);
3744 1252 3762 1285 ι
3798 1247 3930 1300 quo-

2366 1340 2471 1395 ties
2501 1339 2833 1392 turbulentos
2863 1332 3027 1386 animi
3056 1340 3231 1383 motus
3259 1327 3359 1382 sub
3392 1324 3821 1379 mansuetudinis
3848 1322 3929 1374 vi-

2364 1445 2496 1498 gore
2519 1425 2910 1494 restringimus,
2935 1421 2999 1474 ad
3017 1407 3315 1475 conditoris
3336 1416 3504 1471 nostri
3526 1413 3927 1468 similitudinem

2364 1517 2546 1573 redire
2576 1527 2852 1568 conamur.
2886 1509 3019 1563 Nam
3047 1508 3171 1562 dum
3201 1508 3436 1576 quietem
3476 1503 3673 1557 mentis
3723 1502 3801 1555 ira
3844 1499 3929 1553 di-

2360 1607 2631 1669 verberat,
2650 1604 2961 1658 dilaniatam
2975 1599 3367 1670 quodammodo
3380 1597 3709 1664 scissamque
3719 1600 3930 1662 pertur-

2362 1701 2476 1761 bat,
2504 1707 2566 1751 ut
2593 1694 2909 1763 sibimetipsi
2935 1708 3040 1747 non
3064 1699 3344 1761 congruat,
3380 1703 3444 1743 ac
3470 1686 3701 1741 formam
3732 1682 3933 1737 intima

2360 1786 2733 1845 similitudinis
2755 1785 2899 1839 velut
2918 1798 3056 1852 aqua
3077 1782 3366 1837 ﬂuctuante
3387 1776 3705 1839 confundat;
3732 1782 3787 1827 et
3809 1774 3931 1827 dum

2368 1894 2464 1932 cor
2507 1876 2726 1929 ﬂuidum
2784 1873 3057 1927 iracundia
3108 1875 3409 1938 permovet,
3478 1873 3729 1932 tanquam
3779 1861 3935 1914 unda:

260 0 1367 256 ,Ἢ
1668 34 1715 37 _

2815 515 2873 572 S.
2894 511 3094 571 PETRI
3130 504 3414 567 DAHIANI
3450 503 3604 561 OPP.
3640 495 3876 556 TOIUS
3911 494 4043 554 SEU
4076 493 4256 552 PARS
4290 491 4378 550 ιιι.
4400 522 4469 535 -
4502 488 4864 551 OPUSCULA
4906 484 5131 543 VARIA.

2596 670 2611 697 ,
2645 643 2762 699 qua:
2789 624 3040 703 nimirum
3081 621 3260 676 cordis
3281 616 3469 673 oculos
3491 656 3505 680 ,
3545 628 3686 684 quos
3716 626 3811 681 per
3839 625 3923 665 sev
3949 616 4000 675 Α
4026 615 4141 664 seet
4163 608 4385 676 spiritus
4409 620 4585 669 meus,
4632 602 4736 659 nisi
4766 612 4927 669 super
4955 596 5211 654 humilem
5243 603 5299 651 et
5321 596 5575 664 quietum,

4028 704 4083 752 et
4130 704 4449 749 trementem
4498 704 4773 747 sermones
4802 687 4986 741 meos?
5019 705 5036 737 ι
5078 685 5230 755 (lani.
5255 686 5419 753 ιιγι.)
5452 681 5579 736 Nam

4029 800 4151 839 cum
4181 784 4437 837 humilem
4470 782 4637 841 dixit,
4672 778 4915 847 quietum
4946 780 5335 843 consequenter
5361 771 5581 836 addidit,

4025 874 4150 944 quia
4174 876 4300 927 dum
4331 875 4411 927 ira
4458 872 4623 929 menti
4656 868 4891 939 quietem
4922 865 5081 921 simul
5129 872 5184 919 et
5230 861 5579 917 humilitatem

4028 965 4329 1027 subtrahit,
4367 977 4518 1017 suam
4545 970 4733 1015 sancto
4762 957 4983 1025 Spiritui
5033 954 5275 1024 protinus
5310 951 5584 1010 habitatio-

4028 1072 4150 1113 nem
4184 1055 4417 1120 claudit;
4445 1054 4705 1121 dumque-
4725 1066 4784 1104 se
4814 1063 4911 1119 per
4960 1047 5156 1101 furoris
5192 1045 5449 1099 insaniam
5479 1041 5583 1098 elo-

4026 1157 4149 1210 vat,
4177 1161 4243 1200 ne
4271 1146 4335 1199 ad
4366 1162 4424 1200 se
4456 1145 4690 1214 Spiritus
4718 1150 4938 1195 sanctus
4966 1138 5218 1201 introeat,
5246 1134 5583 1202 semetipsum

4030 1254 4187 1293 mens
4216 1239 4364 1292 velut
4410 1236 4676 1291 obseratis
4719 1230 4926 1287 foribus
4953 1229 5189 1283 damnat.
5218 1226 5286 1279 Et
5314 1221 5581 1277 sciendum

4027 1327 4170 1398 quod
4202 1328 4281 1380 ira
4318 1340 4457 1395 sape
4489 1321 4894 1391 tranquillitatis
4940 1318 5159 1373 mentita
5206 1314 5469 1376 colorem,
5498 1326 5587 1366 su-

4027 1417 4301 1488 perliciem
4332 1415 4532 1485 quietis
4562 1413 4838 1478 obtendit,
4867 1409 4993 1464 dum
5026 1410 5077 1463 in
5125 1405 5318 1462 furoris
5349 1404 5586 1472 indigna-

4028 1508 4230 1563 tionem
4261 1514 4446 1575 aperte
4476 1519 4580 1557 non
4614 1502 4865 1571 prosilit:
4898 1500 4992 1554 sed
5026 1498 5237 1551 interim
5257 1534 5271 1557 ,
5303 1495 5426 1549 dum
5451 1493 5586 1547 intra

4027 1610 4267 1657 mentem
4294 1598 4441 1652 velut
4469 1598 4522 1651 iu
4566 1595 4777 1650 clibano
4800 1590 5172 1647 vehementius
5212 1594 5398 1643 aestuat
5420 1624 5436 1650 ,
5464 1582 5586 1637 licet

4029 1690 4369 1745 extrinsecus
4417 1694 4627 1751 taceat,
4656 1683 4925 1738 elamosas
4949 1680 5088 1733 intra
5117 1678 5293 1730 forum
5319 1672 5586 1729 conscien-

4032 1779 4120 1834 tiae
4151 1792 4311 1833 voces
4367 1776 4582 1830 format.
4636 1774 4789 1830 Unde
4835 1786 4929 1839 per
4973 1767 5309 1829 Salomonem
5354 1762 5585 1816 dicitur:

4040 1890 4058 1923 ι
4094 1868 4425 1923 Prmstolatio
4458 1866 4741 1934 impiorum
4791 1862 4941 1916 furor
4970 1858 5153 1929 (Prov.
5194 1854 5289 1924 ιι).
5328 1871 5347 1903 ι
5380 1850 5445 1904 Et
5492 1848 5588 1903 Sa-

2363 1966 2674 2020 ﬂuctuantis
2709 1965 2884 2033 iznago
2945 1962 3175 2031 propria:
3223 1958 3416 2026 origini
3465 1972 3570 2011 non
3625 1954 3929 2022 respondet.
3966 1954 4007 2013 Β
4036 1960 4187 2029 piens
4214 1957 4429 2024 quidam
4460 1954 4537 2007 ait
4570 1971 4582 2005 :
4621 1972 4638 2004 ι
4672 1950 5041 2021 Cogitationes
5086 1941 5325 1998 iracundi
5368 1940 5587 2007 viperea

2364 2057 2471 2115 Per
2502 2058 2636 2111 iram
2666 2056 2899 2125 denique
2923 2054 3183 2123 sapientia
3209 2048 3473 2122 perditur,
3502 2059 3560 2103 ut
3586 2047 3735 2116 quid,
3762 2059 3935 2113 quove

2367 2150 2561 2205 ordine
2584 2148 2845 2215 agendum
2876 2146 2977 2219 sit,
3001 2146 3295 2213 ignoretur.
3350 2141 3501 2197 Unde
3530 2139 3787 2206 scriptum
3811 2142 3894 2187 est
3919 2149 3933 2185 :

2373 2256 2395 2291 ε
2432 2239 2514 2291 lra
2552 2238 2603 2289 in
2633 2237 2751 2289 sinu
2781 2234 2930 2290 stulti
2967 2233 3255 2302 requiescit
3281 2229 3480 2301 (Eccle.
3511 2229 3626 2296 vn).
3665 2245 3684 2277 ι
3717 2226 3789 2279 De
3831 2236 3935 2290 qua

2366 2326 2495 2381 alibi
2525 2325 2719 2393 legitur
2749 2340 2762 2377 :
2797 2341 2815 2373 ι
2853 2322 2931 2375 Ira
2960 2322 3137 2391 perdit
3180 2321 3343 2377 etiam
3390 2318 3710 2387 prudentes;
3759 2330 3778 2364 ι
3810 2312 3935 2379 quia

2366 2416 2615 2471 videlicet
2645 2413 2898 2469 confusus
2926 2412 3168 2471 animus,
3199 2409 3411 2477 etiamsi
3448 2406 3620 2459 valeat
3656 2402 3783 2472 quid
3812 2400 3935 2455 sub-

2368 2506 2542 2561 tiliter
2566 2504 2889 2574 intelligere,
2923 2501 3131 2557 lethalis
3176 2499 3293 2553 vitii
3340 2498 3478 2552 mole
3515 2497 3803 2564 depressus
3833 2506 3938 2545 non

2368 2598 2517 2651 valet
2536 2598 2769 2665 explere.
2798 2593 2965 2647 Porro
2990 2600 3169 2645 autem
3194 2590 3287 2659 qui
3318 2588 3595 2642 consuevit
3628 2583 3939 2650 frequenter

2372 2686 2565 2750 irasci,
2592 2684 2859 2752 justitiam
2906 2696 3177 2748 nunquam
3226 2678 3421 2748 poterit
3462 2674 3696 2745 Operari.
3728 2669 3935 2723 Mentiri

2371 2791 2463 2834 me
2493 2776 2722 2828 fortasse
2743 2772 2864 2841 quis
2890 2770 3114 2831 diceret,
3142 2768 3185 2821 si
3214 2766 3486 2836 apostolus
3509 2764 3560 2816 in
3591 2754 3809 2830 epistola
3834 2773 3935 2811 non

2367 2864 2722 2933 scripsisset:
2765 2879 2784 2912 ‹
2821 2860 2903 2912 lra
2945 2860 3042 2911 viri
3081 2858 3345 2927 justitiam
3392 2855 3481 2908 Dei
3534 2868 3640 2906 non
3686 2858 3941 2919 operatur

2370 2953 2515 3018 Uno.
2553 2951 2614 3021 I).
2658 2969 2676 3001 ι
2712 2948 2846 3003 Nam
2882 2948 3007 3002 dum
3033 2947 3343 3017 perturbata
3370 2958 3519 2997 mens
3542 2942 3803 3009 judicium
3831 2950 3942 2989 sua:

2398 3021 2599 3095 ationis
2641 3044 2956 3105 exasperat,
3007 3049 3112 3087 non
3161 3033 3302 3101 quod
3347 3031 3487 3085 Deus
3529 3028 3800 3099 praecipit,
3848 3022 3943 3078 sed

2403 3130 2522 3197 god
2551 3127 2700 3181 furor
2729 3124 2968 3194 suggerit
3000 3130 3208 3175 rectum
3237 3128 3413 3189 putat.

2444 3219 2656 3286 Quanta
2682 3230 2809 3270 sane
2838 3216 2908 3268 sit
2935 3212 3225 3267 iracundia:
3246 3210 3453 3277 pestis,
3488 3208 3539 3261 in
3570 3208 3670 3260 hoc
3696 3213 3944 3276 patenter

2374 3306 2717 3377 exprimitur,
2764 3312 2884 3358 eum
2934 3304 3087 3355 nobis
3147 3298 3388 3353 iracundi
3436 3296 3668 3351 hominis
3718 3283 4017 3348 societasC

2373 3399 2730 3473 prohibetur;
2771 3401 2827 3448 et
2854 3391 3005 3460 quasi
3037 3405 3133 3460 per
3162 3389 3395 3456 antiquae
3423 3386 3703 3454 scriptura:
3731 3391 3945 3437 senten-

2373 3488 2507 3546 tiam
2534 3486 2762 3555 quadam
2784 3484 2927 3553 jam,
2957 3490 3015 3533 ut
3042 3482 3114 3533 ita
3163 3478 3353 3541 fatear,
3392 3473 3947 3531 excommunicatione

2386 3575 2706 3637 oercellitur,
2739 3572 2863 3626 dum
2893 3586 2921 3623 a
2946 3569 3316 3638 proximorum
3343 3579 3566 3625 suorum
3594 3562 3948 3618 contubernio

2386 3674 2677 3737 reparatur.
2704 3663 2793 3715 Ait
2833 3662 2977 3715 enim
3022 3658 3275 3712 Salomon
3303 3674 3317 3710 :
3354 3674 3372 3707 ι
3404 3655 3518 3709 Noﬁ
3552 3666 3671 3709 esse
3700 3654 3948 3708 assiduus

2391 3774 2506 3818 eum
2538 3754 2754 3810 homine
2794 3752 3084 3813 iracundo,
3116 3764 3182 3803 ne
3214 3750 3391 3803 discas
3437 3748 3661 3802 semitas
3708 3746 3857 3814 ejus,
3895 3752 3950 3797 et

2381 3861 2563 3908 minas
2588 3844 2897 3898 scandalum
2922 3842 3124 3894 animae
3149 3850 3254 3893 tua:
3278 3839 3463 3911 (Prov.
3511 3838 3665 3906 xxii).
3706 3857 3724 3889 ι
3757 3837 3823 3890 Et
3851 3838 3952 3889 ite-

2381 3953 2503 3999 tuin
2535 3954 2549 3990 :
2582 3955 2602 3986 ι
2636 3933 2964 3995 Moliusest,
2997 3932 3202 4001 inquit,
3232 3932 3421 3985 sedere
3464 3930 3518 3984 in
3547 3929 3741 3999 angulo
3769 3930 3954 3982 doma-

2385 4029 2489 4091 εἰς,
2515 4041 2674 4095 quam
2704 4038 2825 4079 cum
2857 4021 3082 4077 muliere
3114 4022 3341 4091 litigiosa
3391 4030 3445 4075 et
3492 4020 3545 4073 in
3591 4019 3752 4074 domo
3801 4032 3950 4072 com-

2398 4120 2534 4170 nuni
2566 4112 2745 4183 (Prov.
2776 4114 2912 4180 XXI).
2950 4132 2967 4164 ι
3007 4111 3154 4165 Unde
3186 4110 3350 4182 674
3376 4110 3467 4178 qui
3502 4124 3562 4163 se
3603 4124 3672 4162 ex
3720 4110 3953 4161 humana

2388 4206 2601 4259 vatione
2629 4219 2732 4256 non
2769 4211 3066 4270 temperat,
3096 4216 3317 4255 necesse
3368 4210 3451 4255 est
3498 4210 3555 4253 ut
3584 4201 3729 4253 solus
3760 4200 3957 4253 bestia-

2399 4297 2517 4350 liter
2547 4294 2707 4346 vivat.
2737 4292 2839 4346 Per
2866 4294 2997 4345 iram
3030 4306 3159 4345 sane
3183 4291 3467 4345 concordia
3501 4290 3785 4358 rumpitur,
3817 4290 3957 4343 unde

2389 4384 2814 4440 cohabitantium
2851 4395 2990 4449 saepe
3046 4381 3279 4435 societas
3328 4380 3576 4433 violatur.
3626 4379 3777 4432 Sicut
3824 4378 3956 4432 scri-

2388 4484 2539 4544 ptum
2568 4480 2686 4525 est:
2716 4490 2734 4522 ι
2762 4472 2851 4523 Vir
2881 4472 3154 4524 animosus
3174 4471 3313 4539 parit
3344 4470 3509 4532 rixas,
3544 4479 3599 4523 et
3628 4470 3708 4522 vir
3740 4471 3956 4522 iracun-

2390 4564 2491 4617 dus
2513 4560 2697 4615 eﬂodit
2726 4568 2945 4629 peccata
2993 4557 3170 4626 (Prov.
3220 4558 3395 4627 xxix).
3437 4576 3455 4609 ι
3488 4558 3713 4612 Peccata
3763 4573 3956 4625 nempe

2391 4651 2681 4706 iracundus
2737 4650 3048 4719 perhibetur
3091 4648 3351 4712 effodere,
3382 4648 3505 4716 quia
3554 4648 3720 4702 malos
3749 4650 3945 4711 etiam,

2396 4754 2526 4809 quos
2553 4740 2618 4791 ad
2663 4739 2855 4793 furoris
2888 4740 3153 4793 insaniam
3195 4748 3485 4807 provocat,
3515 4740 3658 4808 cogit
3703 4748 3759 4792 ut
3807 4740 3958 4793 dete-

2425 4829 2568 4883 iores
2594 4842 2687 4897 per
2721 4827 3107 4897 impatientiam
3147 4827 3298 4879 ﬁant.

3004 4915 3225 4971 CAPUT
3265 4917 3349 4969 ill.

2629 5006 2779 5071 Quod
2806 5008 2886 5060 ira
2914 5005 3165 5075 Spiritum
3196 5016 3431 5060 sanctum
3464 5007 3725 5061 excludat.

2462 5096 2570 5151 Per
2598 5096 2731 5149 iram
2757 5102 3017 5165 prmterea
3052 5094 3142 5149 lux
3176 5095 3415 5149 veritatis
3460 5097 3746 5159 amittitur,
3781 5105 3833 5149 et
3864 5096 3960 5150 ob-

2399 5191 2691 5245 tenebratze
2738 5188 2932 5241 mentis
2976 5188 3249 5242 obtutibus
3295 5188 3564 5242 inoccidui
3611 5188 3739 5241 solis
3780 5188 3961 5239 radius

2400 5280 2721 5336 occultatur.
2749 5276 2901 5331 Unde
2926 5277 3055 5333 dicit
3082 5279 3409 5346 Apostolus:
3441 5297 3458 5329 ι
3490 5277 3581 5331 Sol
3612 5293 3717 5331 non
3748 5278 3959 5331 occidat

2400 5383 2564 5439 super
2596 5366 2928 5421 iracundiam
2956 5378 3185 5421 vestram
3220 5368 3434 5438 (Ephes.
3484 5367 3580 5439 ιν).
3619 5386 3638 5417 ι
3675 5367 3807 5421 Nam
3839 5384 3959 5422 cum

2404 5456 2680 5512 iracundia
2730 5455 2895 5509 menti
2926 5455 3254 5512 confusionis
3298 5460 3547 5514 tenebras
3580 5460 3804 5525 incutit,
3837 5460 3964 5514 huic

2410 5547 2549 5602 Deus
2578 5548 2717 5600 illico
2752 5548 2959 5601 radium
2998 5563 3107 5602 suae
3157 5550 3479 5619 cognitionis
3526 5551 3830 5607 abscondit.
3864 5550 3967 5603 Per

2409 5636 2545 5690 iram
2570 5645 2714 5689 certe
2735 5637 2902 5691 saneti
2928 5636 3159 5705 Spiritus
3182 5637 3435 5706 splendor
3456 5639 3781 5703 excluditur,
3812 5638 3965 5707 cujus

2412 5726 2612 5781 Scilicet
2634 5727 2987 5781 habitaculum
3012 5728 3125 5782 ﬂeri
3149 5744 3298 5785 meus
3316 5731 3561 5800 improba
3580 5748 3684 5786 non
3708 5742 3963 5787 meretur.

2419 5817 2563 5876 Unde
2590 5834 2683 5885 per
2706 5819 3017 5890 prophetam
3046 5821 3279 5877 dicitur:
3312 5840 3332 5874 ι
3362 5821 3535 5892 Super
3567 5838 3724 5891 quem
3753 5824 3963 5896 requie-

3987 4617 4034 4677 D

4037 2056 4159 2102 sunt
4173 2045 4571 2114 generationes,
4590 2050 4821 2095 mentem
4838 2037 5124 2092 comedunt
5143 2041 5364 2085 matrem
5383 2042 5583 2082 suam.»

4037 2112 4278 2190 Tradunt
4332 2142 4515 2185 autem
4565 2128 4773 2198 physici
4816 2125 4959 2195 quod
5002 2123 5180 2176 anima
5233 2116 5461 2172 hominis
5488 2112 5588 2168 tri-

4035 2225 4229 2295 partita
4272 2223 4359 2275 sit.
4394 2220 4484 2273 Est
4517 2220 4694 2280 enim,
4731 2225 4790 2270 ut
4823 2215 5008 2277 aiunt,
5045 2207 5321 2264 rationalis
5344 2245 5357 2270 ,
5405 2201 5588 2258 irasci-

4036 2316 4189 2377 bilis,
4221 2308 4683 2381 concupiscibilis.

4106 2404 4221 2459 Non
4243 2418 4370 2471 ergo
4393 2378 4506 2455 sine
4534 2412 4727 2469 magno
4750 2394 4933 2450 labore
4953 2378 5328 2458 compescitur,
5352 2396 5469 2453 quae
5487 2394 5589 2436 non

4039 2510 4134 2566 per
4155 2470 4404 2546 accidens
4435 2491 4627 2552 oritur,
4667 2488 4760 2542 sed
4796 2482 5121 2539 naturaliter
5154 2478 5311 2531 insita
5342 2470 5584 2541 perbibe-

4040 2564 4145 2638 tur.
4188 2584 4569 2637 Verumtamen
4620 2577 4879 2630 adversus
4910 2574 5011 2626 hoc
5058 2570 5269 2628 vitium,
5308 2564 5451 2617 sicut
5495 2572 5589 2614 nec

4042 2676 4300 2728 adversus
4352 2667 4876 2737 concupiscentiam,
4941 2671 5274 2727 nequaquam
5341 2653 5590 2705 debemus

4042 2764 4331 2829 desperare
4359 2758 4662 2812 victoriam.
4694 2754 4896 2807 Natura
4924 2749 5118 2817 quippe
5146 2753 5346 2804 nostra,
5382 2741 5463 2794 cui
5490 2738 5592 2794 sci-

4043 2828 4167 2906 licet
4193 2852 4291 2903 ista
4324 2850 4576 2903 dicuntur
4603 2843 4938 2914 originaliter
4966 2840 5125 2893 insita
5147 2876 5164 2900 ,
5192 2850 5257 2889 ex
5298 2832 5453 2902 primi
5478 2828 5592 2897 qui-

4044 2941 4165 2996 dem
4211 2938 4450 3009 parentis
4496 2946 4580 2989 est
4622 2931 5049 3002 transgressione
5081 2934 5359 2993 corrupta,
5405 2923 5497 2976 sed
5526 2917 5590 2973 ad

4048 3039 4246 3087 statum
4270 3026 4657 3083 incolumitatis
4677 3024 4913 3093 pristina:
4935 3034 5029 3087 per
5052 3016 5215 3071 nostri
5230 3009 5593 3080 Redemptoris

4047 3129 4131 3175 est
4160 3120 4387 3188 gratiam
4420 3116 4733 3169 reformata.
4771 3111 4835 3165 Et
4860 3110 4985 3163 licet
5017 3107 5102 3160 lex
5147 3104 5322 3159 carnis
5353 3116 5471 3154 cum
5492 3098 5594 3167 spi-

4052 3210 4185 3261 ritus
4237 3209 4352 3275 lege
4402 3204 4679 3273 conﬂigat,
4713 3200 4867 3255 facile
4916 3214 5067 3251 mens
5115 3202 5293 3249 nostra
5323 3188 5596 3244 vetustatis

4050 3315 4157 3353 suae
4189 3300 4435 3351 tenebras
4466 3302 4712 3363 superat,
4745 3293 4788 3345 si
4816 3291 4869 3344 in
4899 3304 4964 3344 eo
5014 3302 5172 3355 quem
5200 3293 5445 3337 renovata
5469 3295 5597 3333 cou-

4050 3390 4191 3455 cepit
4234 3387 4414 3454 vigore
4444 3382 4679 3437 cwlestis
4706 3380 4891 3449 gratiae
4916 3384 5246 3447 perseverat.
5302 3371 5447 3425 Unde
5471 3368 5598 3421 dicit

4049 3476 4337 3543 Apostolus
4363 3492 4374 3526 :
4410 3491 4427 3522 ι
4460 3473 4569 3525 Lex
4598 3472 4741 3524 enim
4767 3470 4991 3538 spiritus
5017 3468 5137 3519 vita:
5170 3465 5220 3516 in
5248 3462 5458 3515 Christo
5476 3456 5598 3513 Jesu

4050 3565 4301 3619 liberavit
4325 3579 4409 3617 me
4440 3579 4469 3615 a
4523 3562 4639 3629 lege
4673 3559 4877 3629 peccati
4909 3568 4964 3611 et
4993 3556 5178 3611 mortis
5204 3552 5376 3624 (Rom.
5407 3550 5542 3618 riu);
5574 3565 5597 3602 ι

4048 3656 4136 3709 ubi
4171 3670 4293 3707 mox
4324 3654 4537 3706 additur
4566 3666 4580 3704 :
4610 3671 4626 3702 ι
4660 3650 4792 3703 Nam
4824 3649 4963 3717 quod
4988 3644 5317 3715 impossibile
5337 3651 5453 3693 erat
5475 3636 5600 3709 logi,

4051 3748 4103 3801 in
4132 3764 4235 3816 quo
4270 3745 4643 3798 inﬁrmabatur
4673 3758 4769 3813 per
4798 3738 5198 3794 carnem:Deus
5224 3724 5413 3787 Filium
5444 3742 5599 3785 suum

4051 3838 4199 3891 misit
4230 3839 4277 3888 in
4309 3834 4711 3888 similitudinem
4742 3831 4923 3885 carnis
4949 3827 5150 3898 peccati
5170 3865 5185 3888 ,
5216 3834 5266 3877 et
5297 3824 5360 3876 de
5388 3827 5601 3889 peccato

4053 3929 4329 3985 damnavit
4353 3936 4633 3996 peccaturo
4684 3925 4738 3976 in
4781 3936 4978 3982 carne,
5029 3928 5087 3972 ut
5128 3913 5437 3984 justiticatio
5477 3910 5601 3979 legis

4056 4020 4371 4089 impleretur
4398 4018 4453 4071 in
4483 4018 4635 4071 nobis
4665 4015 4873 4087 tlbid.).
4914 4031 4931 4063 ι
4967 4010 5133 4065 Porro
5166 4008 5208 4061 si
5247 4007 5323 4059 ira
5371 4003 5452 4056 vel
5482 4016 5601 4054 con-

4055 4111 4385 4179 cupiscentia
4404 4150 4419 4173 ,
4448 4124 4566 4177 qua:
4599 4108 4750 4161 nobis
4778 4106 5032 4160 dicuntur
5057 4099 5370 4156 naturaliter
5398 4096 5603 4161 insita),

4056 4218 4152 4273 per
4181 4204 4416 4271 vigorem
4443 4201 4662 4270 Spiritus
4702 4197 4941 4267 superari
4989 4210 5092 4249 non
5139 4198 5386 4262 possent,
5415 4198 5603 4255 nequa-

4058 4310 4216 4365 quam
4256 4296 4396 4346 idcm
4445 4293 4763 4362 praedicator
4788 4287 4951 4360 675
4994 4286 5236 4356 egregius
5265 4277 5604 4350 impossibilia

4056 4386 4417 4454 prazcepisset.
4449 4384 4541 4435 Ait
4568 4382 4710 4435 enim
4744 4398 4757 4432 :
4794 4396 4811 4429 ι
4847 4378 4995 4431 Νυηο
5045 4384 5219 4428 autem
5267 4370 5516 4438 deponite
5553 4376 5607 4422 et

4056 4493 4152 4531 vos
4180 4478 4394 4539 omnia,
4424 4476 4593 4539 iram,
4627 4473 5043 4542 indignationem
5072 4467 5293 4537 (Calais;
5323 4463 5423 4531 ιιι).
5460 4481 5479 4512 ι
5530 4458 5608 4514 Ad

4059 4572 4319 4638 Ephesios
4347 4583 4560 4635 quoque
4589 4584 4601 4618 :
4637 4585 4654 4616 ι
4688 4564 4873 4618 Omnis
4895 4604 4909 4627 ,
4956 4561 5157 4629 inquit,
5205 4553 5500 4609 amaritudo
5519 4592 5533 4613 ,
5556 4557 5609 4605 et

4063 4661 4141 4713 ira
4163 4700 4175 4721 ,
4209 4670 4263 4711 et
4287 4660 4611 4727 indignatio,
4644 4667 4697 4710 et
4726 4657 4948 4713 clamor,
4970 4661 5022 4706 et
5047 4646 5365 4717 blasphemia
5397 4643 5611 4696 tollatur

4063 4765 4094 4803 a
4131 4752 4283 4801 vobis
4316 4764 4436 4802 cum
4472 4748 4617 4800 omni
4649 4746 4846 4799 malitia
4878 4742 5088 4810 (Ep/tes.
5120 4739 5213 4806 iv).
5253 4755 5271 4786 ι
5308 4736 5378 4787 De
5415 4746 5611 4785 concu-

4064 4840 4325 4909 piscentia
4373 4854 4498 4891 vero
4528 4836 4850 4906 superﬂuum
4881 4842 4962 4887 est
5000 4828 5237 4898 exempla
5281 4836 5609 4895 proponere,

4066 4946 4224 4997 quam
4250 4939 4303 4983 et
4332 4931 4413 4982 lex
4441 4930 4659 4997 antiqua
4688 4935 4831 4979 vetat
4851 4965 4866 4987 ,
4892 4933 4947 4979 et
4971 4922 5144 4979 omnis
5172 4930 5442 4973 sacrarum
5470 4912 5613 4969 Scri-

4067 5029 4340 5088 pturarnm
4371 5034 4593 5073 censura
4622 5018 4959 5072 condemnat.

4141 5107 4391 5175 Superari
4427 5124 4555 5177 ergo
4582 5123 4677 5177 per
4708 5108 4940 5159 divinam
4972 5102 5196 5174 gratiam
5248 5108 5467 5169 possunt
5495 5108 5614 5165 qua

4067 5200 4303 5267 superari
4340 5215 4435 5267 per
4469 5198 4645 5250 divina
4679 5195 4923 5248 mandata
4953 5192 5226 5259 jubentur.
5278 5188 5411 5254 Quid
5456 5187 5616 5256 igitur

4067 5289 4144 5353 ira
4175 5290 4411 5343 deterius
4430 5330 4443 5353 ,
4473 5304 4593 5357 qum
4619 5287 4868 5340 nimirum
4891 5285 4955 5339 de
4985 5284 5105 5338 felle
5140 5280 5339 5349 antiqui
5366 5278 5613 5333 draconis

4066 5380 4352 5439 evomitur,
4384 5388 4435 5431 et
4464 5387 4522 5431 ut
4569 5393 4626 5431 re
4675 5392 4800 5431 vera
4834 5375 5028 5429 lethale
5064 5375 5209 5428 virus
5239 5374 5287 5427 in
5320 5370 5500 5424 furiosi
5526 5386 5591 5426 cu

3989 5512 3999 5523 .
4062 5466 4294 5536 juspiam
4324 5468 4483 5520 corde
4518 5465 4833 5535 grassatur?
4886 5483 4904 5516 ‹
4936 5466 5015 5519 ira
5056 5484 5075 5517 ι
5124 5463 5418 5533 siquidem,
5473 5461 5612 5514 sicut

4066 5558 4321 5625 scriptum
4352 5567 4462 5621 est,
4516 5575 4533 5606 ι
4570 5558 4885 5611 ἀςιτιιιοηίιιιιι
4931 5557 5090 5610 habet
5136 5553 5183 5625 (1
5223 5554 5342 5621 Reg.
5377 5556 5547 5615 xviii).
5586 5566 5605 5603 ι

4068 5646 4218 5713 Quod
4262 5648 4423 5701 etiam
4452 5648 4821 5714 experimento
4850 5647 5240 5717 dignoscimus,
5272 5644 5313 5696 si
5340 5641 5465 5696 Saul
5507 5640 5612 5695 ira-

4068 5738 4267 5789 scentis
4320 5738 4598 5791 historiam
4651 5752 4747 5806 per
4793 5736 5034 5791 ordinem
5084 5732 5483 5803 perpendamus.
5525 5730 5613 5785 Ait

4071 5827 4213 5883 enim
4244 5825 4521 5895 Scriptura
4558 5844 4570 5879 :
4602 5844 4619 5877 ι
4655 5824 4788 5892 Quia
4816 5840 4937 5880 cum
4961 5810 5219 5879 'muliercs
5261 5820 5610 5877 lsraclitarum
