5882 6596
893 441 997 500 153

891 556 1135 613 ludentes
1168 554 1223 609 in
1266 550 1482 617 sistris,
1524 559 1580 605 et
1608 545 1809 601 Latitiae
1850 540 2123 613 tympanis
2168 538 2463 594 canerent,
2495 533 2542 591 Α
2569 523 2817 617 pervenit

888 646 1154 719 percussit
1184 643 1313 699 Saul
1339 643 1517 705 mille,
1551 655 1605 693 et
1630 635 1798 692 Βενιά
1843 633 2027 687 decem
2059 628 2262 692 millia;
2296 626 2469 678 iratus

893 745 974 790 est
994 733 1121 788 Saul
1139 732 1320 797 nimis,
1336 741 1391 785 et
1412 728 1685 799 displicuit
1706 726 1759 778 in
1785 722 1959 777 oculis
1973 722 2087 791 ejus
2110 722 2211 773 iste
2230 728 2429 771 sermo.
2443 731 2461 764 ι

893 823 1092 880 Deinde
1113 823 1413 877 subinfert:
1442 839 1460 871 ι
1489 820 1617 873 Post
1635 817 1777 870 diem
1807 821 1986 866 autem
2017 811 2244 865 alterum
2270 804 2468 860 invasit

893 913 1113 984 spiritus
1137 914 1226 966 Dei
1261 912 1433 967 malus
1464 909 1611 970 Saul,
1634 917 1689 961 et
1710 904 2064 975 prophetabat
2087 902 2139 954 in
2166 898 2343 981 medio
2374 894 2469 949 do-

888 977 1012 1060 mus
1054 1018 1164 1058 suae
1208 1002 1279 1073 (I
1325 1002 1449 1070 Reg.
1506 998 1697 1069 xviii).
1737 1016 1756 1048 ι
1796 996 1936 1050 Ecce
1979 992 2178 1060 liquido
2223 977 2467 1042 videmus

889 1095 1034 1165 quod
1064 1096 1325 1165 scriptum
1357 1092 1612 1160 legimus,
1647 1089 1783 1141 iram
1809 1086 2014 1141 scilicet
2035 1083 2236 1136 habere
2266 1080 2466 1134 daemo-

886 1183 1058 1238 nium.
1093 1183 1147 1237 ln
1180 1182 1307 1236 Saul
1354 1180 1496 1233 enim
1544 1193 1640 1230 eor
1669 1177 1746 1229 ira
1781 1174 2060 1243 praecessit
2081 1212 2094 1232 ,
2126 1181 2179 1223 et
2210 1184 2333 1221 mox
2366 1181 2461 1220 ne-

885 1272 1074 1341 quitia:
1094 1271 1340 1339 spiritum
1368 1266 1695 1321 introduxit:
1722 1264 1913 1317 dehinc
1936 1260 2280 1327 abreptitium
2308 1272 2464 1311 suum

886 1361 947 1417 in
974 1360 1147 1415 zelum
1175 1357 1357 1413 vesani
1384 1355 1583 1409 furoris
1611 1353 1877 1409 accendit.
1910 1367 1973 1405 ac
2000 1352 2067 1404 ad
2095 1347 2465 1417 perimendum

883 1448 1078 1513 David,
1101 1462 1258 1516 quem
1290 1454 1511 1499 sanctus
1536 1442 1871 1496 inbabitabat
1898 1440 2165 1508 Spiritus,
2200 1437 2463 1491 incitavit.

884 1537 1023 1593 Nam
1045 1576 1059 1600 ,
1090 1545 1228 1591 teste
1263 1536 1545 1604 Scriptura
1578 1550 1589 1586 :
1642 1550 1661 1583 ι
1701 1531 1946 1584 Tenebat
1974 1528 2101 1581 Saul
2134 1528 2378 1580 lanceam
2412 1533 2467 1578 et

882 1628 1036 1683 misit
1065 1641 1184 1681 eam
1207 1668 1221 1691 ,
1246 1634 1439 1696 putans
1466 1625 1608 1693 quod
1640 1624 1909 1690 conligere
1938 1630 2119 1690 posset
2143 1618 2311 1671 David
2340 1632 2464 1680 eum

882 1718 1095 1789 pariete
1144 1714 1355 1788 (ιδιά).
1397 1733 1415 1766 ι
1464 1714 1751 1767 Fremebat
1807 1710 1952 1765 enim
1998 1710 2051 1762 in
2101 1708 2320 1762 vasculo
2367 1722 2467 1763 suo

885 1816 1085 1863 auctor
1129 1805 1422 1860 iracundia:
1459 1804 1715 1872 spiritus,
1750 1814 1979 1867 eumque
2010 1798 2271 1853 adversus
2316 1796 2468 1852 iuno-

875 1910 1096 1957 centeni
1127 1898 1310 1952 feralis
1340 1897 1557 1951 invidia:
1587 1894 1795 1948 facibus
1821 1889 2206 1946 inﬂammabat.

1482 2009 1710 2065 CAPUT
1768 2008 1858 2061 IV.

945 2102 1256 2171 Exemplum
1282 2100 1566 2171 presbyteri
1601 2110 1812 2219 proptir
1841 2094 2172 2150 iracundiam
2200 2090 2409 2146 diabolo

1517 2186 1758 2219 mancum
1785 2184 1825 2219 ι.

1517 2184 1825 2237 mancipati.

953 2264 1051 2321 Cui
1077 2264 1463 2334 propemodum
1494 2259 1775 2317 consimile
1820 2258 1950 2327 quid
1983 2256 2035 2310 in
2071 2254 2319 2311 Urbinati
2354 2262 2465 2307 ter-

879 2355 1073 2411 ritorio
1116 2355 1228 2422 jam
1268 2354 1379 2408 fere
1407 2370 1436 2405 a
1467 2352 1732 2407 decennio
1760 2350 2019 2417 contigit,
2067 2347 2210 2415 quod
2245 2347 2309 2399 ad
2367 2360 2464 2397 no-

878 2454 1055 2500 stram
1104 2444 1349 2513 profecto
1377 2444 1646 2503 notitiam,
1677 2442 1789 2510 ipsa
1837 2440 2015 2508 potius
2056 2438 2129 2491 rei
2178 2435 2463 2499 prmsentia

876 2551 1045 2607 quam
1073 2536 1209 2589 fama
1238 2537 1509 2605 vulgante,
1527 2535 1787 2603 pervenit.
1803 2533 2295 2601 Advesperascente
2307 2530 2464 2598 quip-

876 2642 950 2700 pe
974 2626 1083 2695 jam
1109 2628 1226 2691 die,
1276 2628 1327 2681 in
1360 2627 1586 2680 duorum
1619 2624 1970 2693 quorumdam
2021 2623 2464 2692 presbyterorum

882 2720 1143 2775 cordibus
1172 2720 1251 2773 sol
1288 2718 1599 2772 inocciduus
1620 2717 1920 2777 occidebat,
1949 2728 2149 2780 eosque
2178 2712 2463 2765 adversum

876 2827 937 2867 se
966 2812 1167 2865 mutuis
1194 2809 1511 2877 iujuriarum
1545 2808 1955 2876 jurgiorumque
1982 2803 2241 2858 conviciis
2276 2810 2464 2868 auctor

876 2902 1162 2958 discordia:
1205 2903 1427 2970 spiritus
1474 2901 1821 2954 accendebat.
1875 2898 2117 2964 Cumque
2184 2897 2465 2966 presbyter

872 2993 1375 3063 compresbyterum
1410 2989 1691 3058 probrosis
1726 2987 2182 3042 contumeliarum
2248 2986 2462 3039 irrisio-

873 3082 1038 3136 nibus
1066 3082 1356 3143 laceraret,
1389 3088 1443 3132 et
1475 3078 1612 3132 alter
1641 3078 1869 3132 alterum
1896 3077 2064 3131 multo
2090 3076 2462 3130 mordacitatis

872 3174 992 3229 sale
1045 3173 1565 3240 maledictorumque
1631 3169 1986 3223 relationibus
2033 3168 2459 3235 conspersisset,

872 3280 1019 3321 unus
1049 3278 1233 3318 eorum
1281 3262 1568 3316 minaciter
1613 3260 1899 3323 intonans,
1948 3266 2002 3313 et
2048 3257 2298 3311 dentibus
2330 3266 2409 3311 str

872 3356 1049 3418 dens,
1079 3362 1326 3421 correpta
1377 3352 1565 3404 lancea
1614 3350 1717 3403 iter
1751 3349 2007 3417 arripuit,
2055 3356 2220 3414 atque
2262 3347 2327 3399 ad
2358 3346 2455 3399 do-

872 3462 1025 3503 mum
1058 3462 1209 3500 suam
1248 3444 1459 3512 longius
1510 3441 1897 3503 constitutam,
1934 3439 2239 3493 furibundis
2267 3453 2462 3507 prope-

871 3552 1003 3592 rare
1029 3536 1305 3605 gressibus
1334 3535 1518 3603 coepit.
1570 3531 1675 3587 Sed
1724 3546 1849 3586 cum
1879 3530 2027 3584 illum
2060 3529 2171 3597 jam
2206 3544 2459 3598 superve-

872 3627 1036 3681 niens
1066 3625 1237 3692 caligo
1270 3624 1441 3677 noctis
1475 3623 1810 3684 obnuberet,
1854 3635 1949 3673 cor
1980 3621 2141 3672 etiam
2173 3619 2460 3673 interiores

868 3716 1118 3769 tenebrae
1149 3712 1506 3781 pern’niosius
1528 3710 1886 3780 possiderent,
1912 3724 2038 3763 ecce
2060 3709 2296 3777 quinque
2317 3709 2455 3777 ιιίμί

868 3806 1089 3874 equites
1110 3818 1230 3857 cum
1253 3801 1476 3855 caballis
1498 3816 1651 3870 aeque
1675 3800 2013 3870 nigrantibus
2033 3800 2273 3861 obviant,
2298 3799 2458 3867 eique

866 3894 916 3949 is
946 3894 1042 3963 qui
1087 3891 1257 3959 major
1284 3892 1422 3944 inter
1458 3906 1551 3945 eos
1610 3891 1895 3943 videbatur
1946 3888 2212 3942 insultat:
2268 3890 2452 3955 Szepe,

866 3984 1082 4053 inquit,
1132 3982 1338 4045 institi,
1375 3990 1434 4034 ut
1465 3988 1516 4034 te
1560 3980 1691 4034 mihi
1725 3980 2017 4042 subderes,
2060 3986 2120 4031 ut
2149 3978 2201 4031 in
2233 3976 2457 4031 cliente-

865 4073 975 4128 lam
1007 4085 1253 4126 tneorum
1277 4069 1743 4125 eontubernalinm
1772 4068 2075 4123 devenires.

939 4161 1131 4216 Toties
1155 4162 1333 4229 itaque
1354 4160 1773 4227 subter-fugiens,
1797 4159 1907 4227 jam
1924 4173 2027 4210 non
2052 4154 2453 4225 poterisjugum

861 4265 1004 4305 mete
1026 4250 1251 4303 ditionis
1268 4249 1516 4302 evadere.
1537 4247 1833 4302 Videbatur
1855 4249 1997 4300 enim
2016 4248 2213 4301 nobilis
2236 4248 2452 4315 quidam

865 4337 957 4395 vir
983 4353 1132 4401 esse,
1169 4338 1439 4392 Romanus
1484 4323 1729 4402 nomine,
1779 4338 1943 4408 676
1990 4339 2079 4406 qui
2140 4337 2455 4404 frequenter

862 4445 992 4485 cum
1017 4427 1428 4491 sollicitaverat,
1458 4436 1515 4479 ut
1541 4428 1641 4480 sibi
1675 4427 1922 4481 subditus
1955 4426 2127 4481 fieret.
2162 4424 2449 4497 Prcsbyler

855 4518 1051 4588 itaque
1082 4517 1232 4570 nimii
1265 4518 1487 4570 terroris
1516 4518 1744 4570 horrore
1792 4518 2100 4585 perculsus,
2155 4518 2220 4570 ad
2266 4516 2447 4583 pracci-

1913 422 2159 486 OPUSC.
2195 419 2309 479 XL.
2349 449 2418 461 —
2456 415 2546 474 DE
2583 408 2956 470 FRENANDA
2994 406 3133 464 lRA.

4040 397 4149 452 654

2866 538 2881 574 :
2926 519 3087 591 paulo
3131 524 3253 587 post
3296 515 3363 569 ad
3407 512 3720 584 episcopum
3768 526 3923 567 suum
3955 521 4157 567 sancta:

2570 613 2877 676 memoriae,
2909 609 3216 662 Teuzonem
3244 604 3485 668 nomine,
3512 617 3597 657 me
3622 614 3838 672 quoque
3866 609 4155 670 przesente,

2569 702 2904 776 poenitentia:
2933 698 3208 767 ﬂagitator
3237 695 3486 750 accessit.
3526 693 3621 748 Cui
3653 708 3779 746 mox
3807 690 4161 747 sacerdotalis

2568 798 2743 853 oﬂlcio
2774 793 3053 863 dignitatis
3083 792 3352 859 adempto,
3378 801 3502 843 cum
3535 786 3784 840 aestivum
3813 794 3941 839 tunc
3961 797 4157 838 cauma

2568 886 2983 947 fervesceret,et
2998 881 3352 936 secandarum
3381 877 3637 931 messium
3662 886 3875 944 tempus
3906 875 4157 942 instaret,

2562 976 2717 1045 juxta
2740 976 2942 1029 carinas
2970 973 3032 1041 (f.
3059 968 3349 1038 canonum)
3380 967 3637 1037 regulam,
3676 965 4028 1020 inclusionem
4064 979 4161 1019 cu-

2566 1067 2755 1120 stodia:
2793 1062 3080 1117 carceralis
3107 1060 3395 1115 indiximus
3434 1071 3736 1109 zannorum
3780 1054 4157 1125 pamitentiam

2566 1154 2892 1224 competenti
2911 1151 3275 1205 moderatione
3288 1146 3618 1217 praeﬂximus
3649 1164 3661 1198 :
3688 1154 3855 1213 atque
3869 1144 3991 1198 utin
4006 1158 4158 1213 spem

2568 1258 2729 1301 cena:
2756 1241 3177 1312 recuperationis
3200 1240 3407 1307 absque
3426 1236 3590 1290 dubio
3613 1233 4037 1296 convalesceret,
4063 1232 4159 1286 ad-

2568 1334 2771 1389 hortati
2798 1346 2990 1385 omnes
3019 1344 3223 1383 sumus.
3274 1327 3330 1380 ιιι
3373 1340 3482 1393 quo
3524 1324 3781 1378 nimirum
3814 1321 3954 1375 facto
3985 1321 4160 1374 manl-

2567 1424 2706 1479 feste
2733 1424 3103 1492 perpenditur,
3135 1419 3394 1487 quoniam
3431 1416 3725 1471 iracundus
3757 1416 3882 1467 dum
3914 1398 4030 1467 zelo
4057 1412 4158 1466 im-

2567 1514 2831 1569 moderati
2864 1512 3065 1565 furoris
3093 1510 3428 1574 accenditur,
3472 1508 3628 1578 juxta
3679 1508 3976 1577 Scriptura:
4004 1505 4159 1559 testi-

2568 1605 2837 1665 monium,
2893 1620 2920 1655 a
2952 1601 3218 1655 daemonio
3243 1600 3569 1669 possidetur.
3603 1596 3853 1666 Nunquid
3884 1597 4027 1650 enim
4053 1596 4160 1649 ira-

2568 1694 2775 1747 cundus
2816 1692 3083 1746 dzemonio
3118 1698 3349 1743 vexante
3383 1703 3490 1740 non
3520 1686 3717 1756 agitur,
3770 1685 3860 1752 qui
3912 1698 4159 1737 nonnun-

2566 1798 2729 1853 quam
2762 1783 2827 1836 ad
2856 1780 3192 1851 plectendam
3227 1777 3516 1845 cujuslibet
3560 1790 3664 1828 non
3716 1773 3989 1835 lmdeutis,
4023 1772 4158 1841 quin

2487 1881 2533 1940 Β
2562 1876 2741 1943 potius
2762 1874 2982 1926 sibimet
3002 1869 3376 1938 obsequentis,
3393 1866 3755 1920 innocentiam
3780 1864 4160 1933 permovetur?

2570 1961 2721 2017 Ultro
2751 1961 2893 2014 enim
2942 1961 3069 2015 dum
3109 1959 3278 2011 libero
3325 1956 3523 2010 mentis
3558 1953 3764 2021 judicio
3814 1962 3996 2017 caret,
4028 1966 4157 2021 erga

2565 2066 2655 2106 res
2678 2052 2839 2104 etiam
2874 2049 3214 2104 insensibiles
3235 2047 3529 2100 vindictam
3563 2045 3775 2098 ultorim
3818 2042 4160 2096 animadver-

2564 2142 2734 2196 sionis
2756 2149 2994 2195 exercet.
3022 2140 3175 2206 Quod
3200 2138 3387 2205 utique
3407 2134 3581 2205 Cyrus
3606 2148 3697 2189 rex
3720 2133 3957 2187 Persidis
3981 2133 4158 2203 egisse

2565 2231 3007 2300 deprehenditur,
3065 2228 3207 2283 sicut
3261 2227 3568 2282 Herodotus
3617 2226 3854 2293 antiquae
3924 2224 4159 2292 scriptor

2568 2325 2813 2379 historice
2842 2321 3149 2391 proﬁtetur.
3181 2319 3284 2385 Qui
3307 2319 3433 2372 dum
3463 2317 3694 2371 militum
3728 2314 3957 2368 vallatus
3984 2314 4157 2384 agmi—

2565 2416 2747 2477 nibus,
2777 2415 3020 2484 Guydem
3048 2410 3266 2465 ﬂuvium
3294 2409 3691 2469 transvadaret,
3716 2422 3855 2461 unus
3886 2406 4157 2475 regiorum

2565 2508 2809 2575 equitum
2861 2506 3099 2557 Candore
3158 2502 3443 2571 formaque
3490 2499 3835 2570 praecellens,
3886 2497 4014 2551 dum
4061 2511 4159 2566 per

2566 2612 2815 2666 rapacem
2846 2595 3089 2657 alveum,
3134 2594 3222 2649 ubi
3253 2592 3439 2647 oﬂ‘ensi
3489 2591 3629 2645 vado
3677 2592 3914 2645 vortices
3945 2588 4159 2643 attolle-

2566 2689 2784 2749 bantur,
2817 2686 3140 2757 ingreditur,
3170 2686 3435 2740 undarum
3463 2682 3718 2753 procellis
3746 2683 4157 2752 praecipitanter

2566 2779 2935 2842 irruentibus,
2982 2776 3275 2847 naufragus
3339 2777 3684 2831 absorbetur.
3735 2774 3886 2828 Tunc
3936 2790 4032 2827 rex
4074 2774 4157 2829 ira
4214 2828 4219 2831 .

2566 2878 2870 2938 permotus,
2905 2868 3091 2922 ulcisci
3117 2868 3167 2919 in
3201 2882 3412 2921 amnem
3457 2867 3669 2930 statuit,
3698 2875 4011 2920 contestans
4031 2880 4154 2919 eum

2566 2962 2658 3029 qui
2686 2966 3008 3027 praeclarum
3042 2965 3329 3011 voraverat
3356 2956 3627 3024 equitem,
3661 2956 3733 3008 ita
3766 2953 4152 3024 permeabilem

2566 3049 2979 3118 relinquendum
3000 3089 3013 3113 ,
3042 3056 3101 3101 ut
3131 3048 3219 3100 vix
3246 3047 3538 3115 aliquando
3563 3056 3741 3116 posset
3769 3047 4039 3116 attingere
4064 3062 4155 3116 ge-

2567 3158 2673 3196 nua
2705 3141 3052 3195 feminarum.
3082 3140 3295 3193 Annum
3328 3139 3516 3209 igitur,
3550 3148 3608 3192 ut
3633 3137 3946 3205 conjicitur,
3982 3147 4152 3193 totum

2414 3256 2458 3309 ί,
2484 3234 2528 3296 C
2562 3232 2615 3286 in
2643 3233 2745 3286 hoc
2778 3230 3066 3285 ridiculoso
3094 3229 3278 3283 labore
3310 3238 3623 3299 perpetuat,
3673 3243 3737 3282 ac
3773 3244 3921 3285 reum
3979 3229 4151 3297 maje-

2560 3324 2717 3379 statis
2760 3322 2981 3375 ﬂuvium
3020 3322 3147 3375 dum
3191 3320 3375 3374 multis
3422 3321 3675 3388 utrinque
3718 3318 3878 3374 fossis
3902 3322 4148 3389 aperuit,

2560 3414 2713 3482 quasi
2763 3413 2985 3467 totidem
3027 3406 3126 3480 per
3153 3408 3323 3464 latera
3370 3409 3685 3463 vulneribus
3713 3411 3982 3463 sauciavit
4012 3428 4022 3462 :
4052 3426 4152 3479 per

2558 3504 2984 3573 quadringentos
3032 3502 3241 3557 scilicet
3298 3511 3355 3556 et
3394 3503 3675 3569 sexaginta
3738 3500 3939 3556 rivulos
3981 3518 4148 3571 aquas

2558 3593 2796 3647 ﬂuminis
2825 3593 3141 3657 subdivisit;
3173 3592 3272 3657 sic,
3300 3592 3381 3646 sic
3410 3592 3553 3647 velut
3584 3592 3789 3646 inimici
3817 3593 3898 3647 sui
3928 3594 4151 3663 sangui-

2559 3699 2681 3737 nem
2714 3681 2975 3752 perfluere
2999 3684 3290 3753 compulit,
3323 3694 3377 3737 et
3406 3683 3629 3736 divitem
3655 3698 3871 3750 venam,
3902 3684 3957 3738 in
3980 3698 4145 3755 quam

2560 3787 2821 3848 tyrannus
2844 3773 3159 3841 infremuit,
3192 3785 3513 3845 paupertate
3547 3775 3819 3829 multavit.

3182 3863 3412 3919 CAPUT
3454 3864 3517 3919 γ.

2826 3955 2978 4021 Quod
3006 3956 3089 4009 ira
3112 3954 3373 4008 hominem
3398 3954 3566 4007 reddit
3593 3964 3872 4009 amentem.

2625 4048 2815 4103 Cernis
2856 4048 3073 4114 itaque,
3110 4044 3345 4114 qualiter
3372 4046 3450 4098 ira
3488 4046 3663 4099 reddit
3689 4056 3988 4114 amentem,
4020 4062 4144 4117 quas

2556 4139 2683 4193 dum
2717 4138 3033 4206 exsequitur
3083 4136 3222 4204 quod
3256 4135 3592 4203 impatientia
3619 4138 3880 4205 suggerit,
3938 4147 4141 4193 semet-

2556 4232 2725 4301 ipsam
2754 4230 3053 4284 ridentibus
3078 4227 3330 4297 pabulum
3360 4226 3800 4280 subsannationis
3840 4227 4003 4297 677
4042 4243 4140 4283 ex-

2555 4322 2727 4393 ponit.
2774 4320 2877 4373 Per
2921 4334 3079 4373 omne
3123 4318 3319 4386 quippe
3343 4317 3529 4369 vitium
3553 4317 3697 4384 quod
3730 4317 3797 4369 ab
3826 4317 4139 4375 hominibus

2554 4419 2914 4482 perpetratur,
2948 4408 3178 4461 diversis
3208 4407 3392 4473 utique
3427 4406 3599 4459 modis
3631 4406 3831 4461 misero
3862 4407 4013 4460 cordi
4045 4423 4138 4462 vc-

2556 4499 2755 4554 ternosi
2799 4497 2971 4553 hostis
3014 4498 3161 4549 virus
3203 4493 3523 4549 infunditur.
3570 4494 3626 4548 ln
3674 4496 3968 4550 iracundiae
4010 4513 4140 4552 vero

854 4608 1067 4678 pientis
1102 4606 1384 4675 imperium
1415 4621 1608 4660 manus
1645 4616 1903 4675 utrasque
1929 4608 2245 4675 complosit,
2285 4615 2447 4674 atque
2478 4575 2525 4633 θ
2552 4602 2722 4661 Ροδιεν
2771 4597 2877 4642 ιοῑίι
2927 4604 3022 4643 sua
3072 4588 3177 4640 ViSC

1813 4622 1903 4675 lue
1929 4608 2245 4675 ςοιιιριοείι,
2285 4615 2447 4674 atque
2478 4575 2722 4661 Dpeste,
2771 4597 2877 4642 tota
2927 4604 3022 4643 sua
3072 4588 3278 4640 viscera
3329 4602 3551 4655 serpens
3597 4588 3873 4652 cnncutit,
3921 4604 4136 4643 omnem

852 4695 1006 4751 illius
1038 4708 1235 4749 manus
1264 4693 1631 4749 dedititiorum
1658 4712 1808 4751 more
1834 4697 2156 4751 deosculans
2174 4737 2187 4759 ,
2218 4712 2277 4752 se
2301 4696 2445 4750 velut

854 4786 910 4839 in
943 4784 1143 4839 herilis
1170 4783 1294 4837 fidei
1330 4785 1557 4840 tuitione
1602 4786 1893 4839 eormnisit.
1931 4786 2028 4839 Cui
2086 4786 2332 4841 videlicet
2362 4786 2439 4839 rei

853 4875 1121 4944 congruit
1147 4874 1287 4942 quod
1329 4874 1581 4929 Salomoa
1631 4876 1706 4928 ait
1738 4893 1749 4928 :
1786 4893 1803 4924 ι
1833 4874 2021 4929 Manus
2054 4876 2105 4928 in
2141 4892 2299 4928 manu
2332 4891 2438 4929 non

851 4970 962 5023 erit
1014 4969 1283 5021 innocens
1317 4966 1489 5020 malus
1539 4964 1719 5035 (Prov.
1774 4968 1874 5033 χι).
1916 4986 1933 5018 ι
1986 4967 2153 5032 Quem
2200 4968 2446 5034 protinus

852 5056 949 5115 ille
977 5063 1379 5127 percunctans:
1414 5054 1562 5119 Seis,
1610 5055 1815 5121 inquit,
1846 5056 1934 5123 qui
1967 5056 2100 5108 sim?
2126 5056 2217 5107 llle
2245 5065 2439 5122 pratsto

850 5144 1202 5217 respondens
1231 5143 1305 5196 ait
1338 5161 1351 5197 :
1384 5143 1572 5198 Nonne
1604 5155 1655 5197 tn
1692 5160 1750 5198 es
1775 5146 2022 5199 dominus
2056 5160 2208 5198 meus
2235 5145 2434 5198 Roma-

848 5234 996 5293 nus?
1042 5235 1127 5289 At
1167 5230 1255 5285 ille
1285 5248 1298 5285 :
1328 5234 1517 5298 Absit,
1550 5235 1725 5298 absit;
1759 5234 1851 5288 sed
1884 5250 1987 5304 ego
2015 5250 2164 5296 sum,
2216 5235 2389 5303 inquit
2422 5274 2435 5299 ,

847 5324 1137 5385 diabolus,
1170 5322 1253 5375 cui
1306 5331 1357 5374 lu
1406 5339 1549 5377 nunc
1596 5324 1915 5377 commissus
1957 5338 2044 5389 es,
2077 5333 2131 5378 et
2160 5323 2433 5378 individua

846 5418 1117 5485 deinceps
1145 5412 1404 5466 societate
1429 5415 1769 5469 constrictus.

917 5508 1017 5564 Sta
1057 5504 1230 5574 igitur
1260 5503 1311 5556 in
1352 5504 1480 5568 fide,
1504 5514 1557 5558 et
1586 5520 1740 5559 serva
1773 5505 1913 5573 quod
1948 5503 2219 5573 pollicitus
2265 5518 2351 5568 es;
2380 5513 2435 5556 et

841 5606 965 5670 past
1026 5566 1340 5659 hufnsmodi
1376 5593 1533 5646 verba
1572 5593 1653 5646 vel
1690 5602 1838 5661 gesta
1900 5566 2096 5661 praesto
2149 5566 2430 5662 disparuit.

843 5693 998 5745 'l‘nnc
1031 5686 1128 5742 ille
1164 5684 1531 5748 tremefactus,
1569 5684 1820 5740 confusus
1869 5695 2028 5755 atque
2087 5685 2428 5756 perterritus,

842 5781 908 5837 ad
950 5780 1186 5835 domum
1234 5787 1337 5828 non
1384 5775 1499 5831 sine
1550 5791 1739 5845 magno
1792 5778 2164 5848 trepidationis
2206 5778 2431 5835 horrore

2548 4682 2689 4736 fellis
2722 4680 3136 4734 amaritudinem
3182 4694 3439 4733 evomens
3474 4677 3677 4745 fundit;
3727 4680 3860 4734 adeo
3899 4689 3959 4733 ut
4006 4697 4134 4749 pru-

2549 4777 2763 4831 dentem
2814 4774 3012 4828 mentis
3060 4783 3365 4843 expertem,
3417 4772 3791 4828 rationabilem
3840 4772 4132 4831 furiosum.

2548 4866 2831 4921 callentem
2889 4864 3103 4934 ingenio
3158 4864 3347 4917 reddat
3397 4863 3667 4917 insanum.
3725 4863 3938 4917 Alienat
3989 4866 4132 4919 enim

2550 4957 2799 5016 miseros,
2855 4962 2909 5008 et
2964 4954 3108 5006 velut
3166 4952 3486 5020 abreptitios
3544 4953 3783 5007 insanire
3839 4954 4129 5021 compellit.

2546 5046 2698 5113 Quod
2732 5061 2862 5101 sane
2891 5044 3015 5099 licet
3037 5044 3286 5097 omnibus
3310 5043 3632 5097 Christianis
3666 5044 3734 5096 sit
3758 5044 3977 5097 omnino
4005 5060 4129 5113 pro-

2545 5140 2795 5202 lubitum,
2839 5136 3169 5206 permaxime
3201 5145 3379 5189 tamen
3410 5136 3785 5189 sacerdotibus
3813 5143 3897 5189 est
3927 5150 4129 5190 caven-

2544 5230 2691 5284 dum.
2738 5227 2871 5281 Nam
2909 5242 3031 5282 cum
3080 5226 3281 5279 veritas
3324 5225 3533 5278 cunctis
3577 5224 3825 5279 ﬁdelibus
3876 5225 3929 5277 in
3978 5238 4126 5280 com-

2544 5336 2705 5375 mune
2732 5319 3028 5387 prmcipiat,
3068 5325 3128 5370 ut
3166 5316 3433 5369 dissidens
3461 5316 3686 5383 quisque
3732 5331 3926 5371 munus
3969 5330 4124 5371 suum

2544 5423 2667 5466 ante
2711 5411 2881 5464 altare
2925 5411 3161 5475 deserat,
3198 5422 3298 5461 nec
3329 5406 3455 5459 illud
3490 5418 3775 5473 antequam
3814 5406 3941 5461 laeso
3972 5405 4126 5461 fratri

2540 5502 2938 5563 reconcilietur,
2974 5499 3169 5554 offerre
3201 5506 3492 5567 przesumat
3538 5496 3752 5566 (Matth.
3787 5496 3862 5569 v),
3924 5508 4127 5566 quanto

2540 5593 2858 5662 propensius
2900 5590 2949 5644 id
2998 5589 3259 5659 agendum
3306 5597 3389 5642 cst
3433 5587 3719 5651 sacerdoti,
3755 5588 3843 5656 qui
3872 5587 4126 5642 videlicet

2539 5699 2644 5737 non
2672 5682 2870 5736 mctalli
2911 5681 3139 5751 pondus,
3172 5694 3275 5734 non
3301 5679 3705 5747 corruptibilem
3749 5680 4119 5748 margaritam,

2537 5794 2643 5833 non
2696 5785 2845 5834 certe
2890 5773 3194 5843 manipulos
3242 5781 3507 5844 segetum,
3552 5767 3643 5827 sed
3695 5770 3871 5827 vitalis
3921 5770 4122 5828 eucha-
