5882 6636
109 6451 855 6636 ἡ*

2401 562 2504 621 655

2855 559 2912 614 S.
2953 556 3150 614 PETRI
3183 554 3462 612 DAMIANI
3499 555 3648 612 OPI‘.
3682 554 3914 612 TOMUS
3953 553 4085 611 SEU
4118 553 4296 612 PARS
4325 553 4410 609 lli.
4445 583 4514 594 —
4536 551 4894 611 OPUSCULA
4927 549 5152 607 VARIA.

5508 551 5606 607 656

2395 672 2558 727 ristia‘.
2592 669 2864 724 oblaturus
2889 677 2968 722 est
3001 664 3422 722 sacraruntum!
3465 662 3532 717 Et.
3561 678 3683 719 cum
3713 662 3798 717 illa
3833 664 3945 716 sin-
3978 666 4018 724 Α
4051 663 4264 732 copiosa
4307 677 4589 717 munerum
4635 661 4953 717 liberalitate
4979 661 5188 717 ditavit.
5235 660 5278 717 0
5318 661 5361 716 si
5403 660 5486 717 vir
5521 662 5605 716 ille.

2393 759 2593 826 gularis
2612 755 2783 811 hostia
2814 769 2910 825 pro
2934 753 3167 809 inimicis
3188 751 3452 821 principio
3483 752 3557 806 sit
3580 750 3777 815 oblata,
3808 751 3954 819 Apo-

2393 845 2529 900 stolo
2561 851 2792 898 testante
2814 841 2905 910 qui
2954 841 3029 895 ait
3064 860 3077 895 :
3123 859 3141 892 ι
3175 840 3309 894 Cum
3339 838 3541 892 inimici
3576 852 3834 901 essemus,
3871 851 3955 890 re—

2391 931 2658 986 conciliati
2681 945 2863 985 sumus
2886 913 3111 998 Deo'per
3131 937 3355 982 mortem
3378 926 3471 980 filii
3497 924 3614 994 ejus
3634 924 3803 994 (Rom.
3819 923 3905 990 v);
3932 942 3948 972 ι

2391 1033 2495 1087 qua
2544 1025 2720 1072 mente
2755 1016 3002 1071 sacerdos
3033 1015 3098 1069 ad
3120 1023 3234 1068 tam
3265 1013 3500 1068 terribile
3534 1020 3949 1075 sacramentum,

2351 1125 2495 1178 .qua
2541 1109 2858 1165 temeritatis
2897 1107 3120 1161 audacia
3165 1121 3362 1162 mensa:
3402 1104 3636 1160 ctelestis
3681 1104 3956 1174 praesumit

2391 1201 2541 1256 adire
2580 1199 2903 1264 convivium,
2933 1198 2980 1252 si
3006 1198 3132 1252 dum
3161 1196 3610 1252 reconciliationis
3637 1195 3951 1264 mysterium

2391 1273 2645 1354 celebrat,
2669 1287 2825 1342 fratri
2852 1300 2949 1342 suo
2975 1285 3310 1341 reconciliari
3333 1284 3674 1338 contemnat?
3699 1281 3954 1337 Inimicus

2387 1378 2547 1436 olfert
2571 1379 2822 1444 hostiam,
2853 1391 2970 1446 qua:
2999 1374 3305 1430 inimicitias
3338 1372 3516 1437 solvit,
3540 1373 3607 1426 ad
3639 1372 3954 1441 mysterium

2361 1521 2364 1524 .
2392 1473 2540 1541 pacis
2571 1472 2866 1541 impaeatus
2893 1467 3128 1531 accedit;
3158 1479 3278 1519 cum
3322 1462 3491 1532 majus
3521 1464 3592 1518 sit
3633 1461 3956 1518 sacrificium

2392 1560 2633 1630 peccanti
2667 1558 2936 1612 dimittere
2965 1569 3128 1624 quam
3170 1553 3344 1608 laudis
3389 1553 3594 1607 hostias
3639 1550 3950 1615 immolare;

2393 1661 2442 1704 et
2468 1649 2779 1725 placabilius
2816 1648 2885 1702 sit
2921 1646 3028 1701 Deo
3056 1645 3210 1700 bona:
3238 1643 3531 1699 voluntatis
3577 1640 3949 1696 holocaustum

2390 1755 2549 1812 quam
2578 1737 2861 1794 exterioris
2890 1736 3118 1792 victima:
3145 1742 3557 1791 sacramentum.

2463 1830 2613 1886 Unde
2636 1844 2741 1884 non
2764 1829 2994 1884 otiosum
3023 1827 3291 1884 credimus
3313 1827 3357 1881 si
3387 1826 3468 1880 his
3495 1824 3668 1879 verbis
3699 1824 3954 1878 inseritur

2393 1919 2534 1990 quod
2563 1917 2756 1973 celebri
2789 1931 2818 1970 a
2848 1916 3117 1972 nonnullis
3146 1915 3404 1970 relatione
3427 1914 3689 1983 vulgatur.
3715 1913 3808 1967 Vir
3833 1913 3952 1982 qni-

4059 751 4406 806 sacerdotalis
4444 751 4652 806 ordinis
4691 749 4866 805 ocio
4909 750 5247 822 fungeretur,
5288 765 5444 821 quam
5483 765 5607 806 eon-

4057 839 4281 892 tidenter
4299 837 4712 894 adoﬂerendum
4730 838 4837 892 Deo
4852 853 5047 894 munus
5064 839 5599 908 potuissetaccedere!

4054 925 4170 992 Quo
4200 936 4412 992 contra,
4441 928 4686 996 quisquis
4710 927 4760 980 in
4794 927 4958 982 corde
4995 927 5086 981 irae
5117 927 5198 982 vel
5219 927 5325 982 odii
5351 926 5606 982 confusio-

4055 1030 4149 1070 nes
4177 1016 4525 1086 agglomerat,
4566 1025 4620 1070 et
4663 1026 4871 1085 tempus
4899 1016 5109 1072 ultorim
5139 1017 5499 1072 retributionis
5517 1031 5604 1072 ex-

4055 1112 4280 1172 spectat,
4303 1119 4461 1173 quam
4477 1105 4793 1172 perniciose,
4817 1120 4976 1176 quam
4997 1105 5155 1161 nosie
5175 1107 5343 1160 sacris
5357 1104 5605 1161 altaribus

4052 1191 4469 1262 appropinquat!
4521 1191 4835 1265 Hominibus
4861 1194 5058 1262 quippe
5089 1195 5310 1249 vertitur
5342 1195 5396 1248 in
5425 1195 5604 1250 incen-

4055 1279 4224 1345 dium,
4267 1279 4408 1348 quod
4453 1280 4520 1334 ad
4552 1279 5113 1352 refrigerii'provisum
5140 1293 5222 1340 est
5243 1293 5598 1356 augmentum.

4661 1391 4886 1449 CAPUT
4927 1395 5009 1449 Vl.

4124 1475 4430 1548 Prodigium
4464 1480 4602 1549 quod
4626 1482 4842 1554 contigit
4873 1484 5172 1554 presbytero
5208 1483 5535 1540 Solet-uitalia

4565 1551 4720 1603 missa
4728 1567 4776 1603 m
4806 1551 5101 1606 celebranti.

4125 1635 4275 1692 Unde
4313 1637 4542 1694 fortasse
4571 1642 4791 1712 contigit
4828 1646 4970 1712 quod
5020 1646 5230 1700 cuidam
5262 1659 5357 1700 suo
5389 1647 5598 1719 presby-

4057 1733 4171 1779 tero
4194 1727 4516 1782 venerabilis
4540 1727 4762 1784 Alfanus
4790 1729 5158 1789 Salemitanus
5184 1736 5600 1806 archiepiscopus

4054 1831 4224 1886 nuper
4247 1818 4490 1871 evenisse
4516 1818 4783 1886 perhibuit
4808 1837 4821 1874 :
4855 1823 4945 1890 qui
4976 1823 5223 1878 nimirum
5250 1825 5520 1896 presbyter
5535 1826 5600 1880 ad

4054 1912 4403 1966 cumulandos
4430 1913 4667 1982 pecunia:
4691 1924 4926 1981 quaestus
4949 1928 5055 1968 non
5102 1915 5436 1970 mediocriter
5461 1930 5492 1970 a
5524 1916 5597 1970 vi-

2392 1987 2534 2070 dam,
2561 2014 2618 2060 ut
2648 2007 2863 2070 dicitur,
2888 2005 3242 2074 potentiorem
3277 2019 3334 2060 se
3363 2004 3632 2059 hominem
3662 2002 3948 2066 interfecit,
3981 1987 4024 2047 Β
4054 2002 4171 2056 duis
4198 2010 4253 2056 et
4294 2001 4538 2056 fenorum
4566 2003 4815 2072 captabat
4843 2017 5060 2069 usuras,
5099 2013 5152 2060 et
5180 2005 5245 2060 de
5267 2014 5458 2060 caetero
5483 2021 5598 2062 car-

2391 2113 2420 2151 a
2453 2095 2605 2164 cujus
2633 2096 2791 2150 etiam
2821 2095 2951 2159 tilio,
2982 2109 3130 2150 more
3165 2095 3366 2160 saaculi,
3406 2110 3512 2150 non
3541 2094 3744 2164 legibus
3777 2095 3950 2148 Evan-

2394 2185 2553 2257 gelii,
2595 2186 2790 2240 multas
2829 2185 3088 2240 bellorum
3131 2185 3404 2240 molestias
3448 2184 3710 2254 pertulit:
3743 2183 3950 2254 paterni

2392 2275 2597 2330 scilicet
2626 2273 2765 2327 ultor
2813 2273 3080 2337 interitus,
3113 2281 3166 2328 et
3205 2282 3410 2342 strages
3450 2272 3736 2326 anhelabat
3781 2271 3950 2326 homi-

2393 2378 2541 2428 num,
2578 2371 2629 2416 et
2676 2361 3034 2430 frequentium
3079 2361 3382 2429 reportahat
3426 2359 3704 2415 manubias
3739 2361 3949 2428 rapina-

2391 2466 2530 2506 rum.
2567 2449 2706 2504 Inter
2734 2449 2832 2504 has
2861 2450 3020 2519 igitur
3054 2449 3320 2504 homicida
3367 2449 3730 2518 deprehensus
3775 2463 3946 2517 angu-

2392 2543 2546 2609 stias,
2575 2541 2849 2612 imperiale
2894 2540 3129 2596 decrevit
3173 2541 3322 2596 adire
3364 2541 3669 2612 vestigium,
3713 2541 3760 2596 si
3807 2541 3947 2610 quod

2391 2633 2532 2689 forte
2560 2642 2637 2686 tot
2658 2631 3050 2687 calamitatibus
3072 2640 3251 2702 posset
3278 2631 3514 2700 reperire
3541 2630 3806 2685 solatium.
3833 2631 3950 2696 Quo

2389 2729 2684 2790 comperto,
2715 2721 2924 2789 paterni
2963 2719 3238 2788 sanguinis
3273 2718 3412 2772 ultor
3456 2718 3767 2787 insequitur,
3801 2733 3948 2772 eum-

2387 2825 2512 2878 que,
2560 2810 2670 2864 sive
2713 2819 2769 2862 ut
2814 2809 3153 2864 tribunalium
3203 2809 3315 2878 lege
3360 2808 3710 2876 constringat,
3748 2810 3860 2861 sive
3892 2816 3949 2862 ut

2389 2910 2607 2968 repente
2658 2898 2847 2966 gladiis
2894 2899 3191 2968 Opprimat,
3249 2897 3473 2966 impiger
3525 2897 3833 2950 comitatur.
3891 2896 3946 2950 In

2385 2993 2694 3048 Teutonicis
2730 3006 2854 3045 vero
2884 2991 3122 3061 partibus
3155 3001 3278 3046 tunc
3312 2992 3602 3061 imperator
3631 2990 3840 3057 agebat.

2454 3085 2587 3138 Cum
2639 3085 2820 3154 itaque
2866 3084 3160 3152 procedens
3209 3084 3476 3144 modeste,
3529 3083 3680 3151 quasi
3729 3095 3950 3136 securus

2387 3175 2691 3239 incederet,
2742 3175 3074 3241 subsequens
3119 3184 3294 3227 autem
3341 3172 3566 3227 celerius
3614 3182 3946 3241 pmperaret,

2389 3263 2605 3320 tandem
2642 3264 2862 3333 contigit
2904 3272 2960 3315 ut
2990 3263 3202 3316 sibimet
3249 3262 3474 3316 invicem
3509 3263 3942 3331 propinquantes,

4053 2093 4157 2147 nali
4187 2093 4588 2148 conversatione
4613 2093 4846 2149 vivebat.
4893 2093 4992 2150 llic
5021 2092 5304 2165 aliquando
5328 2097 5447 2151 dum
5476 2095 5596 2152 mis-

4049 2196 4228 2236 sarum
4253 2182 4553 2238 celebraret
4579 2180 4832 2249 ollicium,
4858 2181 4998 2238 inter
5022 2183 5188 2253 ipsam
5214 2184 5462 2240 Dominici
5483 2201 5595 2241 cor-

4048 2273 4196 2341 poris
4236 2269 4574 2336 fractionem,
4623 2280 4730 2328 tres
4760 2281 4980 2344 repente
5022 2273 5211 2330 favillae
5237 2275 5369 2346 ignis
5391 2290 5454 2330 es
5486 2275 5594 2344 ipso

4048 2362 4248 2418 emlesti
4294 2372 4634 2418 sacramento
4680 2365 5006 2434 prodeuntes
5050 2366 5407 2432 emicuerunt,
5447 2375 5500 2422 et
5543 2367 5593 2421 in

4047 2462 4232 2522 pectus
4273 2455 4633 2510 sacriﬁcantis
4681 2455 4997 2512 terribiliter
5035 2456 5363 2527 impegerunt
5403 2474 5417 2511 :
5459 2457 5593 2526 quod

4049 2544 4299 2597 nimirum
4343 2545 4470 2614 quid
4510 2559 4631 2599 esse
4672 2545 4907 2615 potuerit
4959 2546 5225 2602 subtiliter
5291 2545 5591 2616 inquirentis

4047 2635 4326 2704 prudentia
4347 2634 4628 2704 judicabit.

4117 2723 4247 2778 Illud
4273 2725 4436 2779 etiam
4469 2725 4682 2780 silentio
4712 2729 5135 2795 praetereundum
5175 2743 5288 2784 esse
5330 2744 5428 2785 non
5459 2731 5592 2786 arbi-

4047 2819 4180 2874 tror,
4205 2813 4344 2880 quod
4375 2814 4513 2867 idem
4542 2814 4893 2870 Salernitanze
4923 2825 5098 2870 rector
5133 2818 5391 2881 Ecclesire,
5424 2829 5474 2873 et
5510 2835 5590 2873 re-

4049 2900 4442 2968 ligiosissimus,
4481 2919 4542 2957 ac
4570 2906 4947 2961 veracissimus
4968 2907 5272 2964 Casiuensis
5298 2911 5592 2964 monasterii

4051 2991 4213 3044 abbas
4244 2991 4565 3052 Desiderius,
4604 3009 4710 3049 uno
4732 2997 4881 3061 mihi,
4926 3007 4982 3050 ut
5008 2999 5078 3051 ita
5102 2998 5303 3068 loquar,
5333 3013 5423 3053 ore
5453 3000 5590 3052 dixe.

4051 3091 4204 3147 runt;
4261 3084 4512 3153 quoniam
4574 3088 4878 3156 episcopus,
4923 3088 5072 3154 cujus
5133 3104 5215 3142 me
5258 3090 5321 3142 ad
5367 3103 5592 3158 praesens

4052 3173 4366 3226 vocabulum
4396 3173 4547 3243 fugit,
4576 3176 4698 3230 dum
4728 3177 4780 3230 in
4807 3177 5036 3245 quodam
5067 3187 5242 3231 castro
5269 3187 5594 3232 eonsecratu~

4049 3277 4141 3316 rus
4185 3271 4326 3317 esset
4370 3264 4682 3329 Ecclesium,
4731 3265 4797 3319 ab
4825 3281 4889 3321 eo
4919 3267 5008 3335 qui
5056 3265 5434 3323 Beneventanus
5479 3279 5594 3323 tunc

2393 3359 2446 3410 in
2478 3363 2690 3408 mutuos
2733 3361 2956 3420 uterque
2982 3352 3303 3405 ducerentur
3330 3363 3589 3420 aspectus.
3617 3353 3721 3405 Sed
3747 3368 3866 3405 cum
3902 3352 3945 3405 is
3975 3355 4025 3414 C.
4049 3360 4163 3401 erat
4195 3351 4398 3426 electus
4424 3351 4691 3414 Ecclesiae,
4723 3352 4861 3406 beati
4899 3353 5110 3408 Barbati
5141 3355 5455 3410 confessoris
5484 3357 5593 3410 reli-

2385 3444 2476 3513 qui
2522 3442 2796 3497 homicidii
2843 3455 2966 3495 reus
3009 3450 3145 3504 erat,
3199 3443 3286 3494 vix
3326 3451 3555 3508 quatuor
3585 3443 3662 3494 vel
3708 3443 3943 3510 quinque

2384 3533 2639 3588 comitum
2669 3531 2946 3584 fulciretur
2975 3530 3201 3595 auxilio,
3234 3529 3500 3584 interfecti
3534 3546 3656 3583 vero
3687 3531 3824 3584 filius
3853 3532 3945 3583 tri-

2386 3623 2530 3691 ginta
2559 3619 2724 3674 ferme
2751 3620 3053 3688 cingeretur
3074 3619 3341 3687 obsequiis
3364 3628 3710 3682 armatorum,
3733 3627 3945 3686 quater-

2389 3712 2602 3765 niouem
2628 3725 2780 3764 suum
2804 3711 3116 3762 cohortatur
3139 3720 3196 3762 ut
3218 3709 3399 3777 fugiat.
3424 3709 3514 3762 Ille
3536 3724 3592 3763 se
3615 3711 3944 3776 conspiciens

2385 3801 2452 3854 de
2472 3800 2906 3870 persequentium
2933 3801 3175 3853 manibus
3197 3800 3342 3851 avola
3355 3814 3408 3850 re
3428 3815 3533 3852 non
3559 3813 3731 3866 posse,
3756 3799 3946 3852 animae

2387 3890 2742 3958 patrocinium
2772 3890 2945 3957 petiit,
2978 3888 3041 3942 ad
3075 3888 3391 3942 humilitatis
3423 3889 3787 3941 umbraculum
3819 3905 3946 3941 con-

2388 3980 2588 4048 fugium
2623 3979 2770 4033 fecit.
2810 3978 3067 4046 Projcctis
3103 3981 3260 4046 igitur
3290 3980 3474 4041 armis,
3510 3979 3742 4033 brachiis
3783 3980 3944 4032 etiam

2391 4068 2443 4120 in
2472 4068 2686 4121 modum
2728 4070 2904 4122 crucis
2940 4071 3196 4130 extensis,
3229 4069 3341 4122 solo
3378 4070 3755 4137 prosternitur,
3785 4078 3833 4123 et
3868 4068 3948 4121 vel

2390 4157 2758 4212 miserentium
2793 4159 3024 4221 veniam,
3061 4161 3139 4211 vel
3174 4160 3304 4212 ictus
3333 4159 3633 4212 ferientium
3674 4160 3949 4228 precstola-

2388 4259 2497 4304 tur.
2528 4249 2594 4302 At
2621 4248 2706 4301 ille
2728 4248 2838 4314 jam
2869 4249 3036 4301 vietor
3060 4248 3124 4300 ad
3155 4251 3504 4302 reverentiam
3529 4252 3705 4303 erucis
3733 4265 3947 4304 manum

2388 4338 2726 4408 reprimendo
2770 4338 3127 4404 compescuit,
3179 4338 3318 4391 ultro
3365 4341 3527 4390 etiam
3575 4353 3639 4393 ne
3671 4339 3737 4392 ab
3772 4339 3950 4406 aliquo

2386 4425 2641 4482 feriretur
2704 4427 2932 4480 inhibuit
2975 4445 2985 4479 :
3032 4439 3298 4495 postremo
3337 4443 3521 4496 pacem
3568 4429 3828 4497 integram
3872 4428 3949 4482 fa-

2389 4519 2561 4578 ciens,
2589 4517 2651 4568 ad
2682 4516 2936 4569 honorem
2969 4527 3164 4573 Sancta:
3192 4518 3408 4570 viviticae
3436 4519 3627 4584 crucis,
3652 4520 3817 4589 678
3844 4536 3951 4573 non

2391 4609 2551 4661 modo
2581 4608 2763 4670 vitam,
2793 4608 2883 4660 sed
2913 4622 2959 4659 et
2994 4616 3227 4674 paterna!
3254 4610 3397 4661 neeis
3424 4611 3636 4662 donavit
3665 4612 3939 4664 oll'ensam.

4047 3439 4199 3505 quias
4230 3440 4400 3507 petiit.
4440 3440 4540 3506 Qui
4573 3442 4822 3494 nimirum
4856 3443 5106 3498 fraternis
5141 3447 5476 3513 acquiescens
5513 3461 5596 3501 vo-

4049 3527 4137 3588 tis,
4167 3542 4347 3580 sacras
4385 3529 4748 3584 mundissima:
4791 3531 4982 3586 hostia:
5026 3534 5273 3602 reliquias
5312 3534 5502 3602 intulit,
5528 3537 5596 3590 si-

4048 3615 4230 3682 gillum
4281 3625 4650 3684 competenter
4697 3621 4998 3686 expressit,
5048 3631 5100 3675 et
5145 3632 5342 3676 statuto
5387 3624 5470 3677 die
5507 3639 5598 3693 per

4049 3704 4254 3758 ﬁdelem
4301 3707 4586 3773 quemdam
4631 3710 4951 3762 monachum
4994 3727 5186 3764 arcana
5230 3713 5424 3780 petenti
5464 3714 5595 3768 dona

4050 3795 4362 3868 transmisit.
4403 3793 4506 3848 Sed
4535 3811 4655 3848 mox
4685 3805 4742 3850 ut
4767 3798 4941 3853 soluto
4968 3799 5138 3868 sigillo
5165 3801 5411 3868 capsidile
5441 3803 5596 3856 reclu-

4047 3866 4208 3946 (πίων,
4239 3885 4396 3938 inane
4434 3901 4654 3953 prorsus
4691 3895 4744 3940 et
4787 3903 5010 3942 vacuum
5059 3894 5334 3958 reperitur.
5380 3891 5599 3946 Miratur

4049 3973 4263 4040 gerulus
4303 3975 4489 4027 deesse
4535 3975 4819 4043 reliquias,
4867 3993 5000 4046 quas
5048 3981 5293 4034 credebat
5341 3981 5595 4047 inclusas;

4049 4064 4190 4116 dolet
4225 4064 4506 4131 episcopus
4551 4079 4578 4117 a
4627 4067 4737 4133 spei
4785 4083 4893 4120 sua:
4922 4082 4980 4122 se
5010 4071 5352 4150 suspensione
5380 4071 5600 4126 frustra-

4051 4161 4194 4213 tum;
4229 4162 4620 4217 verumtamen,
4663 4155 4944 4221 ingruente
4983 4160 5284 4225 proposito,
5331 4159 5599 4214 dedicatur

4049 4238 4295 4293 ecclesia.
4353 4240 4509 4294 Redit
4550 4244 4788 4308 nuntius,
4821 4261 5068 4310 vacuum,
5107 4255 5161 4300 ut
5188 4248 5452 4314 credebat,
5507 4265 5598 4304 ca-

4050 4332 4238 4398 psidile
4263 4342 4555 4400 reportans.
4585 4334 4686 4388 Sed
4701 4321 4984 4400 ecce,dum
4997 4339 5255 4408 graditur,
5279 4343 5440 4395 sentit
5461 4345 5600 4412 quod

4050 4422 4188 4474 intra
4233 4421 4462 4476 bnstiam
4503 4423 4702 4493 aliquid
4744 4427 5020 4496 agitatur:
5056 4444 5176 4484 mox
5217 4432 5386 4499 aperit
5415 4447 5604 4488 vascu-

4050 4511 4189 4574 lum,
4234 4512 4399 4582 679
4445 4522 4611 4566 totum
4642 4519 5026 4571 venerabilium
5065 4520 5422 4589 reliquiarum,
5466 4524 5603 4578 sicut

4050 4601 4310 4656 allaturos
4359 4614 4675 4670 acceperat,
4725 4604 4900 4659 inesse
4941 4608 5139 4676 reperit
5181 4622 5598 4676 sacramentum;

2465 4696 2571 4750 liae
2601 4697 2756 4765 igitur
2793 4697 2981 4762 insigni
3029 4708 3241 4766 peracta
3277 4698 3520 4760 victoria,
3550 4714 3707 4765 quam
3749 4699 3951 4753 scilicet
3982 4691 4026 4749 D
4055 4700 4173 4759 post
4201 4692 4472 4761 paululum
4505 4709 4628 4746 vero
4670 4704 4723 4748 el
4766 4696 4982 4763 prasfata
5009 4699 5233 4753 ecclesia
5270 4711 5349 4754 est
5387 4704 5603 4758 omnino

2395 4801 2498 4839 non
2556 4798 2657 4838 tam
2703 4787 2920 4838 alterius
2968 4803 3125 4854 quam
3160 4789 3260 4847 sui,
3306 4797 3375 4848 et,
3421 4799 3476 4841 ut
3514 4789 3582 4840 ita
3626 4788 3812 4851 fatear,
3845 4808 3949 4845 non

2395 4883 2505 4927 tam
2546 4875 2711 4925 hostis
2740 4890 2893 4941 quam
2924 4876 3123 4940 proprii
3152 4877 3325 4927 cordis
3354 4876 3524 4928 victor
3551 4879 3855 4942 exstiterat,
3885 4881 3947 4932 ad

2397 4969 2536 5029 regis
2579 4965 2802 5022 curiam,
2847 4963 2965 5026 quia
3017 4979 3117 5014 non
3166 4965 3346 5030 procul
3394 4977 3528 5030 erat,
3559 4970 3780 5021 aecus-it
3814 4989 3823 5020 :
3858 4972 3948 5022 sed

2400 5066 2520 5103 mox
2553 5060 2606 5102 ut
2637 5050 2915 5102 tet-l.-s£..in
2959 5060 3204 5104 oraturus
3240 5053 3554 5119 ingreditur,
3589 5071 3669 5107 res
3706 5059 3836 5109 mira
3873 5060 3948 5110 ni—

2399 5140 2666 5204 miumque
2696 5140 2974 5207 stupenda,
3006 5139 3296 5193 Salvatoris
3328 5144 3515 5206 imago,
3551 5160 3665 5210 quae
3708 5146 3757 5196 in
3790 5162 3946 5200 erm.)

2395 5226 2607 5279 videtur
2648 5243 2914 5293 expressa,
2956 5230 3121 5282 tribus
3166 5246 3284 5283 eum
3319 5233 3523 5286 vit-ibus
3569 5235 3818 5287 inclinato
3861 5251 3944 5288 ca-

2397 5318 2506 5387 pite
2541 5317 2648 5367 visa
2678 5323 2756 5367 est
2795 5317 3042 5370 salutare.
3074 5319 3116 5372 Ο
3145 5335 3302 5387 quam
3334 5321 3622 5388 glori05um
3654 5333 3706 5375 et
3747 5325 3950 5392 insigne

2400 5407 2748 5476 przeconium,
2794 5416 2850 5457 ut
2893 5406 2958 5458 ab
2998 5419 3211 5463 auctore
3254 5413 3626 5465 n'iiserieordim
3657 5427 3950 5469 mereretur

2403 5503 2706 5550 reverenter
2735 5495 2922 5563 accipi,
2952 5499 3038 5564 qui
3072 5509 3284 5564 propter
3307 5500 3417 5566 ejus
3445 5506 3796 5557 reverentiam
3821 5508 3952 5560 orni-

2404 5594 2546 5637 St‘l‘al
2572 5585 2861 5648 vindicari;
2895 5596 2947 5637 et
2977 5589 3038 5637 ai.
3065 5603 3124 5640 eo
3156 5590 3390 5656 recipere
3437 5593 3745 5648 salvationis
3791 5598 3954 5649 hono-

2405 5688 2541 5734 rem,
2571 5689 2664 5740 pro
2689 5688 2792 5741 quo
2818 5676 2972 5727 saluti
3005 5680 3328 5730 contrariam
3358 5685 3651 5749 postposuit
3679 5686 3951 5739 ultionem.

2406 5761 2554 5824 Quod
2585 5763 2822 5827 protinus
2851 5764 3140 5832 imperator
3166 5768 3404 5832 audiens,
3440 5771 3725 5828 honorifica
3756 5793 3875 5830 eum
3903 5792 3956 5836 et

2410 5852 2714 5920 aliectuosa,
2764 5865 2917 5925 prout
2965 5857 3207 5926 decebat,
3251 5859 3557 5917 affabilitate
3607 5873 3856 5940 suscepit,
3905 5882 3953 5926 et

4055 4784 4345 4844 destructa,
4392 4793 4444 4836 et
4493 4794 4661 4837 totum
4713 4785 5054 4842 nihilominus
5121 4800 5350 4844 castrum
5399 4792 5450 4846 in
5498 4809 5603 4862 quo

4054 4870 4228 4925 fuerat
4256 4875 4543 4926 constituta
4574 4891 4586 4928 :
4621 4877 4761 4943 quod
4793 4891 4922 4930 sane
4953 4893 5018 4930 an
5049 4893 5113 4932 ex
5143 4881 5331 4933 merito
5357 4885 5603 4936 sacerdo-

4056 4962 4121 5013 tis
4149 4965 4401 5026 evenerit,
4431 4979 4495 5016 an
4523 4966 4759 5032 quolibet
4788 4966 4892 5019 alio
4917 4966 5096 5022 divino
5114 4967 5334 5036 judicio,
5364 4972 5515 5027 nobis
5537 4976 5602 5028 ad

4056 5050 4309 5117 liquidum
4343 5062 4523 5120 patere
4554 5069 4655 5107 non
4688 5056 4876 5124 potuit.

4658 5163 4882 5219 CAPUT
4924 5166 5027 5220 ΥΠ.

4227 5249 4414 5302 Volunt
4442 5253 4632 5305 solt-ere
4655 5264 4983 5310 contemnens
5009 5258 5276 5326 infeliciter
5294 5265 5440 5330 perit.

4127 5337 4253 5388 lllml
4283 5341 4442 5390 etiam
4479 5356 4619 5396 nunc
4644 5346 4709 5397 ad
4747 5349 5057 5400 memoriam
5095 5350 5246 5414 redit,
5290 5355 5426 5421 quod
5472 5365 5604 5424 pra-

4060 5425 4199 5478 fatos
4246 5425 4614 5483 Salcrnitanus
4660 5433 5091 5504 archiepiscopus
5131 5440 5337 5494 cuidam
5384 5456 5450 5496 ex
5494 5447 5605 5499 suis

4058 5516 4262 5566 Civibus
4290 5518 4532 5572 evenisse
4576 5522 4863 5589 perhibuit.
4911 5525 4967 5578 ln
4999 5529 5156 5582 maris
5201 5529 5427 5600 denique
5473 5543 5604 5588 tem-

4057 5617 4262 5674 pestate
4308 5607 4690 5676 deprehensus,
4743 5615 4978 5670 futurum
5021 5633 5079 5674 se
5123 5624 5436 5677 monachum
5481 5625 5602 5680 aﬂ'e-

4059 5709 4238 5753 ctuosa
4273 5705 4555 5768 sponsione
4580 5707 4790 5761 devovit
4820 5728 4833 5763 :
4862 5715 4955 5765 sed
4982 5713 5251 5781 naufragio
5281 5727 5481 5782 erutus,
5510 5735 5602 5775 vo-

4060 5796 4166 5839 tum
4200 5790 4405 5846 solvere
4436 5795 4554 5849 vita:
4592 5797 4746 5864 hujus
4781 5815 4963 5856 amore
5003 5807 5336 5874 contempsit.
5383 5807 5600 5878 Evpleto

4059 5894 4184 5932 vero
4219 5897 4379 5947 anno,
4415 5883 4526 5953 ipso
4553 5888 4635 5942 die
4671 5905 4772 5958 quo
4799 5901 4977 5948 votum
5010 5896 5229 5952 Domino
5258 5913 5363 5954 suae
5388 5915 5599 5956 conscr-
