5882 6604
896 351 996 411 657

1912 347 2155 408 OPUSC.
2190 346 2300 403 XL.
2340 376 2413 388 —
2452 344 2541 401 DE
2580 342 2947 401 FliENANDA
2986 344 3120 401 lRA.

4027 343 4133 401 658

887 464 1441 531 vationisobtuierat,
1484 463 1744 519 Kalendis
1782 461 1988 517 scilicet
2027 458 2290 525 Januarii,
2332 456 2457 511 dum
2491 461 2535 519 Α
2568 470 2699 511 vena
2746 453 2971 519 metalli,
3002 468 3121 523 quae
3165 452 3264 507 sub
3296 450 3471 507 mallei
3502 450 3817 507 contusione
3864 461 4143 520 purgatur.

885 554 1177 615 biuc'inde
1219 554 1586 619 discurreret,
1632 567 1755 608 cum
1802 551 2106 607 ludentibus
2154 554 2209 604 et
2248 547 2460 604 cachin-

884 644 1139 703 nantibus
1168 645 1346 713 pueris
1370 644 1566 699 choros
1602 641 1845 706 duceret,
1879 650 1935 694 et
1969 637 2159 692 frivola
2213 636 2457 707 quaedam

882 750 949 791 ac
977 734 1227 789 scurrilia
1253 733 1417 789 verba
1447 740 1638 787 noaret
1664 731 1729 802 [Ῑ.
1761 728 1989 799 hoaret],
2021 727 2198 783 subito
2229 726 2365 795 lapis
2393 724 2460 780 de

882 831 1027 879 tecto
1060 836 1222 892 super
1251 835 1376 877 eum
1409 821 1624 886 cecidit,
1655 830 1711 874 et
1740 818 1979 873 obtrivit.
2012 816 2103 872 Sic
2134 814 2320 871 infelix
2350 813 2458 879 ille,

881 912 976 984 qui
1006 911 1260 967 mundum
1297 910 1549 967 deserere
1589 909 1910 978 contempsit
1949 908 2246 970 ultroneus,
2278 904 2463 981 amisit

2565 547 2719 603 Esset
2759 547 2914 615 plane
2961 547 3155 599 vitrum
3205 545 3417 600 cunctis
3462 543 3801 599 metallorum
3847 540 4147 611 fulgoribus

2562 636 2717 707 longe
2760 636 3125 705 praestantius,
3172 635 3218 688 si
3249 634 3442 704 primis
3471 632 3665 687 ictibus
3693 642 3892 701 pra‘sto
3919 646 4023 685 non
4054 645 4146 685 ce-

2562 725 2734 791 deret,
2765 726 2808 780 si
2842 725 3009 779 nativi
3051 724 3325 779 soliditate
3357 723 3568 776 roboris
3597 720 3958 791 percussionis
4004 718 4145 787 inju-

2563 815 2699 868 riam
2743 813 3016 868 toleraret.
3051 813 3155 867 Sed
3185 814 3313 881 quia
3342 812 3504 868 citius
3541 811 3827 878 frangitur,
3862 811 4004 865 inter
4038 824 4149 863 etc-

2566 912 2711 959 teras
2736 902 3074 957 metallorum
3130 902 3340 970 species
3383 915 3581 972 suppar
3628 909 3683 954 et
3729 896 4153 969 contemptibilis

881 1000 1112 1067 invitus;
1141 1008 1196 1055 et
1224 998 1467 1055 fallacem
1495 999 1677 1055 carnis
1702 997 2039 1053 dulcedinem
2077 994 2340 1067 perdidit,
2369 992 2460 1061 qui
2558 993 2848 1062 iudicatur.
2881 994 3087 1050 Vitrum
3127 993 3338 1049 scilicet
3364 1008 3430 1047 ex
3462 1005 3629 1045 arena
3674 991 3733 1046 tit
3775 1006 3873 1059 per
3900 990 4153 1045 humana

881 1090 1118 1145 amando
1145 1103 1361 1144 carnem
1386 1090 1646 1143 mentitus
1671 1096 1756 1143 est
1785 1087 2021 1143 veritati.

2565 1086 2700 1141 artis
2724 1085 3063 1149 industriam,
3094 1085 3322 1154 ideoque
3352 1081 3690 1153 compellitur
3714 1080 3963 1152 ingenita:
3987 1077 4155 1149 fragi-

953 1176 1091 1234 ﬂuic
1134 1178 1315 1247 itaque
1356 1178 1579 1248 contigit
1620 1177 1763 1245 quod
1812 1178 2071 1247 scriptum
2112 1185 2235 1230 est:
2271 1193 2289 1227 ε
2324 1175 2464 1230 Ante
2563 1178 2730 1234 litatis
2758 1191 2976 1233 servare
3005 1184 3278 1232 naturam.

881 1267 1099 1324 ruinam
1125 1266 1395 1322 exaltatur
1432 1282 1526 1321 cor
1564 1263 1744 1335 (Prov.
1776 1266 1951 1335 xvtu).
1993 1283 2010 1317 ι
2046 1264 2113 1319 Et
2154 1264 2283 1320 illud
2320 1264 2463 1333 Apo-

882 1358 1013 1417 mli
1042 1375 1058 1415 :
1093 1374 1113 1411 ι
1144 1357 1413 1413 Horribile
1455 1365 1540 1411 est
1569 1356 1807 1412 incidere
1850 1356 1905 1410 in
1932 1370 2124 1409 manus
2150 1356 2249 1409 Dei
2280 1355 2466 1409 viven-

886 1447 958 1503 tis
982 1445 1167 1517 (Hebr.
1194 1446 1248 1515 ι)
1275 1464 1289 1499 :
1323 1464 1340 1497 ι
1372 1444 1521 1511 Quod
1550 1443 1595 1499 si
1628 1445 1706 1497 ira
1731 1444 1823 1499 Dei
1850 1444 2082 1499 viventis
2104 1444 2315 1498 cunctis
2342 1458 2465 1514 pec-

884 1539 1137 1595 cantibus
1155 1546 1238 1593 est
1266 1536 1521 1601 timenda,
1554 1535 1629 1589 illi
1660 1544 1807 1590 certe
1833 1546 1918 1592 est
1940 1536 2191 1591 obnixius
2221 1550 2285 1591 ac
2312 1536 2467 1591 terri-

885 1628 1053 1685 bilius
1098 1625 1467 1692 formidanda,
1510 1624 1603 1695 qui
1651 1624 1866 1682 laborat
1914 1608 2264 1696 impatientius
2312 1625 2463 1679 vitio.

858 1721 993 1792 Qui
1020 1721 1146 1778 dum
1192 1722 1245 1777 in
1287 1729 1511 1791 pectore
1537 1735 1636 1775 suo
1664 1720 2056 1775 stomachantis
2103 1717 2265 1772 animi
2299 1717 2469 1772 turbi-

3160 1284 3389 1343 CAPUT
3431 1284 3561 1339 Vili.

2575 1379 2709 1435 Vitri
2756 1379 3012 1434 condendi
3050 1379 3284 1459 egregius
3315 1379 3510 1459 artifea:
3549 1376 3686 1459 quod
3727 1393 3758 1430 α
3789 1373 3993 1429 Tiberio
4021 1374 4148 1427 iniu.

3030 1456 3300 1518 praemium
3333 1456 3685 1515 reportaverit.

2639 1538 3023 1593 Verumtamen
3063 1536 3230 1590 tradit
3272 1535 3519 1598 historia,
3563 1534 3691 1603 quia
3737 1531 3890 1587 faber
3932 1530 4150 1601 quidam

2570 1628 2670 1683 sub
2691 1625 2907 1681 Tiberio
2926 1624 3139 1681 Caesare
3169 1622 3275 1677 tale
3300 1624 3567 1693 quoddam
3596 1622 3984 1691 excogitaverit
4010 1630 4151 1674 tem—

2571 1725 2967 1787 peramentum,
2996 1728 3102 1783 quo
3129 1714 3325 1768 vitrum
3359 1711 3554 1767 ductile
3598 1710 3750 1765 fieret
3792 1720 3954 1778 atque
3998 1708 4151 1763 ﬂexi-

886 1790 1012 1872 nem
1058 1823 1257 1881 versat,
1290 1790 1494 1869 motum
1522 1813 1689 1869 divini
1720 1813 1919 1868 furoris
1965 1813 2017 1866 in
2066 1826 2125 1867 se
2172 1826 2266 1881 per
2311 1825 2463 1867 suam
2494 1790 2540 1849 Β
2566 1808 2693 1873 bile,
2726 1815 2781 1862 et
2809 1807 2955 1875 iuxta
2984 1813 3233 1860 naturam
3258 1804 3518 1873 cujusque
3545 1802 3770 1865 metalli,
3804 1802 3869 1855 ad
3903 1800 4151 1855 ferientis

884 1905 1220 1962 iracundiam
1265 1913 1539 1975 provocat.
1586 1902 1723 1970 Quid
1768 1904 1911 1958 enim
1950 1902 2157 1971 justius
2205 1916 2365 1971 quam
2407 1912 2464 1957 ut

884 1993 970 2051 Ira
1015 2002 1289 2049 mereatur
1332 1992 1507 2047 iram?
1553 1991 1788 2047 vindicta
1830 1992 2005 2061 pariat
2036 1991 2351 2047 alterutram
2384 2001 2463 2045 ta-

884 2081 1031 2138 lione
1058 2080 1391 2136 vindictam?
1417 2080 1569 2136 Unde
1594 2080 1678 2135 vir
1705 2081 1924 2151 sapiens
1950 2082 2031 2136 ait
2059 2100 2072 2136 :
2110 2099 2129 2133 ‹
2164 2081 2267 2149 Qui
2295 2082 2465 2137 vindi-

884 2170 1000 2227 cari
1026 2170 1155 2236 vult,
1187 2185 1217 2224 a
1259 2171 1368 2226 Deo
1392 2171 1630 2227 inveniet
1653 2172 1967 2238 vindictam,
1996 2180 2049 2227 et
2072 2180 2292 2242 peccata
2322 2172 2465 2226 illius

881 2272 1107 2314 servans
1137 2258 1433 2314 reservabit
1471 2258 1664 2329 (Eccli.
1693 2264 1868 2330 xviii).
1906 2282 1924 2314 ι
1958 2261 2076 2329 Quo
2098 2268 2285 2316 contra
2316 2261 2463 2315 salu-

880 2346 1054 2405 briter
1103 2347 1383 2414 admonet,
1428 2349 1662 2405 dicens:
1715 2370 1733 2401 ι
1776 2350 2039 2420 Relinque
2086 2351 2333 2419 proximo
2377 2360 2465 2405 tuo

880 2438 1099 2493 nocenti
1129 2447 1202 2505 te,
1232 2447 1289 2493 ut
1314 2447 1441 2493 tunc
1463 2440 1775 2509 deprecanti
1808 2441 1900 2495 tibi
1933 2450 2155 2510 peccata
2189 2441 2466 2496 solvantur

883 2528 1076 2600 (Ibid.)
1108 2544 1122 2582 :
1158 2546 1177 2581 ι
1212 2530 1303 2584 ubi
1343 2544 1469 2585 mox
1501 2531 1655 2599 quasi
1687 2533 2111 2601 argumentando
2147 2531 2419 2601 subjungit
2452 2551 2461 2584 :

890 2618 1348 2675 tliomobomini
1376 2628 1556 2674 servat
1580 2620 1738 2685 iram,
1770 2629 1827 2675 et
1868 2636 1899 2675 a
1932 2622 2259 2693 Deo-.qumrit
2288 2623 2468 2677 mede-

884 2706 1030 2763 iam?
1060 2705 1119 2761 In
1145 2707 1416 2761 hominem
1448 2707 1678 2762 similem
1709 2709 1812 2764 sibi
1836 2724 1941 2763 non
1971 2710 2132 2765 habet
2162 2711 2469 2765 misericor-

884 2797 1056 2863 diam,
1078 2797 1219 2852 etde
1238 2800 1475 2866 peccatis
1498 2799 1611 2853 suis
1630 2799 2031 2869 deprecatur?»
2065 2800 2252 2871 (Ibid.)
2278 2802 2469 2857 Adhuc

885 2887 1052 2941 etiam
1081 2886 1227 2942 velut
1270 2886 1604 2956 indignando
1640 2888 1907 2943 subinfert
1938 2907 1951 2943 :
1988 2908 2007 2940 ι
2045 2890 2161 2957 Ipse
2188 2891 2311 2945 dum
2343 2908 2470 2946 caro

884 2974 976 3038 sit,
999 2982 1244 3031 reservat
1264 2976 1421 3042 iram,
1448 2984 1503 3031 et
1529 2976 1964 3046 propitiationem
2013 2980 2149 3049 petit
2188 2994 2217 3032 a
2263 2980 2412 3033 Deo?
2447 2998 2464 3031 ι

885 3064 1077 3137 (1ωά.)
1122 3065 1192 3120 Et
1242 3076 1495 3135 tanquam
1548 3083 1647 3137 pro
1678 3068 1936 3123 iracundo
1957 3069 2075 3123 fusa
2104 3071 2278 3124 oratio
2306 3085 2467 3124 exau~

2570 1902 2736 1955 ictum
2782 1900 3067 1953 infractum
3126 1912 3189 1951 ac
3218 1895 3445 1950 solidum
3492 1902 3850 1963 permaneret.
3897 1892 3998 1957 Qui
4027 1894 4153 1945 dum

2568 1990 2704 2043 aula:
2737 1988 2899 2056 regite
2929 1986 3136 2041 foribus
3165 1983 3354 2039 fuisset
3392 1983 3678 2045 admissus,
3716 1982 3955 2050 porrexit
3988 1980 4158 2047 impe.

2568 2079 2734 2135 ratori
2782 2077 3041 2149 phialam,
3084 2076 3207 2139 hoc,
3239 2073 3379 2144 quod
3425 2058 3883 2143 echgitaverat,
3924 2069 4157 2124 artificio

2568 2175 2942 2236 temperatam.
2976 2164 3146 2231 Quam
3174 2179 3265 2217 rex
3306 2161 3611 2231 indignatus
3636 2160 3815 2214 subito
3842 2160 4072 2228 projecit
4101 2158 4154 2211 in

2568 2258 2929 2328 pavimentum
2976 2273 2989 2307 :
3035 2268 3155 2324 quae
3196 2252 3451 2306 nimirum
3500 2248 3674 2319 phiala
3725 2249 4033 2304 nullatenus
4074 2257 4163 2303 cst

2569 2346 2863 2409 confracta,
2898 2344 2991 2399 sed
3019 2343 3084 2397 ad
3126 2340 3531 2396 similitudinem
3579 2341 3717 2394 rasis
3774 2340 3907 2397 aenei
3938 2338 4020 2392 vel
4066 2353 4157 2390 ar-

2569 2435 2745 2505 gentei
2776 2444 2986 2504 reperta
3017 2442 3099 2488 est
3125 2448 3188 2487 ex
3221 2430 3452 2499 quodam
3486 2434 3654 2484 latere
3678 2429 4015 2496 coniplicata.
4054 2424 4157 2479 Fa-

2569 2526 2665 2580 ber
2709 2534 2886 2578 autem
2933 2524 3181 2592 protinus
3222 2518 3453 2589 phialam
3503 2518 3568 2571 de
3598 2518 3906 2586 pavimento
3938 2516 4155 2578 levavit,

2570 2616 2843 2671 vasculum
2890 2614 2954 2669 de
3000 2614 3118 2668 sinu
3164 2610 3407 2681 protulit,
3441 2620 3494 2663 et
3520 2625 3613 2663 vas
3643 2625 3747 2663 non
3780 2610 4013 2663 scissura
4046 2607 4161 2662 col-

2570 2710 2750 2771 lisum,
2783 2708 2873 2763 sed
2904 2707 3120 2775 oblique
3151 2712 3435 2766 retortum,
3470 2701 3670 2756 metalli
3708 2715 3859 2754 more
3895 2699 4155 2755 correxit.

2574 2799 2683 2853 Hoc
2731 2798 2871 2854 facto
2921 2796 3101 2851 Caesar
3146 2794 3464 2857 admiratus,
3514 2791 3648 2845 dixit
3695 2788 3889 2845 artifici
3934 2806 3945 2841 ς
3993 2788 4159 2841 Estne

2573 2893 2855 2961 quisquam
2887 2888 3024 2942 alius
3055 2894 3252 2959 printer
3299 2894 3369 2947 te,
3409 2883 3498 2951 qui
3548 2883 3687 2936 hanc
3731 2882 3990 2935 ritrorum
4022 2878 4161 2932 sciat

2572 2982 2785 3037 eliicere
2807 2975 3181 3034 condituram?
3202 2973 3357 3031 Jurat
3381 2972 3529 3027 faber
3558 2971 3826 3026 neminem
3852 2982 3971 3024 esse
3998 2981 4159 3035 super

2577 3084 2773 3125 terram
2819 3077 3017 3138 prmter
3059 3081 3116 3121 se
3154 3065 3363 3128 solum,
3407 3063 3497 3131 qui
3540 3062 3693 3131 hujus
3728 3061 3863 3113 artis
3911 3073 4157 3126 compre-

883 3134 989 3211 diri
1025 3134 1132 3210 non
1160 3134 1363 3221 valeat,
1387 3134 1562 3210 donec
1586 3157 1640 3210 in
1673 3157 1950 3212 iracundia
1981 3169 2311 3228 perseverat,
2338 3175 2468 3214 cou-
2497 3134 2541 3196 δ
2574 3162 2774 3216 hendat
2822 3134 3117 3228 ingenium.
3156 3156 3273 3223 Quo
3300 3154 3485 3226 Caesa;
3518 3155 3720 3215 audito,
3755 3152 4009 3221 praecepit
4036 3166 4157 3205 eum

883 3244 1409 3313 venienter-adjeeit:
1430 3264 1446 3296 ι
1470 3247 1605 3313 Quis
1627 3248 1873 3302 exorabit
1896 3262 1991 3317 pro
2016 3247 2228 3303 delictis
2256 3248 2458 3302 illius?»

885 3333 1079 3408 (lbid.)

955 3428 1026 3483 Et
1070 3428 1197 3497 quia
1241 3443 1364 3484 cum
1395 3440 1522 3487 ante
1549 3430 1738 3488 oculos
1780 3439 1995 3489 nostros
2044 3449 2190 3490 mors
2238 3436 2469 3490 celerius

885 3527 1117 3573 ventura
1142 3517 1435 3586 reducitur,
1459 3530 1704 3591 proditus
1728 3524 2019 3581 iracundiae
2045 3536 2221 3580 tumor
2248 3542 2469 3583 necesse

883 3618 969 3665 eat
994 3608 1339 3679 reprimatur,
1369 3621 1495 3681 apte
1537 3614 1804 3669 subnectit
1835 3634 1846 3668 :
1878 3634 1897 3666 ι
1934 3614 2203 3672 Memento
2235 3618 2468 3671 novissi-

883 3714 1132 3765 morum,
1178 3709 1233 3756 et
1282 3690 1465 3757 desine
1514 3704 1816 3771 inimicari;
1868 3694 2171 3761 m'emo'rare
2219 3708 2467 3762 timorem

885 3788 1134 3855 Domini,
1169 3800 1224 3847 et
1261 3808 1365 3848 non
1410 3794 1665 3851 irascaris
1703 3797 1949 3867 proximo
1978 3797 2186 3869 (lbid.).
2226 3819 2242 3851 ι
2273 3798 2470 3869 Repri-

884 3890 1069 3937 matur
1099 3881 1262 3952 igitur
1290 3882 1582 3940 iracundiae
1616 3884 1766 3941 furor
1795 3888 1848 3942 in
1879 3890 2061 3954 corde,
2096 3898 2155 3944 ut
2192 3906 2467 3961 nunquam

884 3984 1239 4041 prorumpere
1266 3973 1434 4042 possit
1461 3974 1514 4029 iu
1544 3989 1752 4031 vocem.
1788 3977 1941 4033 Sicut
1967 3987 2018 4033 et
2060 3979 2113 4033 iu
2144 3979 2471 4038 Ecclesiaste

886 4060 1086 4120 dicitur
1116 4080 1131 4117 :
1168 4080 1188 4115 ι
1221 4062 1389 4119 Aufer
1418 4064 1553 4119 iram
1583 4066 1650 4120 de
1677 4069 1843 4123 corde
1866 4078 1977 4132 tuo,
2007 4079 2063 4125 et
2095 4086 2285 4127 amove
2312 4073 2467 4128 mali-

885 4151 1015 4207 tiam
1054 4168 1086 4207 a
1123 4166 1285 4206 carne
1308 4160 1397 4207 tua
1421 4152 1621 4225 (Eccle.
1657 4157 1753 4227 xi).
1791 4176 1809 4209 ι
1844 4158 1940 4222 Irze
1970 4161 2167 4231 quippe
2211 4171 2466 4232 tanquam

885 4241 1071 4311 rapaci
1100 4249 1261 4311 atque
1288 4245 1549 4314 przecipiti
1573 4246 1787 4301 cuidam
1806 4246 1987 4311 fluvio,
2019 4251 2276 4307 Dominus
2306 4254 2469 4308 trium

884 4328 1287 4386 obstaculorum
1323 4332 1604 4388 sufﬂamen
1643 4337 1914 4406 opposuit.
1958 4340 2014 4393 ln
2060 4340 2257 4409 quibus
2285 4342 2470 4413 utique

885 4420 1088 4479 furoris
1141 4423 1397 4492 impetum
1438 4427 1734 4497 disciplinae
1787 4428 1905 4513 loro
1947 4432 2305 4489 cohibendum
2349 4450 2469 4491 esse

885 4512 1180 4567 mandavit.
1213 4514 1381 4585 680
1402 4513 1643 4571 Primum
1665 4512 1870 4573 scilicet
1892 4520 1943 4573 in
1967 4522 2150 4586 corde,
2174 4526 2465 4580 secundum

885 4602 940 4657 in
972 4612 1211 4673 gutture,
1238 4615 1567 4673 postremam
1607 4611 1961 4679 oppositionis
2001 4622 2198 4667 metam
2240 4615 2469 4683 praefixit

885 4691 940 4749 iu
977 4709 1153 4750 voce:
1183 4712 1200 4747 ι
1230 4694 1441 4761 Omnis,
1482 4698 1679 4767 inquit,
1720 4700 1812 4769 qui
1854 4702 2105 4759 irascitur
2148 4704 2301 4759 fratri
2345 4722 2465 4767 suo.

886 4800 1013 4841 reus
1059 4788 1166 4861 erit
1204 4786 1441 4855 judicio;
1478 4808 1496 4840 ι
1547 4790 1637 4844 hic
1680 4794 1928 4861 opposuit
1975 4795 2181 4850 obicem
2229 4797 2407 4851 cordis
2450 4816 2462 4850 :

890 4892 910 4926 r
958 4874 1062 4943 Qui
1114 4886 1292 4932 autem
1338 4880 1536 4936 dixerit
1584 4884 1770 4950 racha,
1816 4900 1941 4940 reus
1988 4888 2091 4941 erit
2136 4889 2398 4954 concilio;
2441 4908 2459 4940 ι

885 4982 1013 5024 ecce
1052 4971 1389 5026 obstaculum
1429 4976 1659 5044 gutturis
1691 4994 1704 5029 :
1741 4994 1759 5027 ι
1796 4976 1895 5042 Qui
1925 4987 2101 5033 autem
2144 4979 2307 5044 fatue,
2342 4996 2466 5035 reus

884 5058 989 5113 erit
1034 5060 1295 5131 gehennae
1338 5062 1478 5134 ignis
1520 5065 1733 5135 (Matth.
1765 5067 1851 5132 v);
1894 5086 1912 5119 ι
1961 5084 2086 5123 ecce
2131 5069 2463 5125 obstaculum

888 5147 1058 5203 vocis.
1124 5146 1219 5202 ιιω
1245 5161 1369 5204 sunt
1402 5152 1565 5221 igitur
1605 5156 1988 5224 oppositiones,
2022 5167 2078 5212 et
2118 5161 2271 5228 quasi
2318 5176 2462 5229 quae-

888 5237 1011 5293 dam
1047 5247 1250 5303 crates,
1291 5250 1343 5295 et
1387 5244 1581 5299 rudera
1610 5246 1845 5302 caelestis
1871 5249 2103 5317 imperii,
2136 5252 2330 5318 quibus
2362 5252 2467 5304 ira-

888 5330 1100 5386 cundiae
1140 5345 1204 5386 ac
1241 5330 1439 5387 furoris
1487 5334 1718 5404 impetus
1761 5338 2052 5405 premitur;
2101 5348 2154 5392 et
2202 5354 2267 5393 ne
2313 5342 2465 5409 quasi

890 5433 1059 5491 rapax
1086 5420 1283 5477 ﬂuvius
1309 5422 1579 5479 obviantia
1608 5442 1833 5495 quaeque
1858 5426 2151 5494 subvertat,
2180 5430 2278 5483 sub
2308 5430 2468 5484 disci-

892 5508 1051 5578 plina:
1082 5510 1361 5567 rationalis
1379 5511 1584 5581 judicio
1605 5515 1907 5571 cohibetur.
1936 5516 2017 5571 Sit
2045 5532 2172 5587 ergo
2200 5534 2348 5572 mens
2378 5534 2471 5573 no-

893 5607 1003 5657 stra
1041 5618 1149 5658 non
1186 5602 1339 5672 quasi
1376 5605 1591 5670 vitrum,
1620 5608 1761 5675 quod
1798 5608 1863 5662 ad
1902 5608 2131 5677 primum
2165 5609 2467 5678 percussio-

891 5691 974 5747 nis
1019 5694 1183 5750 ictum
1228 5694 1513 5765 impatiens
1556 5695 1840 5767 frangitur,
1881 5699 1975 5754 sed
2022 5700 2239 5767 pretiosi
2288 5700 2471 5769 potius

2572 3249 2817 3317 protinus
2846 3245 3131 3309 decollari;
3166 3244 3421 3297 nimirum
3451 3252 3726 3313 reputans,
3759 3241 3885 3310 quia
3916 3242 3960 3295 si
4001 3238 4159 3306 hujus

2570 3340 2703 3395 artis
2745 3338 3014 3409 exquisita
3066 3334 3337 3391 subtilitas
3386 3334 3437 3387 in
3488 3348 3828 3388 communem
3878 3331 4157 3385 hominum

2573 3433 2819 3487 notitiam
2850 3430 3157 3489 deveniret,
3195 3442 3383 3481 aurum
3429 3434 3820 3495 conspueretur
3856 3432 3914 3476 ut
3961 3424 4153 3487 lutum,

2570 3526 2917 3591 omniumque
2943 3521 3225 3575 vilesceret
3249 3520 3457 3588 Species
3482 3517 3818 3571 metallorum
3847 3532 3860 3569 :
3888 3522 3941 3571 et
3969 3530 4157 3569 revera

2571 3616 2615 3669 si
2644 3623 2752 3667 tam
2784 3611 2992 3683 fragilis
3030 3612 3170 3664 vitro
3200 3620 3395 3662 natura
3421 3608 3651 3672 deesset,
3685 3605 3936 3663 videlicet
3979 3614 4035 3659 ut
4062 3606 4161 3659 du-

2570 3704 2713 3758 ctilis
2754 3700 2965 3766 eii'ecta,
3010 3700 3149 3754 irtus
3192 3698 3439 3753 ferientis
3480 3697 3811 3761 admitteret,
3856 3694 4012 3765 cuius
4060 3709 4161 3747 un-

2571 3807 2731 3861 quam
2778 3789 2981 3845 metalli
3027 3788 3200 3859 fulgor
3243 3787 3631 3858 perspicaciam
3672 3787 3857 3841 vitreae
3898 3784 4161 3839 claritatis

2570 3881 2850 3953 aequaret?
2878 3880 2949 3937 Ut
2981 3881 3145 3953 igitur
3171 3880 3237 3934 ad
3265 3879 3599 3950 propositum
3626 3888 3984 3944 revertamur,
4018 3878 4163 3930 sicut

2570 3975 2767 4030 vitrum
2799 3964 3006 4043 fragilis
3045 3981 3233 4025 natura
3272 3969 3535 4039 depretiat
3564 3979 3619 4024 et
3670 3968 3962 4024 soliditatis
3992 3968 4159 4021 robur

2570 4072 2765 4120 caetera
2794 4062 3009 4118 metalla
3037 4062 3413 4123 commendat;
3453 4061 3524 4115 ita
3555 4076 3652 4131 per
3682 4060 4015 4115 iracundiam
4049 4066 4157 4112 tota

2569 4154 2828 4209 virtutum
2858 4161 3130 4209 structura
3160 4151 3467 4215 collabitur,
3502 4159 3559 4206 et
3604 4165 3699 4221 per
3720 4149 4037 4219 imperialis
4069 4163 4163 4217 pa-

2571 4246 2771 4300 tientia:
2800 4244 3133 4313 majestatem
3170 4245 3457 4297 nitentium
3500 4256 3832 4311 gemmarum
3877 4240 4162 4310 splendore

2570 4351 2855 4391 coruscum
2884 4336 2993 4390 Deo
3019 4336 3071 4389 iu
3096 4335 3249 4389 nobis
3274 4332 3638 4389 habitaculum
3662 4331 3979 4387 fabricatur.
4007 4331 4162 4389 Sicut

2572 4426 2716 4480 enim
2745 4424 2833 4479 illa
2864 4425 3093 4479 virtutes
3117 4424 3379 4488 c‘radicat,
3411 4422 3489 4478 sic
3515 4422 3619 4476 ista
3646 4422 4036 4493 congerminat.

3090 4534 3252 4604 εει
3293 4531 3520 4587 CAPUT
3547 4533 3639 4587 1x.

2573 4632 2764 4686 Beatus
2796 4632 2983 4686 Petrus
3016 4631 3305 4686 Damianus
3333 4633 3399 4684 ml
3441 4634 3771 4686 iracundiam
3796 4647 3992 4702 pronus
4022 4647 4154 4689 auo-

3104 4704 3257 4754 moc'o
3301 4704 3619 4756 moderetur.

2642 4789 2812 4846 Porro
2847 4800 3024 4845 autem
3054 4798 3109 4843 ct
3136 4806 3240 4854 me,
3284 4792 3375 4860 qui
3412 4792 3527 4845 haec
3551 4800 3823 4861 utcunque
3849 4789 4153 4853 conscribo,

2572 4879 2835 4935 naturalis
2865 4880 3155 4934 iracundiae
3183 4882 3493 4949 conspersio
3525 4882 3785 4944 stimulat,
3824 4898 3886 4935 ac
3916 4896 4055 4950 same
4078 4881 4155 4935 ie-

2568 4972 2786 5024 vissima
2818 4970 3068 5038 quislibet
3097 4968 3322 5025 offensio
3355 4986 3616 5027 concussa
3670 4988 3803 5027 meae
3832 4973 4029 5041 quietis
4061 4987 4154 5024 ar-

2569 5076 2703 5115 caua
2729 5061 3045 5129 perturbat;
3080 5070 3137 5113 ut
3167 5062 3218 5114 in
3259 5077 3344 5115 me
3391 5062 3726 5131 plerumque,
3776 5064 3916 5132 quod
3950 5063 4037 5115 vix
4077 5072 4155 5116 est

2571 5164 2667 5204 acu
2703 5150 2781 5203 vel
2814 5150 2965 5219 spina
2996 5150 3185 5205 leviter
3210 5162 3487 5219 punctum,
3546 5153 3819 5220 phalarica
3870 5154 3973 5207 telo
4022 5153 4155 5206 milii

2575 5245 2821 5297 videatur
2858 5259 2979 5298 esse
3014 5241 3336 5312 perfossum.
3372 5245 3565 5298 Letem
3593 5247 3795 5315 virgam
3834 5244 4011 5309 iudico
4042 5254 4129 5297 tau

2577 5349 2747 5397 ream,
2776 5333 3016 5388 tolerans
3060 5334 3343 5402 colaphum
3399 5338 3610 5405 suspiro
3652 5336 4003 5404 plumbatam.
4054 5334 4159 5391 Sed

2577 5428 2691 5481 lucc
2731 5427 3077 5491 intrinsecus,
3117 5439 3380 5495 quantum
3417 5444 3542 5481 vero
3582 5428 3647 5481 ad
3697 5442 3852 5496 opus,
3900 5427 4042 5481 dicat
4081 5429 4157 5481 ira

2577 5519 2717 5588 quod
2744 5518 2879 5583 vnit,
2924 5518 3191 5579 frendeat.
3242 5518 3457 5584 fremat,
3508 5520 3755 5574 dentibus
3804 5520 4024 5586 strideat
4056 5520 4155 5572 :‘iu

2578 5609 2828 5663 omnibus
2858 5610 2942 5663 his
2973 5625 3089 5679 ane
3115 5611 3242 5663 milii
3277 5612 3499 5663 interius
3529 5613 3783 5681 suggerit,
3812 5613 3861 5662 in
3894 5622 4155 5679 quantum

2582 5715 2780 5770 negare
2808 5710 3054 5769 potuero,
3087 5718 3263 5758 metuit
3293 5702 3629 5760 extrinsecus
3676 5705 3999 5776 adjutorium
4049 5719 4157 5759 non
