5882 6646
348 18 3259 239 ψ-

2392 472 2495 529 659
2849 472 2907 525 s.
2938 463 3140 522 PETRI
3168 462 3446 520 DAMIANI
3484 460 3633 519 opp.
3673 458 3906 519 rosus
3939 457 4071 516 seu
4100 456 4295 516 esus.
4330 456 4413 513 ni.
4443 488 4514 501 —
4535 457 4895 517 causam
4928 428 5161 516 vanis.
5492 458 5591 517 suo

2391 576 2611 635 habebit
2633 595 2646 630 :
2671 575 2795 629 licet
2819 574 2995 628 inﬂata
3039 580 3263 641 turgent,
3294 570 3491 635 sumet,
3524 570 3706 633 furiat,
3738 568 3943 629 saeviat,
3974 570 4021 627 Α
4048 584 4153 625 non
4185 572 4402 627 omnino
4426 571 4642 627 delere:
4674 589 4887 642 possum
4910 571 5095 635 lenire,
5129 586 5230 625 non
5263 585 5477 640 prorsus
5504 585 5591 624 ex-

2390 668 2729 728 intumescat,
2763 678 2861 732 ego
2888 663 2985 716 sibi
3013 662 3249 715 membra
3282 676 3395 714 mea
3430 677 3535 714 non
3564 660 3721 723 dabo,
3754 670 3807 713 ut
3858 673 3952 727 per

2389 771 2451 809 ea
2485 754 2636 823 quasi
2668 768 2763 821 per
2815 766 2961 803 arma
3008 750 3146 818 quod
3186 760 3407 803 conatur
3457 748 3668 803 eﬂiciat.
3706 767 3723 799 ι
3759 746 3947 810 Nolite,

2390 841 2562 908 inquit
2583 832 2887 907 Apostolus,
2920 838 3438 891 exhiberemenibra
3466 847 3641 889 vestra
3676 850 3819 888 arma
3851 835 3950 888 ini-

2388 926 2612 995 qnitatis
2648 937 2869 993 peccato
2898 924 3071 981 (Rom.
3104 929 3198 995 Vl).
3235 945 3254 978 ι
3296 926 3407 979 Non
3437 927 3577 979 enim
3624 926 3693 978 illi
3736 926 3803 977 do
3832 940 3949 979 ma-

2389 1030 2515 1070 num
2548 1029 2744 1079 meam,
2768 1024 2825 1068 ut
2854 1030 2945 1083 per
2972 1029 3090 1068 eam
3118 1014 3297 1068 inﬂata
3322 1015 3593 1083 percutiat
3641 1013 3721 1066 vel
3749 1013 3948 1082 aliquid

2393 1105 2585 1169 rapiat.
2615 1102 2726 1154 Non
2761 1102 3015 1171 linguam,
3047 1118 3153 1156 non
3178 1102 3317 1158 labia
3346 1116 3552 1166 moveo,
3579 1112 3636 1155 ut
3660 1116 3756 1171 per
3776 1116 3839 1156 ea
3866 1101 3949 1154 sui

2391 1192 2532 1244 fellis
2571 1191 2981 1245 amaritudinem
3018 1192 3223 1246 fundat.

2462 1281 2594 1332 Dum
2630 1296 2726 1349 ego
2758 1281 2935 1349 itaque
2956 1281 3193 1333 smvienti
3228 1280 3317 1333 iraa
3348 1282 3559 1349 penitus
3606 1280 3719 1333 haec
3752 1279 3947 1331 auxilia

2387 1371 2613 1440 denego,
2640 1386 2855 1423 necesse
2876 1378 2955 1423 est
2981 1382 3036 1422 ut
3064 1386 3186 1423 mox
3214 1371 3358 1423 velut
3382 1372 3495 1423 sine
3519 1371 3713 1439 pabulo
3736 1369 3947 1421 ﬂamina

2388 1457 2629 1515 ﬂacceat.
2677 1466 2769 1510 aut
2816 1473 3036 1525 prorsus
3067 1459 3310 1519 intereat,
3356 1470 3447 1513 aut
3482 1470 3729 1527 tanquam
3761 1467 3951 1511 ventus

2387 1545 2644 1598 inoffenso
2687 1560 2812 1599 aere
2855 1546 3087 1600 inaniter
3135 1556 3414 1612 transeat,
3454 1549 3576 1601 dum
3616 1547 3946 1601 obstaculum

2386 1635 2536 1686 deest
2566 1635 2616 1685 in
2645 1635 2785 1699 quod
2808 1635 3201 1702 praecipitanter
3226 1638 3498 1705 impingat.
3530 1637 3583 1688 in
3606 1636 3946 1703 semetipsam

4050 660 4337 730 stinguere.
4365 661 4549 716 Faciat
4577 663 4629 715 in
4653 678 4735 715 me
4765 662 5127 731 unusquisque
5150 662 5286 729 quod
5312 660 5438 721 vult,
5468 660 5589 715 mihi

4050 767 4267 806 necesse
4288 763 4369 805 est
4400 752 4535 804 intra
4585 753 4949 820 meinctipsnm
4994 751 5299 821 patientiam
5340 766 5589 820 quaerere,

4051 858 4147 897 nec
4183 843 4348 895 debeo
4380 841 4609 894 fructum
4647 858 4712 896 ex
4756 842 4941 895 aliena:
4974 841 5182 894 virtutis
5211 842 5449 894 mercede
5473 855 5589 909 spe-

4048 946 4187 984 rare.
4224 930 4351 983 Nam
4391 932 4477 983 tibi
4510 932 4699 983 desunt
4732 930 4867 983 bella
4899 945 5016 998 qua:
5045 937 5352 998 provocent,
5381 944 5483 981 non
5512 927 5589 983 of-

4050 1019 4218 1073 fertur
4239 1020 4594 1087 victoriaque:
4607 1028 4907 1072 coronetur.
4928 1018 5195 1071 incassum
5211 1016 5375 1085 clypei
5395 1020 5589 1085 tegmen

4047 1096 4351 1177 opponitur,
4374 1108 4636 1175 ubijacnli
4659 1108 4741 1161 vel
4767 1108 5038 1160 mucronis
5059 1106 5199 1159 acies
5219 1121 5320 1158 non
5343 1104 5589 1158 vibratur.

4050 1199 4105 1252 Si
4150 1198 4361 1251 ﬂamma
4414 1198 4645 1253 fornacis
4673 1198 4950 1261 emoritur,
5000 1196 5199 1250 metalli
5249 1195 5447 1264 puritas
5494 1208 5590 1247 non

4044 1286 4340 1353 probatur;
4372 1290 4445 1341 ita
4476 1303 4558 1342 me
4588 1302 4691 1342 non
4733 1288 4903 1340 aliena
4934 1287 5276 1340 mansuetudo
5304 1283 5458 1338 faciet
5501 1299 5591 1353 pa-

4026 1377 4293 1440 tientem,
4348 1378 4441 1430 sed
4482 1378 4617 1429 intra
4672 1392 4756 1431 me
4799 1376 4993 1430 debent
5037 1376 5166 1444 erigi
5213 1371 5593 1442 propugnacula

4050 1468 4299 1530 turrium,
4324 1483 4443 1536 qute
4480 1467 4661 1537 procul
4685 1469 4937 1535 abjiciant
4957 1482 5018 1521 ac
5041 1465 5331 1536 propellant
5357 1465 5596 1527 ingruen-

4049 1556 4178 1609 tium
4210 1557 4450 1610 turbines
4469 1556 4791 1622 jacnlornm.

4119 1644 4242 1698 Haec
4274 1646 4388 1709 tibi,
4421 1645 4743 1699 venerabilis
4772 1644 4949 1707 Pater,
4982 1643 5227 1712 imperite
5245 1641 5457 1703 dictavi,
5494 1654 5591 1695 non

2385 1724 2591 1778 scilicet
2622 1724 2847 1778 infracta
2896 1728 3157 1789 reliditur,
3202 1729 3327 1781 dum
3374 1729 3594 1781 materia
3640 1729 3861 1791 fomitis,
3894 1730 3947 1783 in
4046 1741 4105 1786 ut
4138 1743 4189 1787 te
4210 1736 4447 1797 doceam,
4475 1735 4595 1803 quis
4615 1749 4693 1797 es,
4724 1743 4940 1787 auctore
4968 1733 5094 1794 Deo,
5116 1733 5300 1785 doctor
5323 1730 5591 1795 Ecclesia;

2384 1825 2487 1877 qua
2515 1826 2573 1864 se
2593 1811 2770 1864 valeat
2795 1827 3066 1875 exercere,
3098 1814 3401 1867 frustratur.
3432 1816 3537 1870 Hoc
3560 1819 3701 1871 enim
3729 1833 3948 1886 respon-
4049 1825 4140 1877 sed
4171 1834 4226 1875 ut
4259 1824 4573 1877 turbulentis
4604 1823 4837 1889 mihique
4863 1821 5125 1876 similibus
5154 1834 5358 1887 possem
5397 1819 5497 1873 sub
5518 1817 5595 1871 al-

2383 1897 2485 1951 deo
2512 1899 2627 1963 ira),
2659 1900 2796 1968 quod
2832 1902 3060 1955 titillanli
3082 1903 3321 1955 luxuriae.
3349 1905 3646 1973 Aliquando
3668 1923 3751 1962 me
3782 1909 3939 1963 libido
3970 1910 4015 1970 Β
4046 1916 4327 1969 locutionis
4355 1923 4455 1967 tum
4482 1915 4765 1968 occasione
4794 1913 5064 1983 prodesse.
5092 1911 5195 1965 Nec
5218 1920 5389 1964 tamen
5415 1921 5597 1963 vereor

2384 1990 2692 2053 succendit,
2740 1991 3069 2056 inﬂammat,
3117 1994 3322 2045 viscera
3374 1997 3651 2059 concutit,
3701 2000 3948 2065 genitalia

347 6432 915 6548 ῃ

2383 2070 2613 2145 subrigit
2639 2094 2651 2139 ;
2681 2079 2770 2131 sed
2806 2079 2855 2131 in
2897 2079 2978 2132 his
3008 2081 3253 2134 omnibus
3284 2081 3440 2135 faciat
3467 2083 3577 2150 ipsa
3611 2085 3721 2138 suis
3750 2087 3951 2140 viribus

2386 2175 2676 2232 contenta,
2734 2170 2876 2236 quod
2939 2179 3154 2237 potest;
3210 2187 3328 2225 nam
3386 2189 3517 2227 mea:
3563 2177 3951 2243 cooperationis

2385 2256 2640 2310 auxilium
2668 2258 2867 2312 habere
2891 2274 2991 2311 non
3018 2260 3180 2329 682
3203 2270 3395 2329 potest.
3426 2264 3631 2317 Clamat
3658 2266 3947 2321 iracundiae

2387 2342 2557 2410 furor,
2584 2346 2739 2399 audio
2767 2363 2781 2411 ;
2809 2356 2999 2401 :estnal
3026 2349 3257 2403 libidinis
3280 2352 3457 2415 ardor,
3486 2353 3659 2405 sentio
3684 2369 3697 2417 ;
3730 2354 3818 2406 sed
3847 2369 3947 2408 nec

2385 2432 2492 2486 illis
2538 2434 2858 2490 clamoribus
2900 2438 3076 2491 auxilii
3131 2454 3347 2497 manum
3406 2445 3642 2510 porrigo,
3688 2460 3785 2499 nec
3828 2446 3947 2500 istis

2385 2522 2686 2579 furentibus
2708 2524 2933 2581 ﬂammis
2957 2529 3129 2597 pabuli
3158 2531 3394 2585 fomitem
3422 2533 3767 2590 subministra
3798 2554 3812 2600 ;
3840 2536 3946 2590 illis

2382 2629 2539 2683 opem
2570 2616 2875 2673 ulciscendo
2904 2636 3007 2673 non
3033 2621 3164 2695 fero,
3191 2622 3293 2675 illis
3317 2639 3411 2692 per
3436 2626 3679 2680 eﬂ'ectum
3713 2630 3947 2687 libidinis

2383 2717 2490 2755 non
2528 2704 2751 2761 insuﬂlo.
2784 2707 2893 2762 [loc
2928 2709 3107 2777 itaque
3150 2714 3307 2767 modo
3353 2730 3574 2769 necesse
3621 2728 3701 2771 est
3751 2730 3808 2773 ut
3854 2723 3945 2775 irae

2382 2793 2535 2847 furor
2558 2794 2793 2852 inaniter
2830 2799 3088 2854 evoletac
3116 2802 3351 2867 deficiat,
3396 2815 3450 2858 et
3500 2808 3662 2860 ardor
3710 2810 3943 2867 libidinis

2383 2896 2529 2947 sese,
2581 2885 2704 2939 dum
2730 2890 2969 2943 materiae
2994 2890 3162 2947 fomes
3197 2908 3299 2946 non
3340 2896 3693 2962 ministratur,
3740 2904 3942 2956 exstin-

2380 2982 2529 3040 guat.
2552 2974 2805 3031 Naturam
2826 2980 3019 3049 quippe
3038 2997 3251 3051 possum
3275 2999 3341 3037 ex
3361 2988 3564 3041 ratione
3578 3004 3938 3058 compescere,

4047 2024 4113 2063 ne
4142 2015 4323 2062 saneta
4353 2004 4634 2073 prudentia
4668 2014 4754 2058 tua
4786 2004 5007 2059 moleste
5037 2003 5209 2065 ferat,
5252 2002 5294 2055 si
5340 2000 5464 2070 quid
5497 1996 5595 2054 sibi

4041 2100 4221 2167 junior
4246 2098 4472 2167 quisque
4504 2109 4789 2165 suggerere
4813 2109 4933 2147 cum
4970 2091 5265 2147 humilitate
5295 2097 5595 2160 praesumat.

4050 2205 4168 2244 cum
4216 2203 4318 2242 non
4366 2188 4571 2257 ignoret
4618 2184 4921 2239 hominibus
4964 2182 5270 2251 prophetica
5320 2180 5595 2233 Dominum

4048 2293 4176 2331 voce
4206 2277 4404 2331 dixisse
4438 2295 4449 2328 :
4480 2294 4498 2326 ί
4541 2274 4730 2329 Venite
4773 2281 4829 2327 et
4855 2272 5059 2342 arguite
5084 2286 5167 2324 me
5191 2268 5339 2337 (Iani.
5372 2268 5430 2336 ι).
5472 2286 5491 2319 a
5532 2266 5597 2321 Et

4048 2368 4261 2436 Moysen
4291 2365 4496 2419 Domini
4526 2364 4880 2435 Symmystem
4911 2376 4974 2415 ex
5002 2360 5204 2422 Jethro,
5231 2356 5438 2428 gentilis
5457 2356 5599 2410 vida-

4046 2458 4169 2513 licet
4194 2457 4446 2517 hominis,
4470 2471 4562 2509 ore
4584 2455 4852 2523 patienter
4871 2451 5165 2505 audivisse:
5187 2467 5204 2500 ς
5228 2446 5399 2501 Stulto
5419 2444 5595 2499 labors

4047 2546 4377 2601 constitueris
4407 2544 4600 2613 (Exod.
4632 2541 4879 2608 xxxviii).
4922 2558 4941 2592 ι

4115 2635 4463 2703 Omnipotens
4505 2634 4663 2695 Deus,
4718 2633 4808 2699 qui
4859 2637 4927 2693 te,
4978 2624 5273 2683 venerande
5309 2624 5411 2689 vir,
5446 2620 5596 2678 nobis

4046 2725 4365 2780 incolumem
4398 2723 4644 2787 reddidit,
4681 2730 4734 2775 et
4776 2719 5024 2773 vitiorum
5064 2716 5294 2771 omnium
5342 2723 5392 2769 te
5436 2712 5599 2767 faciat

4043 2816 4246 2868 evitare
4270 2813 4591 2882 squalorem,
4636 2820 4689 2863 et
4716 2817 4965 2877 tanquam
5005 2821 5071 2861 ex
5112 2813 5261 2860 cocto
5288 2818 5381 2874 per
5424 2803 5594 2872 ignem

4043 2904 4262 2960 vasculo
4281 2919 4378 2959 suo
4400 2901 4752 2974 spiritualium
4774 2901 5026 2954 virtutum
5056 2900 5260 2966 ingerat
5277 2896 5591 2952 claritatem.

4370 2993 4450 3047 Sit
4482 3008 4665 3047 nomen
4695 2990 4906 3045 Domini
4941 2989 5275 3043 benedictum.

2411 3116 5571 3151 ___.____________________________

2380 3235 2737 3310 ⁸⁸³⁸⁸⁵
2790 3258 3621 3376 OPUSCULUM
3703 3266 4914 3399 QUADRAGESIMUM
4998 3262 5577 3379 PRIMUM.

3248 3475 3352 3535 DE
3395 3478 3771 3540 TEMPORE
3814 3478 4315 3542 CELEBRANDI
4358 3481 4715 3543 NUPTIAS.

2380 3732 2856 3816 Assanitarum:
2876 3734 3041 3816 Totus
3064 3747 3145 3792 est
3170 3755 3219 3793 in
3249 3740 3595 3816 confulandis
3612 3745 3929 3813 quihusdam
3954 3748 4043 3816 qui
4067 3762 4310 3802 asserere
4330 3760 4435 3801 non
4459 3744 4845 3802 erubescebant
4866 3743 5076 3816 nuptias
5105 3750 5340 3816 tempore

5364 3741 5589 3811 suadu-

2450 3804 2734 3926 gsimalis
2766 3803 2955 3888 jejunii
2986 3815 3307 3888 conti-artas.
3348 3803 3643 3866 dummodo
3659 3817 3844 3884 copula
3882 3803 3986 3869 non
4024 3818 4339 3883 intercedat,
4378 3816 4581 3870 validas
4618 3830 4760 3882 esse,
4804 3823 4859 3869 et
4884 3803 5001 3869 ideo
5026 3827 5127 3867 non
5151 3803 5338 3868 debere
5361 3803 5588 3870 dissolvi.

2526 3875 2693 3926 tendit
2720 3884 2881 3926 I2Illll‘
2902 3888 3114 3926 "001138
3141 3892 3421 3926 consensu-
3456 3886 3885 3926 nnlhommnhiln,
3913 3887 4175 3926 nanti-nlui,

2526 3875 2693 3927 tendit
2720 3875 2881 3941 igitui‘
2902 3878 3114 3944 nuptias
3141 3892 3421 3942 consensu,
3456 3875 3891 3948 nomconcnbitu,
3913 3887 4179 3940 contrahi.

2452 3977 2671 4032 Domnis
2696 3978 2758 4032 V'.
2807 3991 2861 4035 et
2904 3980 2988 4045 P.,
3032 3982 3296 4052 religiosis
3342 3983 3648 4041 Faventinze
3690 3989 3941 4045 Ecclesia:

2383 4066 2613 4129 clericis,
2649 4068 2857 4124 Psrnus
2883 4079 3130 4139 peccator
3157 4076 3449 4129 monachus
3493 4074 3741 4133 fraterna:
3766 4079 3941 4134 chari-

2386 4155 2509 4208 tatis
2534 4156 2865 4226 obsequium.

2889 4246 3113 4304 CAPUT
3144 4243 3429 4306 PRIMUM.

2474 4333 2692 4404 Tempus
2720 4335 3009 4390 celebrandi
3034 4340 3240 4408 nuptias
3272 4355 3337 4393 ea:
3356 4341 3525 4394 sacris
3548 4343 3851 4398 canonibus.

2450 4421 2765 4491 Conquesta
2794 4432 2876 4479 est
2906 4424 3033 4481 mihi
3070 4435 3249 4482 vestra
3287 4428 3615 4496 fraternitas,
3644 4433 3785 4499 quod
3824 4433 3943 4502 qui-

2386 4510 2507 4563 dam
2534 4511 2906 4567 ecclesiasticae
2934 4515 3221 4584 disciplina:
3248 4516 3488 4571 ordinem
3531 4518 3939 4586 confundentes,

2384 4608 2437 4652 et
2474 4600 2626 4668 juxta
2674 4602 3019 4669 prophetam,
3070 4603 3235 4659 Deum
3279 4614 3537 4673 ponentes
3579 4619 3700 4677 post
3744 4625 3941 4680 corpus

2386 4703 2540 4741 suum
2581 4688 2794 4759 (Ezecli.
2839 4690 2900 4760 ι),
2940 4680 3391 4761 quadragesima“
3424 4693 3626 4763 jejunio
3656 4700 3938 4752 matrimo-

2386 4774 2531 4827 nium
2555 4778 2911 4841 contrahunt;
2943 4780 3035 4833 sed
3072 4788 3130 4833 ut
3153 4795 3416 4836 canonum
3448 4786 3768 4838 sententiam
3811 4787 3940 4840 sub-

2387 4865 2692 4936 tet-fugiant,
2726 4881 2888 4921 uxore
2914 4869 3066 4923 ducta
3094 4880 3148 4925 et
3190 4871 3470 4927 celebratis
3500 4875 3720 4943 nuptiis,
3768 4876 3939 4930 solum

2386 4953 2726 5010 concubitum
2753 4953 2985 5010 defuisse
3014 4959 3354 5029 contendunt.
3386 4962 3608 5017 Accedit
3647 4964 3819 5019 adhuc
3851 4979 3940 5020 ve-

2384 5048 2511 5093 stra:
2544 5042 2804 5109 querelae,
2840 5045 2980 5112 quod
3028 5047 3241 5115 gravius
3265 5059 3365 5114 est,
3398 5051 3524 5120 quia
3559 5053 3819 5117 nonnulli,
3849 5053 3940 5123 qui

2386 5128 2721 5195 specietenus
2767 5132 3067 5199 spirituales
3111 5135 3397 5204 videntur,
3445 5151 3498 5194 et
3543 5141 3939 5213 Scripturarum

2388 5219 2486 5272 sibi
2533 5220 2810 5273 scientiam
2854 5223 3121 5279 vindicant
3148 5265 3163 5290 ,
3210 5226 3327 5283 illos
3370 5246 3624 5287 excusare
3674 5236 3937 5289 nituntur.

2386 5312 2519 5367 Nam
2558 5328 2678 5368 cum
2710 5328 2972 5387 canonum
3003 5316 3255 5373 decernat
3281 5320 3570 5375 auctoritas
3614 5331 3673 5376 ut
3716 5326 3940 5392 quicun-

2387 5415 2491 5471 que
2517 5418 2547 5455 a
2584 5402 2981 5474 Septuagesima
3029 5422 3196 5475 usque
3239 5410 3304 5464 ad
3333 5420 3551 5466 octavas
3578 5413 3813 5482 Paschze,
3845 5417 3940 5471 tri-

4041 3989 4328 4059 perliibent
4345 3989 4507 4044 dividi
4530 4003 4635 4043 non
4662 3988 4876 4054 debere,
4898 3988 4989 4057 qui
5014 3987 5175 4042 dilato
5202 3986 5454 4040 duntaxat
5472 3998 5589 4039 car-

4046 4079 4152 4132 nali
4185 4079 4528 4141 commercio,
4573 4078 4839 4162 prgdictis
4887 4078 5212 4146 temporibus
5246 4075 5586 4130 fmderantur.

3969 4142 4013 4203 (ἶ
4046 4168 4196 4235 Quod
4224 4171 4475 4224 nimirum
4506 4142 4665 4238 quam
4699 4142 5012 4233 absurdum,
5050 4179 5311 4238 quamque
5335 4164 5591 4221 sit‘frivoo

4042 4258 4174 4322 lum,
4205 4261 4444 4328 quisquis
4467 4268 4736 4327 utcunque
4761 4258 4911 4315 sacri,
4931 4257 5127 4326 eloquii
5162 4254 5317 4309 limen
5342 4254 5482 4317 terit,
5512 4250 5590 4307 fa-

4042 4348 4145 4401 cile
4168 4348 4531 4417 deprehendit.
4560 4348 4615 4401 Si
4646 4348 4788 4401 enim
4810 4346 4931 4414 jure
4961 4346 5012 4399 in
5039 4344 5316 4399 concubitu
5345 4352 5589 4398 constare

4042 4438 4238 4505 nuptire
4273 4439 4642 4508 perhibentur,
4693 4426 4819 4506 quid
4872 4445 4955 4491 est
4995 4435 5135 4505 quod
5184 4434 5319 4489 sacri
5360 4445 5591 4488 canones

4041 4527 4323 4595 prohibent
4352 4536 4409 4580 ut
4451 4527 4652 4595 absque
4679 4526 4905 4595 publicis
4949 4526 5146 4596 nuptiis
5187 4538 5449 4593 nunquam
5477 4538 5593 4577 ma-

4042 4615 4348 4668 trimonium
4383 4615 4700 4683 copuletur?
4744 4614 4989 4684 Nunquid
5039 4615 5137 4669 hoc
5174 4612 5373 4675 volunt,
5411 4620 5468 4665 ut
5508 4610 5595 4665 vir

4041 4705 4194 4759 uxori
4248 4704 4459 4773 publice
4518 4704 4848 4758 misceatur?
4897 4703 5136 4772 Cumque
5179 4702 5278 4755 hoc
5327 4701 5458 4755 adeo
5515 4698 5587 4754 sit

4040 4794 4379 4847 inhonestum
4438 4800 4492 4848 et
4539 4794 4742 4863 pudore
4804 4792 5185 4861 plenissimum,
5233 4798 5289 4842 ut
5334 4788 5387 4841 in
5424 4788 5589 4842 totius

4039 4883 4256 4937 humani
4282 4883 4494 4953 generis
4519 4893 4626 4937 tam
4658 4882 4882 4952 prolixis
4905 4882 5145 4935 aetatibus
5172 4893 5327 4933 nemo
5352 4892 5581 4947 unquam

4038 4981 4234 5041 praeter
4257 4973 4656 5029 duoshomines
4683 4974 4733 5026 id
4780 4981 5069 5027 attentasse
5094 4970 5311 5040 legatur,
5342 4967 5583 5021 Paridem

4040 5062 4304 5129 videlicet,
4334 5072 4387 5117 et
4422 5064 4705 5132 quemdam
4732 5061 5139 5131 philosophum;
5174 5057 5433 5127 quomodo
5470 5055 5579 5109 ﬁeri

4037 5153 4295 5207 canonica
4336 5168 4560 5206 censura
4613 5151 4851 5220 praecipit
4901 5150 5040 5219 quod
5071 5145 5335 5201 effrtenata
5378 5159 5580 5213 quoque

4040 5240 4247 5295 luxuria
4272 5243 4485 5313 gentilis
4526 5240 4700 5310 populi
4733 5239 5087 5308 turpissimum
5109 5235 5401 5307 judicavit?
5422 5234 5577 5287 Porro

4041 5330 4082 5384 si
4111 5332 4410 5399 nuptiarum
4437 5330 4721 5385 celebritas
4768 5329 4819 5381 in
4865 5327 4977 5382 solo
5022 5327 5217 5380 carnali
5268 5323 5578 5377 commercio

4042 5418 4405 5481 constituitur,
4426 5416 4551 5487 quid
4572 5425 4654 5472 est
4690 5418 4830 5485 quod
4859 5416 5116 5469 secundas
5140 5412 5451 5466 contrahere
5484 5426 5578 5466 nu-

2387 5490 2590 5559 busque
2627 5492 3042 5549 hebdomadibus
3066 5506 3187 5551 ante
3212 5497 3549 5557 festivitatem
3576 5508 3742 5559 sancti
3769 5476 3934 5562 Joan—
3965 5476 4015 5536 Β
4043 5508 4179 5577 ptias
4208 5476 4424 5562 viduata
4442 5476 4655 5576 quoque
4677 5476 4902 5576 persona
4928 5504 5251 5573 permittitur
5276 5518 5291 5567 ;
5336 5516 5364 5554 a
5413 5499 5578 5555 tertiis

2390 5580 2496 5645 uis,
2530 5581 2595 5635 ab
2617 5582 2854 5637 Adventu
2886 5599 3095 5655 quoque
3122 5586 3326 5643 Domini
3355 5606 3521 5659 usque
3562 5602 3678 5661 post
3702 5595 3936 5666 Epipha-

2394 5669 2557 5733 niam,
2589 5672 2795 5740 nuptias
2828 5674 3227 5739 celebraverint,
3256 5690 3569 5747 separentur
3594 5698 3606 5744 ;
3636 5683 3707 5737 illi
3742 5686 3793 5739 in
3824 5687 3937 5741 solo

2394 5757 2607 5825 nuptiali
2636 5761 2915 5815 concubitu
2946 5764 3195 5833 nuptialia
3215 5766 3335 5836 jura
3357 5768 3704 5836 constituunt,
3735 5788 3930 5842 eosque

4045 5612 4169 5651 vero
4208 5598 4291 5652 vel
4344 5598 4549 5666 quartis
4583 5597 4900 5652 auctoritate
4942 5594 5195 5649 canonica
5236 5589 5579 5661 prohibetur!

4045 5684 4288 5755 Nunquid
4316 5695 4594 5756 postquam
4618 5687 4701 5740 vir
4724 5685 4872 5741 uxori
4895 5683 5127 5739 secunda
5168 5682 5280 5736 vice
5307 5678 5580 5750 conjungi-

4047 5786 4153 5840 tur,
4178 5775 4284 5843 jam
4311 5777 4481 5832 redire
4504 5776 4567 5831 ad
4596 5784 4768 5831 torum
4793 5790 4943 5831 suum
4968 5773 5189 5828 ulterius
5208 5813 5221 5837 ,
5250 5770 5388 5841 quod
5413 5767 5579 5825 omni-

5764 127 5770 219 1
