5882 6600
894 348 992 410 661

1572 355 1815 413 OPUSC.
1854 355 1989 412 XLI.
2031 387 2095 397 --
2138 356 2227 410 DE
2266 350 2590 409 TEMPORE
2627 352 3061 411 CELEBRANDI
3096 356 3411 414 NUPTIAS.

2828 246 2842 273 \

4022 356 4137 415 66!

888 482 959 522 no
988 466 1269 521 ridiculum
1300 475 1398 532 est,
1429 466 1763 535 denegatur?
1794 466 1946 519 Enim
1971 481 2099 520 vero
2129 466 2172 518 si
2197 462 2451 518 concubi-
2482 468 2530 524 Α
2562 464 2668 518 vim
2712 479 2948 519 canones
2994 466 3137 520 sacri
3194 464 3496 526 continent,
3558 479 3718 531 quam
3788 466 4137 533 pragmatica:

892 568 981 614 tus
1030 560 1229 630 nuptiae
1268 570 1431 627 sunt;
1464 562 1677 628 quoties
1722 560 1806 613 vir
1851 559 2060 614 mulieri
2110 558 2452 618 admiscetur,

846 686 851 689 Α
890 650 1047 707 toties
1072 651 1255 719 procul
1281 651 1440 705 dubio
1465 652 1676 719 nuptias
1706 651 1981 705 celebrare
2007 649 2368 703 convincitur.

961 742 1293 811 Quapropter
1318 743 1363 795 si
1390 744 1603 796 carnale
1631 745 1898 813 negotium
1924 744 2043 812 quis
2070 744 2274 796 centies
2303 743 2456 795 itera-

886 834 1046 895 verit,
1082 848 1187 887 non
1219 834 1373 887 modo
1404 835 1708 898 multinubi,
1732 844 1918 889 contra
1958 836 2271 888 canonicam
2302 849 2459 903 regu-

886 920 1015 987 lam,
1044 922 1139 976 sed
1183 929 1237 976 et
1281 924 1555 978 centinnbi
1602 924 1804 979 crimen
1864 924 2112 978 incurrit.
2166 923 2317 990 Quod
2365 924 2459 992 qui

886 1010 1163 1078 praesumit
1208 1020 1449 1066 astruere
1477 1050 1491 1077 ,
1542 1012 1658 1067 sine
1704 1010 1865 1067 dubio
1920 1014 2156 1067 creditur
2200 1014 2455 1069 insanire.

885 1093 1213 1152 Concubitus
1238 1100 1451 1169 quippe,
1480 1103 1567 1169 qui
1602 1110 1778 1156 tamen
1818 1100 1939 1169 jure
1967 1102 2317 1172 permittitur,
2351 1119 2457 1157 non

886 1186 1102 1255 neptim,
1134 1188 1226 1241 sed
1251 1202 1337 1242 res
1364 1198 1445 1242 est
1466 1189 1642 1257 potius
1672 1189 1999 1257 nuptiarum.
2038 1207 2056 1240 ‹
2096 1188 2208 1243 Non
2244 1190 2409 1253 enim,
2436 1209 2454 1240 ι

880 1275 1036 1345 juxta
1074 1276 1268 1330 Leonis
1307 1291 1457 1345 papae
1493 1278 1838 1343 sententiam,
1867 1279 2083 1331 «omnis
2122 1279 2316 1333 mulier
2340 1278 2459 1332 viro

880 1365 1065 1436 juncta
1122 1380 1257 1419 uxor
1297 1376 1380 1420 est
1420 1366 1563 1433 viri;
1595 1368 1719 1435 quia
1764 1382 1861 1422 uec
1902 1367 2077 1421 onmis
2120 1366 2261 1421 ﬁlius
2288 1368 2459 1421 haeres

885 1464 967 1510 est
990 1455 1179 1523 patris.
1210 1473 1230 1506 ι
1264 1453 1329 1507 Ει
1349 1454 1507 1524 paulo
1526 1465 1643 1523 post
1669 1472 1682 1508 :
1712 1473 1729 1505 α
1758 1454 1871 1508 Non
1894 1456 2115 1509 dubium
2138 1464 2240 1520 est,
2264 1455 2457 1523 inquit,

884 1558 1005 1599 eam
1032 1543 1305 1598 mulierem
1329 1560 1431 1599 non
1456 1545 1727 1613 pertinere
1743 1544 1813 1597 ad
1836 1543 2252 1607 matrimonium,
2283 1544 2333 1597 in
2356 1558 2460 1611 qua

884 1632 1109 1687 docetur
1144 1633 1378 1702 nuptiale
1426 1648 1529 1687 non
1577 1632 1743 1687 fuisse
1790 1632 2126 1702 mysterium.
2168 1650 2186 1682 ι
2221 1632 2278 1686 in
2310 1630 2462 1699 cujus

884 1722 1067 1790 itaque
1115 1724 1290 1777 verbis
1334 1722 1534 1791 liquido
1586 1722 1912 1791 perpendam
1950 1737 2271 1791 possumus,
2334 1723 2457 1790 quia

881 1813 1027 1867 aliud
1063 1813 1296 1883 nuptiale
1322 1814 1657 1883 mysterium,
1690 1813 1832 1866 aliud
1868 1812 2083 1867 carnale
2110 1823 2193 1868 est
2237 1814 2460 1867 sacrile—
2489 1798 2533 1856 Β

883 1904 1053 1974 gium.
1083 1903 1234 1970 Quod
1276 1904 1419 1959 enim
1470 1904 1728 1959 canonice
1772 1904 1849 1967 fit,
1888 1913 2285 1958 sacramentum
2329 1912 2453 1969 est;

883 1997 1027 2063 quod
1058 2007 1233 2050 autem
1263 2003 1450 2050 contra
1480 2010 1713 2050 canones
1753 2004 2065 2063 usurpatum
2100 2003 2203 2059 est,
2234 1995 2458 2049 sacrile-

883 2088 1029 2155 gium
1062 2095 1165 2140 est.
1198 2087 1275 2140 Ex
1306 2087 1514 2141 ratione
1548 2087 1746 2155 quippe
1773 2087 2028 2156 temporis
2053 2086 2232 2155 agitur
2257 2096 2314 2139 ut
2355 2099 2459 2139 una

890 2175 1181 2244 eademque
1228 2190 1315 2230 res
1360 2177 1473 2231 sive
1522 2176 1772 2241 salubris,
1824 2177 1936 2230 sive
1978 2176 2137 2229 noxia
2168 2176 2459 2247 judicetur.

888 2268 1139 2338 Quisquis
1166 2272 1306 2324 enim
1344 2272 1745 2326 inhorrescente
1783 2272 1959 2326 hieme
2002 2272 2134 2326 vites
2171 2281 2342 2342 putat,
2380 2272 2462 2326 vi-

887 2373 1046 2413 neam
1077 2360 1318 2428 dissipat.
1351 2359 1451 2425 Qui
1475 2369 1661 2414 aestate
1691 2360 1940 2419 seminat.
1983 2360 2255 2415 frumenta
2279 2359 2464 2429 profli-

887 2454 999 2515 gat.
1030 2443 1176 2500 Tunc
1202 2446 1431 2515 denique
1452 2447 1804 2515 suscipiendis
1831 2448 2125 2503 seminibus
2156 2456 2278 2517 apta
2307 2448 2464 2502 tellus

889 2535 1144 2601 efficitur,
1178 2537 1223 2600 si
1251 2551 1487 2607 congruo
1511 2547 1749 2607 tempore
1777 2539 2062 2593 sarriatur.
2109 2538 2211 2605 Qui
2258 2539 2359 2593 sub
2384 2538 2465 2593 ni-

892 2628 995 2680 vali
1023 2628 1233 2682 turbine
1254 2628 1625 2683 cmmentarios
1647 2630 1919 2693 conducit,
1944 2630 2156 2683 ruinam
2178 2630 2462 2684 construit.

891 2714 993 2783 Qui
1024 2732 1243 2773 succosa
1269 2719 1423 2772 verni
1457 2721 1709 2789 temporis
1745 2720 1884 2789 ligna
1914 2721 2162 2785 succidit,
2194 2730 2253 2774 ut
2280 2720 2467 2775 doma-

890 2813 1004 2860 tum
1048 2809 1280 2877 parietes
1315 2811 1508 2879 erigat,
1555 2820 1612 2864 ut
1657 2811 1985 2880 laquearium
2033 2811 2198 2883 685
2236 2811 2467 2867 tabulata

891 2898 1220 2969 compingat,
1249 2902 1562 2969 supervacui
1589 2918 1648 2957 se
1684 2904 1882 2958 laboris
1925 2904 2213 2958 vexatione
2258 2903 2465 2973 fatigat.

891 2984 960 3041 Et
991 2996 1049 3040 ut
1075 2988 1141 3041 ad
1173 2994 1506 3043 sacramenta
1540 2990 1835 3055 veniamus,
1884 2992 1974 3060 qui
2024 3001 2221 3060 prmter
2267 3000 2467 3045 statuta

894 3084 1133 3142 tempora
1165 3076 1388 3131 clericos
1419 3078 1655 3143 ordinat,
1690 3093 1796 3132 non
1833 3093 1927 3134 eos
1977 3082 2161 3150 utique
2193 3082 2461 3150 provehit,

889 3168 985 3223 sed
1015 3169 1325 3226 offensionis
1350 3171 1707 3239 obstaculum,
1736 3186 1805 3225 ne
1840 3172 1906 3226 de
1942 3180 2138 3227 caetero
2167 3174 2468 3242 provehan-

891 3266 1001 3320 tur,
1033 3260 1268 3327 opponit.
1304 3260 1405 3326 Qui
1438 3261 1659 3330 passim,
1708 3275 1807 3316 nec
1836 3270 1986 3316 certo
2041 3268 2281 3330 tempore
2324 3263 2469 3317 chri-

890 3349 1081 3405 smatis
1116 3348 1196 3404 vel
1238 3348 1487 3419 baptismi
1532 3359 1866 3406 sacramenta
1920 3351 2176 3415 celebrat,
2208 3366 2314 3405 non
2362 3361 2467 3405 tam

889 3436 1072 3508 opifex
1100 3440 1420 3495 sacramenti
1471 3455 1631 3511 quam
1662 3450 1795 3497 'reus
1830 3440 2023 3496 dicitur
2049 3440 2334 3510 sacrilegii.

1516 3570 1745 3627 CAPUT
1782 3568 1845 3625 ll.

1246 3682 1444 3740 Contra
1477 3694 1819 3757 pervertenm
1860 3693 2114 3754 tempora.

962 3798 1101 3855 Cum
1149 3811 1277 3869 ergo
1308 3800 1423 3869 ipsa
1472 3798 1840 3854 ecclesiastica
1881 3804 2219 3859 sacramenta
2248 3798 2467 3855 suorum

895 3894 1199 3957 temporum
1222 3887 1621 3942 vicissitudines
1647 3878 1929 3958 quaerunt;
1945 3888 2293 3959 vigoremque
2311 3901 2468 3941 suum

894 3991 961 4032 ex
1014 3978 1255 4047 deputati
1292 3979 1547 4047 temporis
1590 3980 1930 4051 congruitate
1975 3979 2306 4049 concipiunt,
2363 3994 2471 4050 quo

893 4075 1058 4135 pacto
1112 4067 1225 4121 sola
1284 4068 1627 4122 matrimonia
1686 4070 1831 4125 vires
1892 4068 2089 4124 habere
2124 4076 2396 4139 poterunt,
2425 4070 2469 4124 si

897 4161 1207 4224 temporum
1229 4164 1432 4211 statuta
1454 4155 1806 4212 confundunt.
1822 4157 1895 4213 Ut
1914 4159 2059 4212 enim
2084 4157 2340 4213 Salomon
2365 4158 2467 4211 ait:

900 4263 919 4297 ε
948 4244 1143 4300 Omnia
1201 4255 1410 4315 tempus
1461 4246 1662 4301 habent
1709 4258 1765 4302 et
1816 4249 1929 4303 suis
1972 4248 2163 4319 Spatiis
2192 4257 2473 4303 transeunt

896 4338 1151 4392 universa
1213 4339 1315 4393 sub
1376 4337 1512 4393 coelo
1553 4338 1758 4408 (Ecclc.
1793 4338 1899 4411 tn).
1941 4357 1960 4390 ι
1994 4340 2061 4394 Ει
2110 4339 2271 4410 paulo
2308 4349 2468 4410 post:

900 4445 919 4479 ι
946 4426 1187 4496 Tempus
1199 4425 1359 4482 ﬂendi
1380 4436 1435 4482 et
1461 4437 1670 4499 tempus
1684 4428 1923 4493 ridendi,
1950 4439 2159 4499 tempus
2184 4429 2472 4501 plangendi

893 4526 950 4572 et
977 4527 1192 4587 tempus
1221 4516 1472 4583 saltandi,
1522 4526 1733 4581 tempus
1785 4519 2124 4580 amplexandi
2165 4528 2221 4573 et
2263 4529 2473 4590 tempus

895 4607 1055 4679 longe
1079 4609 1197 4663 fieri
1248 4611 1316 4663 ab
1372 4608 1707 4679 amplexibus
1737 4610 1945 4681 (Ibid.).
1978 4630 1997 4661 ι
2031 4611 2130 4677 Qui
2156 4628 2283 4681 ergo
2312 4610 2473 4668 ﬂendi

898 4704 1145 4767 tempore
1191 4695 1409 4761 saltant,
1433 4706 1487 4751 et
1532 4697 1709 4751 rident
1742 4712 1757 4751 :
1790 4699 1880 4767 qui
1914 4706 2043 4753 tunc
2073 4700 2470 4768 amplexantur,

895 4786 1117 4855 quando
1138 4784 1293 4853 longe
1320 4784 1435 4839 ﬁeri
1462 4785 1528 4840 ab
1555 4785 1892 4853 amplexibus
1926 4785 2142 4851 debent,
2167 4788 2306 4843 sicut
2329 4786 2469 4858 apud

894 4886 989 4928 eos
1017 4874 1279 4942 temporis
1306 4874 1438 4928 ordo
1479 4876 1825 4944 pervertitur,
1856 4877 1933 4930 sic
1968 4876 2184 4945 eisjune
2221 4878 2467 4947 voluptas

898 4964 954 5021 in
984 4964 1425 5029 amaritudinem,
1458 4965 1709 5034 gaudium
1746 4967 1798 5020 in
1838 4981 2146 5029 mmrorem,
2192 4968 2246 5022 in
2282 4969 2472 5023 confu-

897 5057 1113 5114 sionem
1138 5056 1326 5126 gloria,
1358 5057 1411 5111 in
1441 5058 1800 5128 prostibulum
1825 5058 2094 5114 thalamus
2120 5069 2473 5129 permutatur.

897 5144 1033 5202 Cum
1057 5145 1205 5201 enim
1237 5146 1443 5217 legibus
1464 5158 1680 5203 cautum
1717 5148 1816 5213 sit,
1842 5157 1899 5202 ut
1928 5158 2170 5217 tempore
2221 5151 2476 5205 mmsium

899 5235 985 5291 vel
1014 5235 1407 5290 vindemiarum
1438 5254 1775 5308 nequaquam
1818 5254 2100 5294 causarum
2131 5240 2297 5311 litigia
2349 5257 2479 5297 ven-

901 5328 1152 5392 tllentur,
1176 5343 1243 5383 ne
1270 5328 1499 5385 forensia
1550 5331 1763 5402 negotia
1807 5332 2147 5397 dirimantur,
2188 5342 2243 5386 et
2271 5343 2475 5402 tempe.

903 5431 1023 5473 rum
1048 5418 1191 5471 ratio
1215 5414 1339 5480 fert,
1364 5427 1423 5470 ut
1467 5419 1725 5491 quidquid
1754 5430 1878 5475 tunc
1924 5422 1978 5475 in
2008 5421 2366 5477 tribunalibus
2391 5420 2475 5489 ju—

902 5508 1088 5564 dicum
1154 5508 1441 5571 delinitur,
1520 5510 1735 5565 irritum
1810 5522 2121 5576 censeatur;

901 5598 1374 5671 quadragesimale
1417 5609 1628 5673 tempus
1680 5602 1892 5672 nuptias
1936 5620 2041 5658 non
2072 5615 2318 5668 evacuat,
2344 5621 2477 5673 quas

899 5705 1181 5748 unonum
1240 5692 1535 5747 auctoritas
1606 5694 1861 5749 damnat?
1916 5694 2163 5767 Nunquid
2214 5698 2477 5751 mi..orcm

2211 5512 2478 5581 quomodo
2572 5572 2577 5575 ι

2557 553 2899 607 sanctiones?
2933 552 3144 607 Dicitur
3198 553 3506 621 nuptiarum
3538 566 3807 605 summam
3854 567 3972 607 esse
4004 568 4139 607 con-

2559 642 2816 707 cubitum,
2860 644 2951 711 qui
3004 643 3261 697 nimirum
3293 642 3338 697 si
3384 642 3540 710 desit,
3583 643 3821 712 nuptiale
3871 643 3974 699 dici
4028 658 4136 699 non

2557 748 2712 803 posse
2739 733 3078 803 mysterium.

2627 823 2768 891 Ergo
2794 831 2849 876 et
2871 824 3026 876 beata
3064 823 3214 889 virgo
3255 822 3418 877 Maria
3469 823 3613 887 viro,
3669 825 3965 879 secundum
4020 838 4138 890 eos,

2558 913 2848 967 carnaliter
2880 913 3078 980 nupsit,
3116 912 3406 980 qumjuxta
3432 914 3703 984 Evangelii
3757 914 3915 968 fidem
3938 930 4139 983 sponso

2559 1018 2657 1057 suo
2683 1003 2881 1072 Joseph
2923 1003 3145 1072 nuptiali
3179 1004 3535 1058 fcederatione
3575 1006 3826 1059 convenit
3868 1022 3880 1057 :
3922 1023 3939 1055 ε
3973 1005 4135 1071 Ante,

2560 1094 2757 1162 inquit,
2782 1108 2943 1162 quam
2992 1094 3364 1157 convenirent,
3398 1094 3613 1150 iuventa
3645 1105 3727 1149 est
3759 1095 3810 1147 in
3857 1110 4009 1148 utero
4040 1099 4121 1149 ha-

2560 1185 2693 1238 bens
2722 1183 2789 1237 de
2818 1182 3023 1251 Spiritu
3069 1191 3257 1237 sancto
3301 1182 3516 1251 (Matt/1.
3558 1183 3617 1249 ι),
3655 1203 3672 1233 ι
3713 1182 3818 1238 Sed
3855 1184 3982 1252 quia
4033 1199 4097 1237 ut

2560 1272 2794 1343 ptiarum
2837 1270 3154 1325 vocabulum
3185 1280 3431 1341 patenter
3452 1272 3781 1339 evangelista
3816 1286 3922 1325 non
3955 1286 4111 1339 expn

2562 1365 2678 1429 mit,
2713 1366 2937 1435 ideoque
2976 1367 3189 1434 nuptias
3221 1365 3527 1420 celebrasse
3556 1365 3615 1419 Β.
3648 1366 3807 1436 Virgo
3837 1364 3969 1419 mihi
4012 1378 4138 1433 per-

2562 1453 2768 1508 hibenti
2801 1454 3029 1509 fortasse
3053 1469 3158 1507 non
3213 1455 3489 1508 creditura
3515 1454 3893 1523 Expositorum
3927 1456 4143 1521 alimus,

2561 1553 2721 1614 prout
2743 1546 3002 1608 occurrit,
3027 1544 3078 1597 in
3106 1544 3470 1598 testimonium
3493 1544 3808 1598 deducatur.
3833 1542 3914 1597 Ait
3945 1556 4140 1614 nempe

2562 1635 2707 1689 Beda
2745 1634 2797 1687 in
2831 1634 3166 1703 expositione
3192 1633 3427 1687 Matlhzei
3464 1651 3477 1687 :
3516 1653 3533 1685 ι
3568 1633 3866 1687 Notandum
3888 1672 3901 1696 ,
3939 1632 4137 1699 inquit,

2564 1725 2617 1779 in
2656 1725 2846 1793 primis
2897 1725 2949 1778 in
2990 1738 3055 1777 eo
3083 1724 3233 1791 quod.
3264 1723 3341 1776 ait
3372 1740 3383 1773 :
3410 1723 3708 1791 Antequam
3753 1720 4137 1781 convenirent;

2562 1817 2723 1871 verba
2775 1814 3127 1869 conveniendi
3199 1828 3306 1867 non
3367 1813 3542 1881 ipsum
3608 1811 3984 1873 concubitum,
4045 1810 4139 1863 sed

2563 1906 2892 1975 nuptiarum,
2913 1919 3031 1974 quae
3050 1903 3354 1973 praecedere
3383 1903 3578 1964 solent,
3605 1910 3817 1971 tempus
3841 1901 4138 1960 insinuant,

2560 1996 2773 2065 quando
2823 2009 2886 2049 ea
2950 2009 3071 2064 quae
3122 1993 3274 2063 prius
3302 2006 3497 2063 sponsa
3530 1991 3726 2055 fuerat,
3776 1992 3973 2061 coujux
4019 1989 4144 2045 e'sse

2561 2084 2770 2152 incipit.
2816 2081 2957 2150 Ergo
3010 2089 3300 2149 antequam
3353 2080 3725 2145 convenirent,
3772 2080 3903 2134 dicit
3936 2080 4144 2133 :Ante-

2562 2189 2722 2244 quam
2745 2174 3053 2243 nuptiarum
3085 2172 3343 2227 solemnia
3368 2172 3473 2226 rite
3514 2171 3871 2235 celebrarent,
3922 2170 4142 2224 iuventa

2563 2274 2647 2319 est
2701 2266 2754 2319 in
2787 2272 2940 2318 utero
2980 2264 3184 2318 habens
3230 2263 3296 2317 de
3347 2261 3552 2332 Spiritu
3596 2270 3807 2316 sancto.
3863 2260 4141 2329 Siquidem

2564 2361 2866 2409 memorato
2894 2353 3084 2407 ordine
3118 2359 3308 2421 postea
3362 2360 3754 2414 convenerunt,
3795 2351 4012 2419 quando
4054 2348 4145 2405 Jo-

2565 2442 2696 2513 seph
2724 2442 2790 2496 ad
2818 2448 3145 2511 praeceptum
3171 2439 3347 2510 angeli
3374 2440 3582 2509 accepit
3608 2439 3891 2511 coujugem
3921 2454 4095 2493 suam.
4121 2460 4139 2490 ι

2565 2530 2882 2586 Ambrosius
2908 2544 3122 2599 quoque
3152 2546 3165 2582 :
3201 2547 3220 2581 ε
3256 2528 3371 2583 Non
3396 2537 3468 2593 te,
3494 2528 3689 2598 inquit,
3742 2536 3972 2589 moveat,
4003 2531 4147 2597 quod

2567 2619 2879 2689 frequenter
2937 2617 3215 2687 Scriptura
3243 2616 3525 2686 conjugem
3555 2616 3726 2671 dicit:
3767 2630 3871 2670 non
3920 2616 4145 2685 virgini-

2570 2711 2698 2764 tatis
2747 2709 2971 2777 ereptio,
3020 2709 3116 2762 sed
3165 2708 3398 2779 coniugii
3456 2707 3785 2773 testificatio,
3833 2707 4145 2777 nuptiarum

2568 2798 2862 2853 celebratio
2895 2797 3218 2852 declaratur.
3267 2816 3287 2849 ι

2639 2885 2771 2941 Cum
2798 2901 2928 2957 ergo
2974 2886 3093 2942 luce
3140 2886 3341 2941 clarius
3398 2894 3632 2954 constat,
3664 2886 3788 2958 quia
3840 2886 3992 2941 beata
4053 2885 4149 2940 Dei

2568 2976 2815 3032 Genitrix
2846 2978 2996 3048 virgo
3038 2994 3146 3033 non
3191 2978 3406 3048 nupsit;
3439 2988 3495 3034 et
3542 2987 3722 3033 tamen
3776 2978 3927 3047 juxta
3981 2979 4153 3050 686

2571 3065 2868 3136 Scriptum
2920 3067 3267 3134 sententiam,
3308 3068 3512 3137 absque
3554 3067 3716 3122 dubio
3766 3068 3977 3136 nuptias
4005 3069 4150 3122 cele-

2570 3156 2783 3220 bravit;
2842 3156 3113 3224 quomodo
3165 3156 3383 3220 dicitur,
3437 3159 3528 3213 ubi
3589 3159 3906 3212 concubitus
3958 3156 4150 3222 defuit,

2574 3246 2801 3314 nuptias
2823 3245 2929 3299 dici
2962 3262 3066 3300 non
3098 3248 3289 3315 posse?
3314 3246 3422 3301 Nos
3464 3255 3642 3301 autem
3681 3262 3711 3300 e
3740 3248 3955 3301 diverso
3981 3246 4156 3302 libere

2572 3337 2908 3404 profitemur,
2957 3344 3011 3389 et
3056 3337 3401 3391 concubitum
3432 3352 3592 3405 posse
3618 3336 3735 3391 sine
3782 3338 3980 3406 nuptiis
4010 3336 4150 3403 fieri,

2570 3436 2623 3481 et
2654 3427 2769 3479 sine
2791 3427 3079 3480 concubitu
3104 3436 3249 3481 recte
3292 3429 3506 3495 nuptias
3536 3427 3812 3495 appellari.
3848 3426 3985 3482 Sunt
4006 3428 4151 3481 enim

2571 3516 2859 3585 aliquando
2888 3516 3086 3583 nuptiae
3119 3515 3353 3580 caelibes,
3396 3526 3523 3570 sunt
3551 3532 3671 3587 qua}
3703 3518 3875 3587 dignm
3903 3518 4155 3572 dicantur

2572 3608 2771 3676 nuptim
2793 3606 3103 3675 virginales.
3149 3606 3207 3661 In
3257 3608 3455 3677 quibus
3478 3608 3731 3663 videlicet
3770 3608 3849 3663 sic
3874 3624 4012 3663 uxor
4036 3610 4155 3664 viro

2572 3696 2738 3751 dotali
2772 3695 2977 3751 fmdere
3018 3695 3288 3765 jungitur,
3333 3706 3392 3751 ut
3416 3698 3640 3767 prtelato
3664 3698 3901 3753 cmlestis
3930 3698 4153 3752 thalami

2572 3788 2863 3853 desiderio,
2901 3786 3107 3842 carnali
3137 3786 3444 3843 nullatenus
3464 3789 3755 3843 misceatur
3792 3787 3927 3859 (vide
3952 3787 4155 3841 scholia

2570 3878 2639 3931 ad
2663 3878 2858 3931 calcem
2888 3876 3171 3947 opusculi).
3201 3876 3281 3931 Ex
3328 3892 3553 3947 quarum
3596 3878 3802 3933 scilicet
3830 3892 4025 3949 genere
4050 3894 4156 3932 nu-

2573 3968 2805 4039 ptiarum
2828 3966 2888 4021 Β.
2920 3966 3156 4022 Joannes
3178 3968 3508 4039 evangelista
3531 3967 3840 4024 subtractus
3862 3985 3891 4023 a
3926 3969 4157 4024 Domino

2574 4048 2826 4124 traditur,
2879 4059 2970 4127 qui
3018 4059 3276 4113 nimirum
3312 4074 3435 4115 cum
3475 4061 3628 4132 virgo
3656 4060 4036 4131 permanserit,
4075 4060 4161 4115 ni-

2574 4149 2866 4204 hilominus
2899 4158 3077 4204 tamen
3108 4151 3305 4220 nuptiae
3334 4159 3538 4206 vocata:
3566 4161 3716 4217 sunt,
3738 4167 3873 4221 quas
3905 4161 4157 4206 contem-

2570 4240 2698 4309 psit.
2730 4239 2809 4294 Ad
2832 4239 2975 4309 quod
2998 4241 3163 4294 etiam
3212 4242 3519 4310 nuptiarum
3568 4257 3757 4313 genus,
3798 4245 3989 4299 beatus
4015 4244 4158 4313 Apo-

2574 4327 2743 4382 Stolus
2772 4327 3046 4382 auditores
3072 4342 3199 4382 suos
3224 4328 3439 4384 videtur
3464 4330 3711 4395 invitare,
3735 4347 3856 4385 cum
3881 4334 3956 4385 ait
3985 4350 3999 4385 :
4039 4351 4057 4381 ί
4081 4332 4159 4386 De

2575 4420 2773 4489 quibus
2793 4419 3088 4489 scripsistis
3110 4420 3263 4485 mihi,
3294 4419 3493 4475 bonum
3519 4430 3602 4476 est
3628 4423 3827 4476 homini
3872 4423 4160 4478 mulierem

2579 4529 2685 4571 non
2716 4521 2965 4583 tangere;
2996 4522 3215 4582 propter
3244 4512 3654 4568 fornicationem
3672 4522 3853 4567 autem
3870 4516 4161 4582 unusquis-

2580 4618 2686 4675 que
2736 4618 2891 4657 suam
2939 4618 3165 4657 uxorem
3219 4603 3439 4668 habeat,
3484 4611 3538 4658 et
3577 4618 3918 4673 unaquaeque
3963 4604 4161 4658 mulier

2580 4710 2738 4751 suum
2772 4695 2949 4749 virum
2983 4693 3177 4748 habeat
3219 4693 3272 4762 (Ι
3301 4692 3425 4748 Cor.
3462 4697 3581 4764 vlt).
3622 4713 3641 4747 ι
3694 4693 3831 4750 Cum
3876 4695 4159 4749 mulierem

2583 4802 2688 4842 non
2714 4795 2932 4856 tangere
2958 4786 3156 4839 bonum
3200 4800 3320 4839 esse
3374 4785 3549 4853 primo
3604 4784 3913 4855 perhibent;
3965 4785 4162 4839 deinde

2580 4888 2802 4949 propter
2830 4876 3243 4931 fornicationem
3260 4890 3481 4931 uxorem
3504 4877 3704 4932 habere
3720 4892 4161 4945 unumquemque

2577 4969 2851 5031 decernat,
2902 4966 2968 5020 ad
2989 4964 3202 5020 caelibes
3228 4965 3416 5035 procul
3440 4966 3604 5021 dubio
3650 4967 3864 5035 nuptias
3891 4967 4163 5022 discretus

2579 5060 2768 5112 doctor
2798 5057 3011 5121 invitat,
3054 5066 3111 5109 ut
3134 5058 3176 5111 si
3216 5057 3468 5127 laqueum
3500 5056 3872 5112 fornicationis
3896 5057 4162 5112 duntaxat

2579 5147 2809 5201 evadere
2838 5162 3141 5216 possumus,
3176 5146 3396 5201 carnale
3431 5148 3818 5202 commercium
3851 5150 3903 5201 in
3955 5148 4161 5217 nuptiis

2580 5254 2683 5292 non
2712 5252 3037 5306 quaaramus.
3088 5236 3404 5305 Nuptiarum
3438 5237 3594 5306 plane
3635 5237 3866 5292 societas
3896 5238 3963 5290 ab
4003 5237 4161 5294 initio

2581 5337 2798 5398 propter
2823 5328 3145 5397 gignendam
3201 5326 3439 5382 sobolem
3470 5336 3524 5383 et
3552 5328 3951 5398 propagandam
3978 5337 4164 5398 posto-

2580 5420 2793 5475 ritatem
2822 5434 2928 5474 non
2960 5419 3251 5490 ambigitur
3289 5419 3561 5473 instituta.

3177 5510 3404 5567 CAPUT
3439 5511 3523 5565 ΙΙΙ.

2997 5602 3211 5672 Nuptias
3242 5604 3311 5655 ad
3331 5603 3457 5673 quid
3483 5604 3755 5656 institutis.

2653 5698 2921 5764 Quantum
2966 5710 3094 5766 ergo
3138 5697 3203 5751 ad
3248 5696 3621 5765 antiquitatem
3677 5695 3877 5759 saeculi,
3929 5692 4163 5751 intentio
