5882 6726
83 6364 1465 6726 ..μέ

180 2 2462 212 *λ

2418 370 2522 426 ‘63
2616 434 2624 445 ς

2873 370 2928 429 S.
2978 371 3178 431 PETRI
3214 370 3492 433 DAMIANI
3520 377 3670 435 OPP.
3708 378 3944 438 τοιιυε
3979 380 4108 438 SEU
4156 378 4335 435 PARS
4363 378 4450 435 Ill.
4473 409 4547 423 —-
4573 378 4932 439 OPUSCULA
4956 381 5180 440 VARIA.

2414 482 2721 553 nuptiarum
2767 492 2847 537 est
2890 486 3191 551 procreatio
3249 486 3497 541 filiorum.
3534 488 3787 544 Attamen
3837 492 3978 544 sicut.
4004 520 4052 574 Α
4082 490 4247 545 multa
4278 492 4531 546 animalia
4561 492 4614 547 in
4646 492 4866 547 macello
4887 492 5621 563 suntalibripcndibusezsa,

2412 572 2526 625 solo
2583 584 2795 625 vomere
2851 580 2992 625 terra
3045 574 3423 641 proscinditur,
3479 579 3593 641 sed,
3645 580 3829 633 utlioc
3860 580 3972 633 fieri

2411 659 2601 727 possit,
2653 669 2843 713 caatera
2890 664 3189 715 necessaria
3220 667 3457 719 membra
3506 668 3700 720 aratris
3724 677 3972 721 attexun-

2415 754 2539 811 tur;
2588 747 2685 802 soli
2712 749 2861 801 nervi
2894 750 2944 802 in
2972 749 3191 805 citharis
3219 760 3380 821 atque
3429 754 3731 822 hujusmodi
3757 756 3975 811 musicis

2412 838 2557 891 vasis
2577 846 2829 907 aptantur
2866 841 2933 892 ad
2966 850 3205 904 cantum,
3253 843 3348 898 sed
3397 854 3454 897 ut
3513 846 3683 913 aptari
3745 846 3971 913 possint,

2414 924 2669 978 insuntet
2693 935 2885 979 extera
2914 929 2967 981 in
3015 931 3363 1001 compagibus
3406 946 3764 1002 organorum,
3805 948 3922 1001 quae
3945 949 3973 986 a

2412 1012 2724 1066 canentibus
2748 1029 2851 1067 non
2882 1017 3287 1083 percutiuntur;
3318 1020 3390 1073 ita
3415 1030 3467 1073 et
3500 1021 3623 1074 huic
3667 1021 3973 1086 intentioni,

2410 1102 2771 1172 propaganda:
2801 1104 3046 1161 videlicet
3075 1106 3292 1171 sobolis,
3324 1108 3592 1162 adduntur
3618 1118 3671 1163 et
3702 1110 3825 1175 alia,
3850 1126 3971 1165 cum

2409 1198 2633 1259 propter
2674 1193 2966 1263 conjugalis
3006 1195 3328 1249 matrimonii
3376 1210 3808 1263 sacramentum,
3856 1208 3972 1253 tum

2410 1286 2633 1347 propter
2694 1283 2925 1349 speciem
2988 1284 3317 1349 honestatis,
3371 1296 3667 1341 conventus
3722 1288 3970 1343 videlicet

2412 1369 2799 1436 pronuborum,
2826 1370 3052 1426 convivii
3080 1374 3309 1429 celebris
3329 1385 3630 1444 apparatus,
3650 1378 3788 1431 dona
3810 1394 3974 1447 spon-

2410 1459 2563 1524 salia,
2625 1462 2921 1516 tabularum
2975 1466 3233 1525 dotalium
3286 1468 3658 1533 instrumenta,
3707 1481 3760 1525 et
3792 1473 3834 1525 si
3864 1489 3969 1541 qua

2409 1548 2677 1617 scutalia.
2710 1551 2838 1617 Qua:
2862 1555 3104 1609 videlicet
3128 1558 3304 1610 omnia
3339 1560 3491 1612 simul
3531 1560 3713 1626 juncta
3772 1564 3970 1629 nuptiae

2408 1649 2690 1693 vocantur.
2734 1644 2797 1696 Et
2828 1644 2940 1700 lucc
2982 1647 3293 1715 antiquitus,
3328 1659 3385 1703 ut
3414 1650 3723 1718 prtedictum
3769 1665 3872 1711 ρει.
3905 1655 3969 1706 ad

2408 1734 2804 1802 propagandam
2852 1740 3215 1795 tantummodo
3261 1740 3524 1805 sobolem;
3588 1759 3729 1797 nunc
3786 1754 3967 1797 autem

2409 1819 2886 1888 advesperascente
2931 1824 3041 1890 jam
3096 1828 3294 1881 mundo
3342 1836 3395 1880 et
3440 1828 3582 1883 illius
3654 1841 3968 1885 coruscantc

2406 1910 2673 1975 doctrina,
2719 1914 2806 1981 qui
2856 1915 2921 1971 de
2970 1916 3173 1985 virgine
3216 1919 3367 1987 virgo
3406 1928 3508 1983 est,
3547 1922 3613 1973 ad
3660 1922 3963 1975 evitandam

2405 2008 2614 2067 spectat
2652 2003 2835 2070 procul
2899 2004 3059 2059 dubio
3116 2007 3541 2062 fornicationem.
3598 2010 3748 2063 Tunc
3800 2010 3963 2073 enim,

2411 2090 2563 2145 salvo
2589 2091 2764 2147 altiori
2814 2097 3098 2165 mysterio,
3133 2098 3447 2151 dicebatur:
3485 2118 3501 2150 ι
3540 2098 3847 2153 Maledictus
3886 2101 3968 2151 vir

2406 2181 2501 2247 qui
2559 2197 2663 2237 non
2724 2184 2967 2239 habuerit
3015 2204 3195 2243 semen
3247 2190 3297 2242 in
3352 2190 3539 2244 Israel!
3592 2210 3609 2241 ι
3662 2190 3815 2244 .Nuuc
3872 2207 3966 2244 au-

2406 2278 2515 2323 tem
2564 2271 2756 2326 dicitur
2792 2292 2804 2325 :
2859 2293 2876 2325 ι
2917 2277 3053 2341 Viri,
3092 2278 3295 2347 diligite
3344 2294 3539 2333 uxores
3580 2290 3789 2333 vestras
3828 2280 3963 2332 sicut

2405 2358 2654 2417 Christus
2709 2362 2996 2418 Ecclesium
3044 2365 3265 2435 (Ep/tes.
3316 2369 3390 2437 v).
3440 2388 3457 2419 ι
3506 2368 3574 2421 Et
3630 2368 3961 2437 Apostolus:

2413 2465 2431 2498 ι
2462 2447 2694 2518 Tempus
2743 2460 2844 2516 est,
2900 2454 3090 2522 inquit,
3129 2464 3186 2507 ut
3215 2456 3303 2523 qui
3356 2456 3556 2510 habent
3597 2472 3810 2518 uxores,
3846 2466 3965 2509 tan-

2405 2550 2568 2604 quam
2620 2552 2725 2591 non
2783 2540 3039 2595 habentes
3090 2544 3215 2596 sint.
3253 2563 3270 2595 ι
3296 2544 3362 2597 Ει
3392 2545 3623 2598 iterum:
3662 2562 3679 2593 ι
3717 2545 3847 2597 Volo
3872 2560 3967 2598 vos

2405 2641 2595 2683 omnes
2617 2642 2735 2683 esse
2756 2670 2769 2693 ,
2795 2630 2929 2684 sicut
2954 2646 3050 2701 ego
3079 2632 3297 2693 (Coloss.
3327 2635 3429 2702 ut).
3465 2653 3484 2685 ι
3520 2634 3671 2687 Enim
3695 2650 3822 2688 vero
3851 2636 3961 2702 qui,

2402 2718 2548 2774 sicut
2567 2722 2809 2789 superius
2833 2723 3084 2789 diximus,
3111 2742 3330 2778 uxorem
3360 2727 3653 2780 ducendam
3686 2726 3961 2794 praedicat,

2401 2819 2457 2865 et
2478 2824 2583 2864 non
2612 2813 2949 2880 tangendam.
2976 2828 3077 2866 non
3108 2815 3391 2881 exculpere
3419 2816 3645 2882 prolem,
3675 2816 3766 2868 sed
3800 2815 3965 2867 forni-

2402 2900 2635 2954 cationis
2656 2900 2867 2955 videtur
2890 2903 3125 2971 oppilare
3161 2905 3502 2971 voraginem;
3534 2920 3631 2958 ncc
3664 2916 3964 2957 tumescen-

2401 2996 2509 3041 tem
2536 2998 2768 3053 uterum,
2800 2990 3188 3060 infantiumque
3223 2992 3477 3055 balatum,
3528 2993 3618 3046 sed
3652 2992 3962 3046 immacula-

2403 3086 2516 3129 tum
2542 3076 2736 3142 cubile,
2756 3088 2809 3131 et
2837 3078 3131 3151 conjttgalis
3159 3082 3501 3136 continentiae
3528 3083 3799 3135 desiderat
3824 3083 3964 3135 caeli-

2400 3168 2607 3222 batum.
2644 3167 2742 3234 Qui
2775 3170 3024 3223 nimirum
3050 3188 3170 3225 cum
3209 3173 3371 3242 687
3397 3173 3525 3226 dicit
3556 3188 3570 3225 :
3602 3192 3619 3223 ι
3654 3172 3708 3227 Si
3754 3189 3811 3227 se
3855 3190 3958 3227 non
3990 3208 4033 3267 Ο

2400 3257 2697 3321 continent,
2730 3259 2930 3313 nubant
2954 3258 3001 3329 (Ι
3031 3258 3155 3313 Cor.
3190 3276 3317 3327 vn);
3364 3280 3383 3312 ι
3422 3272 3473 3315 et
3507 3262 3631 3314 alibi
3669 3280 3680 3314 :
3714 3282 3729 3312 ι
3764 3262 3961 3315 Rever-

2400 3346 2577 3400 timini
2615 3347 2666 3399 in
2695 3348 2947 3416 idipsum,
2977 3365 3073 3402 nec
3130 3359 3297 3404 tentet
3339 3367 3434 3404 vos
3480 3352 3709 3405 Satanas
3747 3362 3964 3420 propter

2402 3430 2846 3490 incontinentiam
2880 3446 3110 3490 vestram
3135 3438 3355 3507 (Ibid);
3396 3458 3414 3489 ι
3456 3450 3703 3506 patenter
3730 3442 3963 3494 ostendit

2403 3527 2530 3595 quia
2585 3536 2784 3581 mutua:
2833 3528 2971 3581 inter
3017 3528 3268 3599 conjuges
3313 3530 3575 3583 castitatis
3613 3539 3698 3583 est
3742 3531 3959 3595 avidus;

2402 3614 2775 3670 admistionem
2801 3631 2927 3670 vero
2948 3617 3125 3670 Carnis
3152 3617 3415 3685 permittit
3440 3618 3655 3671 invitus.

2472 3705 2695 3760 Constat
2720 3719 2849 3774 ergo
2872 3720 2967 3773 per
2997 3705 3131 3769 haec,
3156 3720 3277 3774 qua!
3302 3707 3547 3774 superius
3577 3706 3960 3775 comprehensa

2404 3802 2546 3857 sunt,
2578 3795 2703 3863 quia
2731 3794 3102 3863 quisquissine
3118 3796 3402 3850 concubitu
3423 3794 3534 3850 fieri
3567 3811 3724 3864 posse
3752 3797 3964 3865 nuptias

2405 3886 2651 3955 denegat,
2698 3887 2952 3941 adversus
2996 3886 3337 3956 Apostolum,’
3390 3900 3484 3954 per
3522 3902 3680 3955 quem
3719 3887 3963 3940 Christus

2404 3979 3083 4050 loquitur,'contumaciter
3110 3988 3331 4051 pugnat.
3364 3980 3465 4045 Qui
3493 3990 3549 4035 et
3575 3995 3761 4035 omnes
3792 3980 3965 4033 bomi~

2405 4085 2502 4123 nes
2529 4069 2640 4123 vult
2694 4070 2833 4126 sicut
2884 4072 3227 4141 semetipsum
3277 4072 3619 4125 continenter
3662 4072 3873 4135 vivere;
3912 4076 3967 4123 et

2408 4167 2586 4213 tamen
2611 4159 2859 4215 admonet
2888 4174 3324 4230 unumquemque
3352 4175 3504 4214 suam
3534 4175 3778 4223 uxorem,
3819 4174 3884 4213 ne
3912 4159 3963 4213 in

2406 4248 2813 4304 fornicationem
2879 4249 3108 4315 labatur,
3166 4250 3381 4306 habere.
3444 4250 3781 4305 Erubescant
3838 4266 3965 4319 ergo

2408 4338 2571 4392 stulte
2598 4340 2887 4407 sapientes,
2916 4348 2971 4393 et
3004 4340 3261 4409 sapiendo
3293 4342 3571 4405 vecordes,
3599 4342 3689 4409 qui
3724 4341 3965 4410 pervica-

2350 4456 2351 4459 η
2410 4428 2548 4482 citer
2598 4437 2844 4483 asserunt
2891 4429 3063 4483 virum
3108 4444 3137 4483 a
3182 4430 3377 4485 femina
3410 4431 3575 4487 dividi
3612 4448 3717 4485 non
3744 4431 3962 4507 debere,

2408 4533 2572 4586 quam
2608 4533 2710 4573 non
2743 4519 3129 4575 interveniente
3180 4520 3467 4575 concubitu
3516 4522 3961 4591 quadragesima“
3994 4543 4039 4600 υ

2410 4614 2646 4678 tempore
2696 4608 2844 4662 duxit
2897 4623 3137 4663 uxorem.
3197 4608 3298 4676 Qui
3340 4608 3588 4664 videlicet
3638 4611 3704 4664 ad
3760 4619 3961 4665 tantam

2414 4695 2732 4766 quandoque
2770 4712 3061 4766 prorupere
3110 4700 3413 4762 vesaniam,
3463 4708 3520 4751 ut
3564 4714 3679 4753 eam
3731 4716 3960 4770 quoque,

2414 4800 2532 4853 (tum
2553 4786 2667 4855 ipso
2694 4796 2880 4840 sancto
2907 4787 2992 4841 die
3018 4787 3330 4851 Parasceve,
3373 4802 3479 4856 quo
3519 4788 3773 4842 Dominus
3794 4790 3963 4843 cruci—

2409 4875 2550 4929 fixus
2579 4883 2681 4938 est,
2715 4889 2743 4926 a
2772 4876 2885 4929 viro
2918 4874 3088 4927 furata
3119 4876 3465 4940 dignoscitur,
3497 4876 3761 4947 ahnegent
3800 4880 3963 4932 relin-

2412 4964 2714 5033 quendam;
2751 4976 2804 5019 et
2831 4964 2956 5018 dum
2992 4966 3325 5033 impudenter
3350 4975 3598 5021 astruuut
3621 4969 3769 5036 quasi
3799 4967 3967 5035 legale

2410 5052 2759 5115 connubimn,
2814 5052 3133 5123 sacrilegum
3186 5054 3441 5110 roborant
3489 5056 3720 5109 versutis
3772 5056 3964 5135 allega-

2414 5142 2649 5219 tionibus
2678 5142 2996 5208 pcllicatum.
3022 5143 3223 5213 Quippe
3246 5160 3364 5200 cum
3392 5147 3647 5200 Dominus
3697 5155 3969 5215 pateretur

2412 5228 2591 5281 crucis
2628 5227 2963 5293 afﬁxionem;
3017 5231 3103 5285 ille
3150 5234 3399 5288 versabat
3455 5236 3507 5289 in
3562 5245 3741 5290 mente
3795 5237 3968 5290 sordis

2418 5318 2733 5389 [sordidam]
2768 5319 2991 5374 luxuriae
3014 5322 3355 5391 voluptatem.
3383 5325 3449 5378 Et
3475 5341 3594 5379 cum
3622 5326 3966 5395 Redemptori

2418 5422 2512 5459 suo
2545 5415 2684 5461 totus
2706 5408 2871 5475 orbis,
2894 5418 2954 5462 ut
2979 5424 3035 5463 re
3064 5418 3185 5464 vera
3209 5414 3369 5481 capiti
3420 5416 3679 5479 membra,
3727 5430 3966 5469 commo-

2416 5496 2581 5560 ritur;
2619 5495 2703 5549 ille
2725 5497 2963 5553 subantis
2988 5499 3220 5555 libidinis
3251 5503 3629 5573 turpitudinem
3656 5506 3965 5558 meditatur.

2420 5585 2555 5648 Quid
2576 5591 2732 5638 aetate
2762 5600 2875 5639 mea
2902 5587 3003 5641 hoc
3032 5586 3323 5644 Dominicae
3346 5592 3521 5645 crucis
3552 5592 3635 5646 die
3659 5594 3965 5659 contigerit,

2422 5673 2689 5728 succincte
2714 5676 3087 5745 perstringam.
3118 5678 3267 5749 Apud
3290 5680 3599 5736 Ravennam
3630 5698 3757 5736 sane
3781 5684 3965 5737 urlgcm

4079 596 4196 650 qua:
4223 583 4493 637 communi
4515 592 4732 638 senatus
4755 583 5019 649 consulto,
5041 593 5095 638 et
5132 585 5393 653 praecipue
5418 584 5622 639 Martini

4078 670 4403 724 venerabilis
4445 673 4682 726 eremita:
4743 672 4979 735 decreto,
5028 673 5204 726 omnia
5247 673 5467 727 canibus
5505 680 5627 726 sunt

4078 756 4339 825 proiecta.
4368 758 4505 825 Quid
4534 759 4694 829 igitur
4730 759 4969 814 facerent
5021 760 5190 815 zelum
5222 759 5311 814 Dei
5350 759 5623 825 habentes,

4077 844 4119 898 si
4152 861 4344 899 novam
4384 856 4605 916 nuptam
4650 848 4879 902 transire
4933 848 4984 901 in
5036 848 5399 917 sponsalitium
5444 859 5622 903 cemo-

4077 942 4215 996 rent,
4240 934 4283 987 si
4310 935 4607 989 amicorum
4638 936 4843 1000 turbas,
4882 936 5064 990 relicta
5097 935 5274 989 crucis
5301 935 5621 999 adoratione,

4076 1022 4344 1093 nuptiales
4370 1024 4566 1079 choros
4595 1024 4790 1080 ducere
4829 1024 5252 1093 comperissent?

4674 1112 4896 1167 CAPUT
4944 1114 5030 1167 ιγ.

4075 1200 4238 1255 Pana
4266 1202 4632 1256 celebrantium
4681 1203 4886 1271 nuptias
4911 1200 5347 1272 quadragesima“
5381 1209 5619 1271 tempore.

4145 1289 4249 1343 Sed
4288 1290 4449 1343 dicite
4485 1290 4636 1355 mihi,
4662 1304 4695 1343 ο
4729 1304 4878 1345 nova:
4932 1291 5240 1345 assertionis
5280 1297 5545 1352 auctores,
5574 1287 5618 1343 si

4071 1394 4197 1434 casu
4225 1380 4524 1447 obrepserit
4570 1380 4805 1443 bornini,
4864 1389 4924 1435 ut
4972 1380 5109 1434 intra
5154 1378 5621 1449 quadragesimalis

4071 1472 4425 1524 observantia:
4477 1487 4694 1525 cursum
4753 1487 4890 1525 uxor
4949 1486 5007 1526 se
5053 1472 5341 1526 carnaliter
5404 1472 5619 1540 jungat,

4072 1562 4221 1613 salvo
4252 1560 4519 1629 coniugio,
4554 1561 4940 1630 pmnitentiam,
4967 1562 5070 1616 illis
5106 1562 5402 1630 imponitis;
5435 1577 5501 1614 an
5530 1574 5620 1613 eos

4074 1647 4141 1699 ab
4180 1648 4403 1700 invicem
4465 1647 4657 1701 solutis
4718 1648 4912 1702 talmlis
4962 1649 5347 1703 interveniente
5392 1647 5620 1701 divortio

4072 1736 4367 1803 separatis?
4421 1734 4522 1789 Sec
4574 1748 4719 1799 ecce,
4751 1737 5005 1790 canonica
5050 1736 5285 1790 decernit
5312 1735 5619 1797 auctoritas,

4002 1859 4041 1916 Β
4073 1838 4129 1879 ιιι
4153 1828 4393 1893 quisquis
4446 1842 4510 1879 co
4557 1836 4797 1897 tempore
4832 1843 4952 1882 cum
4984 1829 5204 1897 conjuge
5248 1828 5460 1890 labitur,
5485 1842 5617 1897 qua-

4072 1917 4313 1983 draginta
4363 1917 4627 1969 duntaxat
4681 1916 4889 1971 dierum
4938 1918 5248 1985 ptrnitentia
5284 1916 5619 1971 reformetur.

4070 2006 4183 2069 Quo
4209 2007 4369 2075 igitur
4407 2016 4563 2075 pacto
4594 2007 4653 2059 in
4704 2007 4818 2062 solo
4848 2008 5131 2062 concubitu
5186 2007 5481 2061 consistere
5517 2020 5617 2059 nu-

4067 2094 4205 2161 ptias
4237 2094 4435 2159 dicitis,
4481 2102 4536 2147 et
4578 2104 4863 2161 utrumque
4917 2095 5054 2148 idem
5104 2108 5220 2149 esse
5254 2103 5436 2147 contra
5461 2093 5625 2148 totius

4068 2183 4205 2235 sacri
4262 2182 4456 2250 eloquii
4509 2184 4831 2237 sententiam
4882 2183 5170 2253 iudicatis?
5206 2200 5325 2238 cum
5376 2184 5620 2239 videlicet

4068 2276 4294 2324 censura
4322 2272 4584 2326 canonica
4626 2273 4841 2342 nuptias
4885 2272 5082 2329 illicitis
5119 2273 5441 2341 temporibus
5471 2272 5621 2326 insti-

4070 2372 4213 2416 tutas
4256 2374 4464 2419 remoto
4518 2366 4664 2418 omni
4712 2364 4960 2435 scrupulo
5010 2365 5237 2429 dividat;
5281 2364 5619 2419 cencubitum

4069 2467 4196 2508 vero
4227 2455 4339 2509 sola
4392 2470 4568 2524 parva:
4620 2456 4972 2523 pmnitudinis
5006 2456 5463 2509 animadversione
5501 2469 5620 2523 per-

4068 2545 4258 2597 cellat?
4314 2546 4511 2607 Dicite,
4576 2547 4822 2614 inquam,
4884 2546 5035 2608 mihi,
5079 2561 5199 2599 eum
5259 2559 5388 2613 pace
5437 2554 5612 2597 vestra

4069 2633 4276 2699 loquor,
4310 2635 4352 2686 si
4380 2635 4430 2687 in
4463 2634 4574 2687 solo
4601 2634 4885 2688 concubitu
4919 2634 5113 2701 nuptiae
5163 2643 5408 2687 constare
5438 2633 5617 2686 dicen-

4066 2721 4146 2772 dae
4180 2732 4323 2783 sunt,
4353 2735 4450 2772 cur
4494 2720 4693 2789 nuptiae
4740 2730 4927 2773 contra
4977 2719 5149 2790 legum
5194 2720 5441 2773 mandata
5493 2734 5619 2772 cou-

4071 2820 4275 2871 tractae,
4302 2825 4472 2875 usque
4500 2810 4567 2863 ad
4597 2811 4880 2863 divortium
4929 2810 5378 2873 condemnantur;
5421 2823 5619 2863 concu-

4069 2900 4199 2951 bitui
4252 2914 4381 2953 vero
4427 2900 4559 2953 levis
4610 2899 4975 2953 tantummodo
5019 2899 5343 2967 poenitentiae
5372 2911 5617 2951 mensura

4068 2987 4395 3057 prmﬁgitur?
4423 2988 4478 3042 Si
4529 2989 4671 3042 enim
4712 2997 4937 3057 utraque
4960 3003 5123 3042 unum
5162 2996 5305 3050 sunt,
5350 2986 5487 3040 sicut
5514 3002 5617 3039 nou

4066 3079 4280 3134 diversa
4343 3089 4469 3135 sunt
4527 3080 4579 3132 in
4616 3089 4855 3147 peccato,
4913 3079 4986 3131 ita
5039 3092 5140 3131 nec
5186 3076 5380 3144 dispari
5430 3076 5620 3129 debent

4066 3170 4344 3237 subjacere
4358 3170 4580 3237 judicio,
4602 3170 4769 3239 688
4782 3178 4835 3223 et
4860 3182 5086 3236 quorum
5117 3175 5199 3220 est
5226 3165 5411 3219 eadem
5435 3180 5613 3227 causa,

4066 3275 4166 3311 una
4199 3260 4479 3328 utriusque
4515 3259 4671 3313 debet
4700 3272 4821 3311 esse
4853 3271 5101 3311 censura.

4136 3348 4303 3401 Porro
4329 3359 4531 3411 autem,
4576 3348 4703 3415 quid
4751 3356 4833 3399 est
4863 3348 4963 3400 hoc
4996 3346 5155 3400 etiam
5185 3345 5325 3413 quod
5362 3344 5613 3399 canonica

4066 3440 4342 3493 sanctione
4372 3439 4697 3507 praecipitur,
4735 3448 4793 3490 ut
4835 3437 5231 3506 virgines,quae
5273 3449 5329 3488 se
5372 3449 5472 3487 non
5524 3450 5619 3486 cu-

4064 3530 4321 3593 stodiunt,
4351 3530 4395 3582 si
4430 3529 4642 3583 eosdem
4675 3526 4763 3595 qui
4789 3542 4881 3580 eas
4915 3525 5225 3579 violaverint
5254 3524 5471 3578 maritos
5523 3540 5612 3577 ac-

4063 3621 4323 3689 ceperint,
4372 3634 4436 3673 eo
4482 3618 4622 3687 quod
4668 3616 4810 3671 solas
4856 3616 5172 3669 violaverint
5219 3615 5445 3681 nuptias,
5498 3622 5614 3681 post

4064 3712 4221 3763 unius
4277 3710 4400 3762 anni
4445 3707 4817 3777 paenitentiam
4871 3702 5326 3760 reconcilientur?
5374 3700 5427 3756 Si
5472 3703 5613 3756 enim

4066 3799 4198 3853 nihil
4228 3799 4371 3851 aliud
4414 3806 4539 3851 sunt
4576 3795 4773 3862 nuptiae
4829 3808 4990 3863 quam
5034 3792 5366 3854 concubitus,
5406 3804 5500 3843 cur
5534 3789 5613 3841 di-

4066 3898 4259 3943 cuntur
4305 3886 4521 3955 nuptias
4570 3885 4796 3938 violasse
4852 3883 5087 3951 virgines
5132 3881 5452 3950 prostituta,
5496 3894 5613 3948 qua:

4065 3976 4304 4048 profecto
4338 3974 4678 4029 concubitum
4722 3988 4828 4027 non
4858 3972 5145 4033 violarunt,
5181 3969 5270 4023 sed
5302 3968 5474 4037 potius
5511 3968 5611 4020 im-

4065 4068 4375 4139 pleverunt?
4404 4066 4558 4119 Enim
4578 4064 4762 4121 verosi
4783 4062 4895 4118 solo
4910 4061 5192 4116 concubitu
5217 4058 5469 4129 nuptialia
5489 4056 5615 4125 jura

4066 4157 4417 4226 complentur,
4460 4155 4571 4225 jam
4606 4168 4710 4208 non
4753 4153 5072 4207 damnentur
5112 4148 5249 4203 fceda
5297 4146 5613 4218 prostibula,

4067 4248 4174 4301 imo
4197 4245 4467 4299 meritoria
4490 4251 4837 4308 coronentur,
4862 4250 4913 4296 et
4943 4239 5066 4294 olidi
5090 4238 5319 4293 fornices
5342 4236 5480 4290 aedes
5507 4235 5614 4289 sint

4064 4335 4348 4404 nuptiales.
4375 4333 4608 4388 Haecine
4630 4332 4838 4386 tandem
4864 4329 5291 4400 philosophorum
5315 4336 5612 4381 nostrorum

4066 4426 4525 4496 argumentatione
4555 4431 4866 4493 perventum
4900 4430 5003 4483 est,
5035 4428 5091 4472 ut
5115 4417 5350 4488 ejusdem
5376 4416 5480 4469 sint
5508 4428 5613 4466 me-

4066 4515 4154 4568 riti
4202 4524 4255 4567 et
4308 4511 4568 4580 nuptiales
4615 4509 4826 4573 tabulzc,
4867 4518 4921 4563 ct
4973 4509 5321 4561 obscenarum
5368 4504 5613 4573 pellieum

4068 4602 4407 4673 voluptates?
4454 4601 4598 4655 Idem
4643 4600 4915 4669 lupanaris
4961 4598 5201 4652 videatur
5246 4610 5362 4651 esse
5408 4592 5614 4649 voluta-

4070 4695 4246 4757 brum,
4280 4691 4419 4761 quod
4458 4690 4628 4745 cubile
4665 4686 5098 4743 immaculatum?

4141 4783 4226 4847 Et,
4254 4792 4309 4834 ut
4337 4796 4454 4834 cum
4487 4781 4762 4835 stomacho
4794 4778 5001 4848 loquar,
5039 4775 5363 4830 tantumdem
5387 4771 5613 4827 furtivus

4069 4872 4315 4925 videatur
4343 4871 4516 4924 valere
4542 4872 4869 4925 concubitus.
4898 4875 5154 4936 quantum
5201 4863 5409 4933 publica
5430 4877 5494 4916 ac
5521 4878 5615 4931 per

4076 4964 4174 5015 hoc
4202 4962 4421 5013 honesta
4448 4950 4730 5013 celebritas
4752 4954 5089 5025 nuptiarum?
5112 4951 5470 5008 Confuudatur
5489 4964 5615 5019 ergo

4074 5059 4287 5105 versuta
4319 5048 4605 5112 calliditas,
4643 5064 4741 5102 nec
4767 5062 4883 5115 quzc
4913 5047 5109 5100 veritas
5135 5050 5393 5114 segregat,
5438 5043 5615 5097 multi-

4075 5139 4309 5209 plicitate
4353 5140 4638 5192 verborum
4669 5136 4895 5207 iungere
4932 5150 4989 5190 se
5031 5150 5186 5203 posse
5225 5133 5471 5188 confidat.
5514 5131 5615 5186 Re-

4076 5233 4334 5298 primatur
4364 5230 4523 5283 etiam
4554 5228 4829 5297 plcctenda
4875 5227 5227 5296 praesumptio,
5271 5238 5336 5277 ne
5364 5222 5505 5291 quod
5537 5232 5613 5277 te-

4077 5322 4321 5376 merariis
4351 5316 4570 5374 ausibus
4604 5335 4741 5373 nunc
4779 5320 5001 5393 latenter
5032 5317 5261 5379 inchoat,
5298 5330 5391 5384 per
5420 5329 5603 5368 conve-

4076 5410 4250 5465 niendi
4298 5409 4483 5462 vitium
4530 5404 4726 5477 passim
4773 5405 5103 5476 postmodum
5164 5405 5434 5459 inolescat.
5484 5403 5617 5457 Diri-

4078 5508 4290 5551 tuautur
4337 5496 4567 5550 infausta
4609 5495 4873 5565 coniugia,
4920 5504 4975 5548 ct
5019 5495 5072 5547 in
5116 5493 5195 5547 sui
5245 5492 5437 5562 vigoris
5480 5502 5616 5544 statu

4076 5590 4431 5643 ecclesiastica
4461 5598 4770 5658 permaneat
4792 5586 5087 5655 disciplina.
5113 5584 5461 5639 Reseindatur
5482 5584 5616 5653 quod

4076 5690 4260 5733 contra
4307 5680 4478 5748 legum
4518 5677 4646 5731 scita
4686 5686 5017 5732 contractum
5058 5683 5156 5742 est,
5188 5688 5253 5727 ne
5282 5687 5494 5735 cancer,
5532 5674 5617 5742 qui

5528 364 5629 422 ιιει

5790 53 5798 169 l
