  <div class='ocr_page' id='page_1' title='image "/cluster/home/n/w/nwhite01/storage/ocr_20150623/144-145/uc1.31175001639262/873.png"; bbox 0 0 5882 6554; ppageno 0'>
   <div class='ocr_carea' id='block_1_1' title="bbox 338 32 3039 249">
    <p class='ocr_par' dir='ltr' id='par_1_1' title="bbox 338 32 3039 249">
     <span class='ocr_line' id='line_1_1' title="bbox 338 32 3039 249; baseline 0.001 -8"><span class='ocrx_word' id='word_1_1' title='bbox 338 32 3039 249; x_wconf 30' lang='grc' dir='ltr'><strong>-ι--ᾉ</strong></span> 
     </span>
    </p>
   </div>
   <div class='ocr_carea' id='block_1_2' title="bbox 2466 462 5669 528">
    <p class='ocr_par' dir='ltr' id='par_1_2' title="bbox 2466 462 5669 528">
     <span class='ocr_line' id='line_1_2' title="bbox 2466 462 5669 528; baseline -0.002 -1"><span class='ocrx_word' id='word_1_2' title='bbox 2466 470 2571 528; x_wconf 73' lang='grc'><strong>667</strong></span> <span class='ocrx_word' id='word_1_3' title='bbox 2928 470 2983 525; x_wconf 89' lang='lat' dir='ltr'><strong>S.</strong></span> <span class='ocrx_word' id='word_1_4' title='bbox 3012 466 3213 524; x_wconf 77' lang='lat' dir='ltr'><strong>PETRI</strong></span> <span class='ocrx_word' id='word_1_5' title='bbox 3251 462 3531 522; x_wconf 71' lang='lat' dir='ltr'><strong>DAMIANI</strong></span> <span class='ocrx_word' id='word_1_6' title='bbox 3569 463 3718 521; x_wconf 78' lang='lat' dir='ltr'><strong>OPP.</strong></span> <span class='ocrx_word' id='word_1_7' title='bbox 3747 463 3981 523; x_wconf 72' lang='lat' dir='ltr'><strong>TOIUS</strong></span> <span class='ocrx_word' id='word_1_8' title='bbox 4017 464 4147 522; x_wconf 81' lang='lat' dir='ltr'><strong>SEU</strong></span> <span class='ocrx_word' id='word_1_9' title='bbox 4186 462 4365 521; x_wconf 76' lang='lat' dir='ltr'><strong>PARS</strong></span> <span class='ocrx_word' id='word_1_10' title='bbox 4400 463 4485 521; x_wconf 86' lang='lat' dir='ltr'><strong>Ill.</strong></span> <span class='ocrx_word' id='word_1_11' title='bbox 4511 494 4581 507; x_wconf 92' lang='lat'><strong><em>—-</em></strong></span> <span class='ocrx_word' id='word_1_12' title='bbox 4606 462 4966 523; x_wconf 76' lang='lat' dir='ltr'><strong>OPUSCULA</strong></span> <span class='ocrx_word' id='word_1_13' title='bbox 5007 463 5233 521; x_wconf 75' lang='lat' dir='ltr'><strong>VARIA.</strong></span> <span class='ocrx_word' id='word_1_14' title='bbox 5577 464 5669 522; x_wconf 69' lang='grc' dir='ltr'><strong>σω</strong></span> 
     </span>
    </p>
   </div>
   <div class='ocr_carea' id='block_1_3' title="bbox 2464 575 5669 646">
    <p class='ocr_par' dir='ltr' id='par_1_3' title="bbox 2464 575 5669 646">
     <span class='ocr_line' id='line_1_3' title="bbox 2464 575 5669 646; baseline -0.004 -3"><span class='ocrx_word' id='word_1_15' title='bbox 2464 587 2633 643; x_wconf 86' lang='lat' dir='ltr'><strong>matio</strong></span> <span class='ocrx_word' id='word_1_16' title='bbox 2662 595 2822 641; x_wconf 70' lang='lat' dir='ltr'><strong>tanta:</strong></span> <span class='ocrx_word' id='word_1_17' title='bbox 2850 583 3185 637; x_wconf 85' lang='lat' dir='ltr'><strong>auctoritatis</strong></span> <span class='ocrx_word' id='word_1_18' title='bbox 3227 581 3483 635; x_wconf 71' lang='lat' dir='ltr'><strong>innitatur</strong></span> <span class='ocrx_word' id='word_1_19' title='bbox 3534 579 4019 642; x_wconf 76' lang='lat' dir='ltr'><strong>testificationibus,</strong></span> <span class='ocrx_word' id='word_1_20' title='bbox 4051 586 4098 640; x_wconf 82' lang='grc' dir='ltr'>Α</span> <span class='ocrx_word' id='word_1_21' title='bbox 4130 578 4278 634; x_wconf 88' lang='lat' dir='ltr'><strong>Unde</strong></span> <span class='ocrx_word' id='word_1_22' title='bbox 4310 578 4599 633; x_wconf 72' lang='lat' dir='ltr'><strong>Alexandri</strong></span> <span class='ocrx_word' id='word_1_23' title='bbox 4638 579 4698 633; x_wconf 92' lang='lat' dir='ltr'><strong>Ill</strong></span> <span class='ocrx_word' id='word_1_24' title='bbox 4724 578 4986 633; x_wconf 88' lang='lat' dir='ltr'><strong>sententia</strong></span> <span class='ocrx_word' id='word_1_25' title='bbox 5018 596 5152 646; x_wconf 72' lang='lat' dir='ltr'><strong>(cap.</strong></span> <span class='ocrx_word' id='word_1_26' title='bbox 5198 575 5402 631; x_wconf 83' lang='lat' dir='ltr'><strong>Verum.</strong></span> <span class='ocrx_word' id='word_1_27' title='bbox 5444 576 5519 632; x_wconf 85' lang='lat' dir='ltr'><strong>De</strong></span> <span class='ocrx_word' id='word_1_28' title='bbox 5558 594 5669 632; x_wconf 83' lang='lat' dir='ltr'><strong>con-</strong></span> 
     </span>
    </p>
   </div>
   <div class='ocr_carea' id='block_1_4' title="bbox 2465 649 4018 726">
    <p class='ocr_par' dir='ltr' id='par_1_4' title="bbox 2465 649 4018 726">
     <span class='ocr_line' id='line_1_4' title="bbox 2465 649 4018 726; baseline -0.006 -17"><span class='ocrx_word' id='word_1_29' title='bbox 2465 656 2705 726; x_wconf 87' lang='lat' dir='ltr'><strong>talesque</strong></span> <span class='ocrx_word' id='word_1_30' title='bbox 2740 656 2936 726; x_wconf 72' lang='lat' dir='ltr'><strong>habeat</strong></span> <span class='ocrx_word' id='word_1_31' title='bbox 2990 663 3264 722; x_wconf 89' lang='lat' dir='ltr'><strong>patronos,</strong></span> <span class='ocrx_word' id='word_1_32' title='bbox 3308 664 3441 717; x_wconf 86' lang='lat' dir='ltr'><strong>quos</strong></span> <span class='ocrx_word' id='word_1_33' title='bbox 3488 649 3742 726; x_wconf 71' lang='lat' dir='ltr'><strong>credibile</strong></span> <span class='ocrx_word' id='word_1_34' title='bbox 3784 659 3864 701; x_wconf 84' lang='lat' dir='ltr'><strong>est</strong></span> <span class='ocrx_word' id='word_1_35' title='bbox 3914 664 4018 726; x_wconf 78' lang='lat' dir='ltr'><strong>non</strong></span> 
     </span>
    </p>
   </div>
   <div class='ocr_carea' id='block_1_5' title="bbox 2461 718 4021 790">
    <p class='ocr_par' dir='ltr' id='par_1_5' title="bbox 2461 718 4021 790">
     <span class='ocr_line' id='line_1_5' title="bbox 2461 718 4021 790; baseline -0.005 -12"><span class='ocrx_word' id='word_1_36' title='bbox 2461 718 2947 778; x_wconf 50' lang='lat' dir='ltr'><strong>futili-traditione</strong></span> <span class='ocrx_word' id='word_1_37' title='bbox 2991 718 3314 790; x_wconf 81' lang='lat' dir='ltr'><strong>persnasos;</strong></span> <span class='ocrx_word' id='word_1_38' title='bbox 3373 728 3426 790; x_wconf 84' lang='lat' dir='ltr'><strong>et</strong></span> <span class='ocrx_word' id='word_1_39' title='bbox 3481 720 3621 786; x_wconf 87' lang='lat' dir='ltr'><strong>quod</strong></span> <span class='ocrx_word' id='word_1_40' title='bbox 3682 718 4021 790; x_wconf 71' lang='lat' dir='ltr'><strong>ex_vetustis</strong></span> 
     </span>
    </p>
   </div>
   <div class='ocr_carea' id='block_1_6' title="bbox 2460 786 4015 855">
    <p class='ocr_par' dir='ltr' id='par_1_6' title="bbox 2460 786 4015 855">
     <span class='ocr_line' id='line_1_6' title="bbox 2460 786 4015 855; baseline -0.006 -6"><span class='ocrx_word' id='word_1_41' title='bbox 2460 793 2700 849; x_wconf 76' lang='lat' dir='ltr'><strong>historiis</strong></span> <span class='ocrx_word' id='word_1_42' title='bbox 2749 786 3082 855; x_wconf 80' lang='lat' dir='ltr'><strong>desumptutu</strong></span> <span class='ocrx_word' id='word_1_43' title='bbox 3134 790 3274 842; x_wconf 79' lang='lat' dir='ltr'><strong>Beda</strong></span> <span class='ocrx_word' id='word_1_44' title='bbox 3308 799 3359 840; x_wconf 88' lang='lat' dir='ltr'><strong>et</strong></span> <span class='ocrx_word' id='word_1_45' title='bbox 3392 789 3658 855; x_wconf 74' lang='lat' dir='ltr'><strong>Rupertus</strong></span> <span class='ocrx_word' id='word_1_46' title='bbox 3710 786 4015 849; x_wconf 76' lang='lat' dir='ltr'><strong>allirment,</strong></span> 
     </span>
    </p>
   </div>
   <div class='ocr_carea' id='block_1_7' title="bbox 2457 856 4015 931">
    <p class='ocr_par' dir='ltr' id='par_1_7' title="bbox 2457 856 4015 931">
     <span class='ocr_line' id='line_1_7' title="bbox 2457 856 4015 931; baseline -0.004 -18"><span class='ocrx_word' id='word_1_47' title='bbox 2457 864 2599 931; x_wconf 87' lang='lat' dir='ltr'><strong>quod</strong></span> <span class='ocrx_word' id='word_1_48' title='bbox 2629 863 2731 915; x_wconf 90' lang='lat' dir='ltr'><strong>illis</strong></span> <span class='ocrx_word' id='word_1_49' title='bbox 2764 863 2987 929; x_wconf 87' lang='lat' dir='ltr'><strong>receptis</strong></span> <span class='ocrx_word' id='word_1_50' title='bbox 3008 870 3060 911; x_wconf 88' lang='lat' dir='ltr'><strong>et</strong></span> <span class='ocrx_word' id='word_1_51' title='bbox 3101 860 3345 931; x_wconf 79' lang='lat' dir='ltr'><strong>antiquis</strong></span> <span class='ocrx_word' id='word_1_52' title='bbox 3372 856 3602 925; x_wconf 72' lang='lat' dir='ltr'><strong>prologis</strong></span> <span class='ocrx_word' id='word_1_53' title='bbox 3632 859 3980 909; x_wconf 86' lang='lat' dir='ltr'><strong>coulirmetur</strong></span> <span class='ocrx_word' id='word_1_54' title='bbox 4003 895 4015 917; x_wconf 91' lang='lat'><strong>,</strong></span> 
     </span>
    </p>
   </div>
   <div class='ocr_carea' id='block_1_8' title="bbox 2457 929 4019 998">
    <p class='ocr_par' dir='ltr' id='par_1_8' title="bbox 2457 929 4019 998">
     <span class='ocr_line' id='line_1_8' title="bbox 2457 929 4019 998; baseline -0.004 -15"><span class='ocrx_word' id='word_1_55' title='bbox 2457 929 2600 998; x_wconf 83' lang='lat' dir='ltr'><strong>quod</strong></span> <span class='ocrx_word' id='word_1_56' title='bbox 2629 946 2656 984; x_wconf 92' lang='lat' dir='ltr'><strong>a</strong></span> <span class='ocrx_word' id='word_1_57' title='bbox 2686 932 2953 984; x_wconf 76' lang='lat' dir='ltr'><strong>sexcentis</strong></span> <span class='ocrx_word' id='word_1_58' title='bbox 2990 929 3144 981; x_wconf 90' lang='lat' dir='ltr'><strong>anuis</strong></span> <span class='ocrx_word' id='word_1_59' title='bbox 3167 930 3229 979; x_wconf 88' lang='lat' dir='ltr'><strong>ad</strong></span> <span class='ocrx_word' id='word_1_60' title='bbox 3257 930 3367 981; x_wconf 63' lang='lat' dir='ltr'><strong>lucc</strong></span> <span class='ocrx_word' id='word_1_61' title='bbox 3394 936 3570 979; x_wconf 89' lang='lat' dir='ltr'><strong>ucstra</strong></span> <span class='ocrx_word' id='word_1_62' title='bbox 3605 935 3843 998; x_wconf 80' lang='lat' dir='ltr'><strong>tempora</strong></span> <span class='ocrx_word' id='word_1_63' title='bbox 3871 940 4019 998; x_wconf 82' lang='lat' dir='ltr'><strong>com-</strong></span> 
     </span>
    </p>
   </div>
   <div class='ocr_carea' id='block_1_9' title="bbox 2456 993 4017 1062">
    <p class='ocr_par' dir='ltr' id='par_1_9' title="bbox 2456 993 4017 1062">
     <span class='ocr_line' id='line_1_9' title="bbox 2456 993 4017 1062; baseline -0.005 -9"><span class='ocrx_word' id='word_1_64' title='bbox 2456 993 2636 1054; x_wconf 74' lang='lat' dir='ltr'><strong>munis</strong></span> <span class='ocrx_word' id='word_1_65' title='bbox 2680 1002 2857 1052; x_wconf 81' lang='lat' dir='ltr'><strong>habita</strong></span> <span class='ocrx_word' id='word_1_66' title='bbox 2908 998 3087 1059; x_wconf 83' lang='lat' dir='ltr'><strong>fuerit,</strong></span> <span class='ocrx_word' id='word_1_67' title='bbox 3134 1012 3319 1050; x_wconf 84' lang='lat' dir='ltr'><strong>revera</strong></span> <span class='ocrx_word' id='word_1_68' title='bbox 3351 1012 3446 1049; x_wconf 89' lang='lat' dir='ltr'><strong>cur</strong></span> <span class='ocrx_word' id='word_1_69' title='bbox 3481 1006 3586 1046; x_wconf 88' lang='lat' dir='ltr'><strong>tam</strong></span> <span class='ocrx_word' id='word_1_70' title='bbox 3633 993 3771 1046; x_wconf 82' lang='lat' dir='ltr'><strong>facili</strong></span> <span class='ocrx_word' id='word_1_71' title='bbox 3805 995 4017 1062; x_wconf 80' lang='lat' dir='ltr'><strong>negotio</strong></span> 
     </span>
    </p>
   </div>
   <div class='ocr_carea' id='block_1_10' title="bbox 2455 1064 4017 1134">
    <p class='ocr_par' dir='ltr' id='par_1_10' title="bbox 2455 1064 4017 1134">
     <span class='ocr_line' id='line_1_10' title="bbox 2455 1064 4017 1134; baseline -0.004 -12"><span class='ocrx_word' id='word_1_72' title='bbox 2455 1070 2847 1131; x_wconf 86' lang='lat' dir='ltr'><strong>commentitia,</strong></span> <span class='ocrx_word' id='word_1_73' title='bbox 2880 1082 3050 1134; x_wconf 89' lang='lat' dir='ltr'><strong>nuper</strong></span> <span class='ocrx_word' id='word_1_74' title='bbox 3095 1066 3394 1134; x_wconf 74' lang='lat' dir='ltr'><strong>excogitata</strong></span> <span class='ocrx_word' id='word_1_75' title='bbox 3431 1074 3609 1134; x_wconf 76' lang='lat' dir='ltr'><strong>atque</strong></span> <span class='ocrx_word' id='word_1_76' title='bbox 3642 1064 3867 1117; x_wconf 87' lang='lat' dir='ltr'><strong>ridicula</strong></span> <span class='ocrx_word' id='word_1_77' title='bbox 3896 1079 4017 1116; x_wconf 88' lang='lat' dir='ltr'><strong>cre-</strong></span> 
     </span>
    </p>
   </div>
   <div class='ocr_carea' id='block_1_11' title="bbox 2455 1132 4019 1203">
    <p class='ocr_par' dir='ltr' id='par_1_11' title="bbox 2455 1132 4019 1203">
     <span class='ocr_line' id='line_1_11' title="bbox 2455 1132 4019 1203; baseline -0.003 -13"><span class='ocrx_word' id='word_1_78' title='bbox 2455 1136 2635 1201; x_wconf 89' lang='lat' dir='ltr'><strong>datur,</strong></span> <span class='ocrx_word' id='word_1_79' title='bbox 2668 1153 2769 1190; x_wconf 92' lang='lat' dir='ltr'><strong>non</strong></span> <span class='ocrx_word' id='word_1_80' title='bbox 2803 1132 2975 1190; x_wconf 72' lang='lat' dir='ltr'><strong>video.</strong></span> <span class='ocrx_word' id='word_1_81' title='bbox 3019 1137 3168 1203; x_wconf 84' lang='lat' dir='ltr'><strong>Quod</strong></span> <span class='ocrx_word' id='word_1_82' title='bbox 3207 1132 3383 1187; x_wconf 82' lang='lat' dir='ltr'><strong>autem</strong></span> <span class='ocrx_word' id='word_1_83' title='bbox 3423 1132 3753 1201; x_wconf 73' lang='lat' dir='ltr'><strong>Nitepborus</strong></span> <span class='ocrx_word' id='word_1_84' title='bbox 3789 1142 4019 1203; x_wconf 74' lang='lat' dir='ltr'><strong>testatur</strong></span> 
     </span>
    </p>
   </div>
   <div class='ocr_carea' id='block_1_12' title="bbox 2481 1202 4016 1271">
    <p class='ocr_par' dir='ltr' id='par_1_12' title="bbox 2481 1202 4016 1271">
     <span class='ocr_line' id='line_1_12' title="bbox 2481 1202 4016 1271; baseline -0.002 -14"><span class='ocrx_word' id='word_1_85' title='bbox 2481 1205 2617 1259; x_wconf 69' lang='lat' dir='ltr'><strong>Hist.</strong></span> <span class='ocrx_word' id='word_1_86' title='bbox 2645 1206 2808 1269; x_wconf 86' lang='lat' dir='ltr'><strong>l.vm,</strong></span> <span class='ocrx_word' id='word_1_87' title='bbox 2832 1222 2879 1259; x_wconf 90' lang='lat' dir='ltr'><strong>c.</strong></span> <span class='ocrx_word' id='word_1_88' title='bbox 2904 1208 2992 1271; x_wconf 73' lang='lat'><strong>&#39;50)</strong></span> <span class='ocrx_word' id='word_1_89' title='bbox 3028 1202 3214 1259; x_wconf 89' lang='lat' dir='ltr'><strong>barum</strong></span> <span class='ocrx_word' id='word_1_90' title='bbox 3244 1204 3541 1269; x_wconf 81' lang='lat' dir='ltr'><strong>nuptiarum</strong></span> <span class='ocrx_word' id='word_1_91' title='bbox 3568 1217 3818 1268; x_wconf 86' lang='lat' dir='ltr'><strong>sponsum</strong></span> <span class='ocrx_word' id='word_1_92' title='bbox 3851 1202 4016 1255; x_wconf 82' lang='lat' dir='ltr'><strong>fuisse</strong></span> 
     </span>
    </p>
   </div>
   <div class='ocr_carea' id='block_1_13' title="bbox 2498 1272 4015 1338">
    <p class='ocr_par' dir='ltr' id='par_1_13' title="bbox 2498 1272 4015 1338">
     <span class='ocr_line' id='line_1_13' title="bbox 2498 1272 4015 1338; baseline -0.003 -11"><span class='ocrx_word' id='word_1_93' title='bbox 2498 1276 2728 1327; x_wconf 89' lang='lat' dir='ltr'><strong>imonem</strong></span> <span class='ocrx_word' id='word_1_94' title='bbox 2760 1276 3099 1333; x_wconf 67' lang='lat' dir='ltr'><strong>Cananmum,</strong></span> <span class='ocrx_word' id='word_1_95' title='bbox 3148 1288 3265 1325; x_wconf 91' lang='lat' dir='ltr'><strong>cum</strong></span> <span class='ocrx_word' id='word_1_96' title='bbox 3310 1273 3423 1337; x_wconf 81' lang='lat' dir='ltr'><strong>ejus</strong></span> <span class='ocrx_word' id='word_1_97' title='bbox 3462 1272 3645 1338; x_wconf 83' lang='lat' dir='ltr'><strong>Opinio</strong></span> <span class='ocrx_word' id='word_1_98' title='bbox 3679 1272 3887 1323; x_wconf 84' lang='lat' dir='ltr'><strong>inﬁrma</strong></span> <span class='ocrx_word' id='word_1_99' title='bbox 3922 1272 4015 1323; x_wconf 83' lang='lat' dir='ltr'><strong>ba-</strong></span> 
     </span>
    </p>
   </div>
   <div class='ocr_carea' id='block_1_14' title="bbox 2450 1342 4017 1411">
    <p class='ocr_par' dir='ltr' id='par_1_14' title="bbox 2450 1342 4017 1411">
     <span class='ocr_line' id='line_1_14' title="bbox 2450 1342 4017 1411; baseline -0.003 -15"><span class='ocrx_word' id='word_1_100' title='bbox 2450 1342 2577 1397; x_wconf 83' lang='lat' dir='ltr'><strong>beat</strong></span> <span class='ocrx_word' id='word_1_101' title='bbox 2605 1344 2976 1411; x_wconf 89' lang='lat' dir='ltr'><strong>fundamenta,</strong></span> <span class='ocrx_word' id='word_1_102' title='bbox 3027 1358 3122 1395; x_wconf 88' lang='lat' dir='ltr'><strong>nec</strong></span> <span class='ocrx_word' id='word_1_103' title='bbox 3164 1342 3412 1409; x_wconf 87' lang='lat' dir='ltr'><strong>antiquos</strong></span> <span class='ocrx_word' id='word_1_104' title='bbox 3458 1351 3770 1399; x_wconf 81' lang='lat' dir='ltr'><strong>sectatores,</strong></span> <span class='ocrx_word' id='word_1_105' title='bbox 3824 1348 4017 1411; x_wconf 67' lang='lat' dir='ltr'><strong>praeter</strong></span> 
     </span>
    </p>
   </div>
   <div class='ocr_carea' id='block_1_15' title="bbox 2450 1409 4013 1479">
    <p class='ocr_par' dir='ltr' id='par_1_15' title="bbox 2450 1409 4013 1479">
     <span class='ocr_line' id='line_1_15' title="bbox 2450 1409 4013 1479; baseline -0.004 -15"><span class='ocrx_word' id='word_1_106' title='bbox 2450 1410 2625 1474; x_wconf 85' lang='lat' dir='ltr'><strong>illum,</strong></span> <span class='ocrx_word' id='word_1_107' title='bbox 2655 1414 2845 1465; x_wconf 88' lang='lat' dir='ltr'><strong>merito</strong></span> <span class='ocrx_word' id='word_1_108' title='bbox 2874 1430 2902 1465; x_wconf 92' lang='lat' dir='ltr'><strong>a</strong></span> <span class='ocrx_word' id='word_1_109' title='bbox 2934 1414 3102 1465; x_wconf 86' lang='lat' dir='ltr'><strong>doctis</strong></span> <span class='ocrx_word' id='word_1_110' title='bbox 3124 1412 3422 1479; x_wconf 86' lang='lat' dir='ltr'><strong>quibusque</strong></span> <span class='ocrx_word' id='word_1_111' title='bbox 3447 1412 3802 1477; x_wconf 83' lang='lat' dir='ltr'><strong>scriptoribus</strong></span> <span class='ocrx_word' id='word_1_112' title='bbox 3825 1409 4013 1479; x_wconf 44' lang='lat' dir='ltr'><strong>explof</strong></span> 
     </span>
    </p>
   </div>
   <div class='ocr_carea' id='block_1_16' title="bbox 2449 1478 4006 1548">
    <p class='ocr_par' dir='ltr' id='par_1_16' title="bbox 2449 1478 4006 1548">
     <span class='ocr_line' id='line_1_16' title="bbox 2449 1478 4006 1548; baseline -0.003 -14"><span class='ocrx_word' id='word_1_113' title='bbox 2449 1482 2613 1535; x_wconf 82' lang='lat' dir='ltr'><strong>ditur.</strong></span> <span class='ocrx_word' id='word_1_114' title='bbox 2645 1482 2707 1534; x_wconf 86' lang='lat' dir='ltr'><strong>Et</strong></span> <span class='ocrx_word' id='word_1_115' title='bbox 2732 1496 2793 1535; x_wconf 87' lang='lat' dir='ltr'><strong>eo</strong></span> <span class='ocrx_word' id='word_1_116' title='bbox 2824 1482 3072 1542; x_wconf 85' lang='lat' dir='ltr'><strong>maxime,</strong></span> <span class='ocrx_word' id='word_1_117' title='bbox 3111 1478 3251 1548; x_wconf 86' lang='lat' dir='ltr'><strong>quod</strong></span> <span class='ocrx_word' id='word_1_118' title='bbox 3276 1496 3395 1531; x_wconf 86' lang='lat' dir='ltr'><strong>cum</strong></span> <span class='ocrx_word' id='word_1_119' title='bbox 3430 1488 3704 1533; x_wconf 86' lang='lat' dir='ltr'><strong>recenseat</strong></span> <span class='ocrx_word' id='word_1_120' title='bbox 3746 1478 4006 1545; x_wconf 78' lang='lat' dir='ltr'><strong>ejusmodi</strong></span> 
     </span>
    </p>
   </div>
   <div class='ocr_carea' id='block_1_17' title="bbox 2446 1548 4009 1618">
    <p class='ocr_par' dir='ltr' id='par_1_17' title="bbox 2446 1548 4009 1618">
     <span class='ocr_line' id='line_1_17' title="bbox 2446 1548 4009 1618; baseline -0.003 -15"><span class='ocrx_word' id='word_1_121' title='bbox 2446 1552 2680 1617; x_wconf 88' lang='lat' dir='ltr'><strong>nuptias,</strong></span> <span class='ocrx_word' id='word_1_122' title='bbox 2733 1566 2834 1604; x_wconf 88' lang='lat' dir='ltr'><strong>non</strong></span> <span class='ocrx_word' id='word_1_123' title='bbox 2874 1560 3049 1603; x_wconf 88' lang='lat' dir='ltr'><strong>tamen</strong></span> <span class='ocrx_word' id='word_1_124' title='bbox 3092 1551 3157 1601; x_wconf 90' lang='lat' dir='ltr'><strong>ab</strong></span> <span class='ocrx_word' id='word_1_125' title='bbox 3202 1548 3362 1618; x_wconf 77' lang='lat'><strong>691</strong></span> <span class='ocrx_word' id='word_1_126' title='bbox 3415 1550 3480 1603; x_wconf 90' lang='lat' dir='ltr'><strong>iis</strong></span> <span class='ocrx_word' id='word_1_127' title='bbox 3516 1561 3635 1602; x_wconf 86' lang='lat' dir='ltr'><strong>esse</strong></span> <span class='ocrx_word' id='word_1_128' title='bbox 3680 1550 4009 1618; x_wconf 85' lang='lat' dir='ltr'><strong>abstractum</strong></span> 
     </span>
    </p>
   </div>
   <div class='ocr_carea' id='block_1_18' title="bbox 2446 1616 4013 1683">
    <p class='ocr_par' dir='ltr' id='par_1_18' title="bbox 2446 1616 4013 1683">
     <span class='ocr_line' id='line_1_18' title="bbox 2446 1616 4013 1683; baseline -0.002 -12"><span class='ocrx_word' id='word_1_129' title='bbox 2446 1619 2697 1671; x_wconf 77' lang='lat' dir='ltr'><strong>uilirmat.</strong></span> <span class='ocrx_word' id='word_1_130' title='bbox 2736 1640 2754 1669; x_wconf 75' lang='grc' dir='ltr'>ι</span> <span class='ocrx_word' id='word_1_131' title='bbox 2780 1620 3107 1679; x_wconf 59' lang='lat' dir='ltr'><strong>Helena,’ait</strong></span> <span class='ocrx_word' id='word_1_132' title='bbox 3154 1616 3635 1678; x_wconf 30' lang='lat' dir='ltr'><strong>ille,&#39;(10nstaritini</strong></span> <span class='ocrx_word' id='word_1_133' title='bbox 3674 1616 4013 1683; x_wconf 80' lang='lat' dir='ltr'><strong>imperatoris</strong></span> 
     </span>
    </p>
   </div>
   <div class='ocr_carea' id='block_1_19' title="bbox 2443 1684 4010 1753">
    <p class='ocr_par' dir='ltr' id='par_1_19' title="bbox 2443 1684 4010 1753">
     <span class='ocr_line' id='line_1_19' title="bbox 2443 1684 4010 1753; baseline -0.002 -12"><span class='ocrx_word' id='word_1_134' title='bbox 2443 1697 2659 1751; x_wconf 84' lang='lat' dir='ltr'><strong>mater,</strong></span> <span class='ocrx_word' id='word_1_135' title='bbox 2720 1690 2771 1741; x_wconf 92' lang='lat' dir='ltr'><strong>iu</strong></span> <span class='ocrx_word' id='word_1_136' title='bbox 2833 1689 2977 1743; x_wconf 83' lang='lat' dir='ltr'><strong>Cana</strong></span> <span class='ocrx_word' id='word_1_137' title='bbox 3032 1688 3261 1741; x_wconf 66' lang='lat' dir='ltr'><strong>Galilaea:</strong></span> <span class='ocrx_word' id='word_1_138' title='bbox 3323 1688 3432 1753; x_wconf 90' lang='lat' dir='ltr'><strong>(ubi</strong></span> <span class='ocrx_word' id='word_1_139' title='bbox 3474 1685 3708 1740; x_wconf 85' lang='lat' dir='ltr'><strong>Simonis</strong></span> <span class='ocrx_word' id='word_1_140' title='bbox 3758 1684 4010 1738; x_wconf 72' lang='lat' dir='ltr'><strong>Canautci</strong></span> 
     </span>
    </p>
   </div>
   <div class='ocr_carea' id='block_1_20' title="bbox 2443 1754 4001 1826">
    <p class='ocr_par' dir='ltr' id='par_1_20' title="bbox 2443 1754 4001 1826">
     <span class='ocr_line' id='line_1_20' title="bbox 2443 1754 4001 1826; baseline -0.003 -17"><span class='ocrx_word' id='word_1_141' title='bbox 2443 1758 2643 1825; x_wconf 64' lang='lat' dir='ltr'><strong>nuptiae</strong></span> <span class='ocrx_word' id='word_1_142' title='bbox 2672 1757 2955 1813; x_wconf 76' lang='lat' dir='ltr'><strong>celebrata:</strong></span> <span class='ocrx_word' id='word_1_143' title='bbox 2986 1759 3130 1826; x_wconf 87' lang='lat' dir='ltr'><strong>sunt)</strong></span> <span class='ocrx_word' id='word_1_144' title='bbox 3182 1770 3389 1810; x_wconf 85' lang='lat' dir='ltr'><strong>sacram</strong></span> <span class='ocrx_word' id='word_1_145' title='bbox 3433 1754 3600 1809; x_wconf 70' lang='lat' dir='ltr'><strong>aedem</strong></span> <span class='ocrx_word' id='word_1_146' title='bbox 3640 1755 3946 1809; x_wconf 68' lang='lat' dir='ltr'><strong>aediﬁcavit.</strong></span> <span class='ocrx_word' id='word_1_147' title='bbox 3982 1770 4001 1805; x_wconf 78' lang='grc' dir='ltr'><strong><em>ι</em></strong></span> 
     </span>
    </p>
   </div>
   <div class='ocr_carea' id='block_1_21' title="bbox 2448 1920 2535 1945">
    <p class='ocr_par' dir='ltr' id='par_1_21' title="bbox 2448 1920 2535 1945">
     <span class='ocr_line' id='line_1_21' title="bbox 2448 1920 2535 1945; baseline 0 -2"><span class='ocrx_word' id='word_1_148' title='bbox 2448 1920 2535 1945; x_wconf 63' lang='grc'><strong>.-</strong></span> 
     </span>
    </p>
   </div>
   <div class='ocr_carea' id='block_1_22' title="bbox 4129 649 5663 718">
    <p class='ocr_par' dir='ltr' id='par_1_22' title="bbox 4129 649 5663 718">
     <span class='ocr_line' id='line_1_22' title="bbox 4129 649 5663 718; baseline -0.001 -15"><span class='ocrx_word' id='word_1_149' title='bbox 4129 667 4255 703; x_wconf 80' lang='lat' dir='ltr'><strong>vers.</strong></span> <span class='ocrx_word' id='word_1_150' title='bbox 4290 649 4616 718; x_wconf 84' lang='lat' dir='ltr'><strong>conjugat.).</strong></span> <span class='ocrx_word' id='word_1_151' title='bbox 4668 664 4770 718; x_wconf 86' lang='lat' dir='ltr'><strong>qua</strong></span> <span class='ocrx_word' id='word_1_152' title='bbox 4818 663 4881 701; x_wconf 74' lang='lat' dir='ltr'><strong>ex</strong></span> <span class='ocrx_word' id='word_1_153' title='bbox 4921 649 5117 717; x_wconf 85' lang='lat' dir='ltr'><strong>nuptiis</strong></span> <span class='ocrx_word' id='word_1_154' title='bbox 5162 658 5375 702; x_wconf 84' lang='lat' dir='ltr'><strong>vocatus</strong></span> <span class='ocrx_word' id='word_1_155' title='bbox 5427 649 5663 718; x_wconf 84' lang='lat' dir='ltr'><strong>asserilut</strong></span> 
     </span>
    </p>
   </div>
   <div class='ocr_carea' id='block_1_23' title="bbox 4129 717 5669 786">
    <p class='ocr_par' dir='ltr' id='par_1_23' title="bbox 4129 717 5669 786">
     <span class='ocr_line' id='line_1_23' title="bbox 4129 717 5669 786; baseline -0.001 -14"><span class='ocrx_word' id='word_1_156' title='bbox 4129 734 4378 785; x_wconf 86' lang='lat' dir='ltr'><strong>sponsus,</strong></span> <span class='ocrx_word' id='word_1_157' title='bbox 4409 717 4473 771; x_wconf 86' lang='lat' dir='ltr'><strong>de</strong></span> <span class='ocrx_word' id='word_1_158' title='bbox 4504 717 4727 777; x_wconf 81' lang='lat' dir='ltr'><strong>Joanne,</strong></span> <span class='ocrx_word' id='word_1_159' title='bbox 4759 734 4915 786; x_wconf 89' lang='lat' dir='ltr'><strong>quem</strong></span> <span class='ocrx_word' id='word_1_160' title='bbox 4948 733 4976 770; x_wconf 90' lang='lat' dir='ltr'><strong>a</strong></span> <span class='ocrx_word' id='word_1_161' title='bbox 5007 719 5219 771; x_wconf 81' lang='lat' dir='ltr'><strong>Christo</strong></span> <span class='ocrx_word' id='word_1_162' title='bbox 5248 725 5485 769; x_wconf 78' lang='lat' dir='ltr'><strong>vocatum</strong></span> <span class='ocrx_word' id='word_1_163' title='bbox 5516 717 5669 771; x_wconf 78' lang='lat' dir='ltr'><strong>fuisse</strong></span> 
     </span>
    </p>
   </div>
   <div class='ocr_carea' id='block_1_24' title="bbox 4127 787 5663 855">
    <p class='ocr_par' dir='ltr' id='par_1_24' title="bbox 4127 787 5663 855">
     <span class='ocr_line' id='line_1_24' title="bbox 4127 787 5663 855; baseline -0.001 -14"><span class='ocrx_word' id='word_1_164' title='bbox 4127 791 4421 853; x_wconf 82' lang='lat' dir='ltr'><strong>scriptores</strong></span> <span class='ocrx_word' id='word_1_165' title='bbox 4472 798 4772 850; x_wconf 71' lang='lat' dir='ltr'><strong>testantur,</strong></span> <span class='ocrx_word' id='word_1_166' title='bbox 4828 788 5000 855; x_wconf 87' lang='lat' dir='ltr'><strong>potius</strong></span> <span class='ocrx_word' id='word_1_167' title='bbox 5062 788 5395 853; x_wconf 81' lang='lat' dir='ltr'><strong>intelligenda</strong></span> <span class='ocrx_word' id='word_1_168' title='bbox 5448 787 5663 839; x_wconf 86' lang='lat' dir='ltr'><strong>videtur.</strong></span> 
     </span>
    </p>
   </div>
   <div class='ocr_carea' id='block_1_25' title="bbox 4132 856 5667 925">
    <p class='ocr_par' dir='ltr' id='par_1_25' title="bbox 4132 856 5667 925">
     <span class='ocr_line' id='line_1_25' title="bbox 4132 856 5667 925; baseline -0.001 -16"><span class='ocrx_word' id='word_1_169' title='bbox 4132 877 4148 909; x_wconf 75' lang='grc' dir='ltr'>ι</span> <span class='ocrx_word' id='word_1_170' title='bbox 4184 858 4375 909; x_wconf 75' lang='lat' dir='ltr'><strong>Verum</strong></span> <span class='ocrx_word' id='word_1_171' title='bbox 4404 897 4416 917; x_wconf 95' lang='lat'><strong>,</strong></span> <span class='ocrx_word' id='word_1_172' title='bbox 4474 860 4547 908; x_wconf 89' lang='lat' dir='ltr'><strong>ait</strong></span> <span class='ocrx_word' id='word_1_173' title='bbox 4597 858 4718 919; x_wconf 88' lang='lat' dir='ltr'><strong>ille,</strong></span> <span class='ocrx_word' id='word_1_174' title='bbox 4766 868 4884 925; x_wconf 85' lang='lat' dir='ltr'><strong>post</strong></span> <span class='ocrx_word' id='word_1_175' title='bbox 4928 872 5244 909; x_wconf 82' lang='lat' dir='ltr'><strong>consensum</strong></span> <span class='ocrx_word' id='word_1_176' title='bbox 5286 856 5567 921; x_wconf 76' lang='lat' dir='ltr'><strong>legitimum</strong></span> <span class='ocrx_word' id='word_1_177' title='bbox 5612 856 5667 908; x_wconf 87' lang='lat' dir='ltr'><strong>de</strong></span> 
     </span>
    </p>
   </div>
   <div class='ocr_carea' id='block_1_26' title="bbox 4124 925 5665 995">
    <p class='ocr_par' dir='ltr' id='par_1_26' title="bbox 4124 925 5665 995">
     <span class='ocr_line' id='line_1_26' title="bbox 4124 925 5665 995; baseline -0.001 -18"><span class='ocrx_word' id='word_1_178' title='bbox 4124 928 4411 995; x_wconf 70' lang='lat' dir='ltr'><strong>prmseuti,</strong></span> <span class='ocrx_word' id='word_1_179' title='bbox 4470 926 4672 979; x_wconf 89' lang='lat' dir='ltr'><strong>licitum</strong></span> <span class='ocrx_word' id='word_1_180' title='bbox 4727 935 4807 979; x_wconf 87' lang='lat' dir='ltr'><strong>est</strong></span> <span class='ocrx_word' id='word_1_181' title='bbox 4858 926 5043 987; x_wconf 78' lang='lat' dir='ltr'><strong>alteri,</strong></span> <span class='ocrx_word' id='word_1_182' title='bbox 5102 926 5270 995; x_wconf 77' lang='lat' dir='ltr'><strong>altero</strong></span> <span class='ocrx_word' id='word_1_183' title='bbox 5319 925 5474 995; x_wconf 80' lang='lat' dir='ltr'><strong>etiam</strong></span> <span class='ocrx_word' id='word_1_184' title='bbox 5523 939 5665 995; x_wconf 46' lang='lat' dir='ltr'><strong>repuf</strong></span> 
     </span>
    </p>
   </div>
   <div class='ocr_carea' id='block_1_27' title="bbox 4124 990 5666 1064">
    <p class='ocr_par' dir='ltr' id='par_1_27' title="bbox 4124 990 5666 1064">
     <span class='ocr_line' id='line_1_27' title="bbox 4124 990 5666 1064; baseline -0.001 -17"><span class='ocrx_word' id='word_1_185' title='bbox 4124 990 4340 1063; x_wconf 56' lang='lat' dir='ltr'><strong>hnaute,</strong></span> <span class='ocrx_word' id='word_1_186' title='bbox 4372 997 4572 1063; x_wconf 76' lang='lat' dir='ltr'><strong>eligere</strong></span> <span class='ocrx_word' id='word_1_187' title='bbox 4625 996 5004 1048; x_wconf 76' lang='lat' dir='ltr'><strong>monasterium</strong></span> <span class='ocrx_word' id='word_1_188' title='bbox 5038 1014 5054 1044; x_wconf 79' lang='grc' dir='ltr'><strong><em>ι</em></strong></span> <span class='ocrx_word' id='word_1_189' title='bbox 5102 994 5261 1064; x_wconf 70' lang='grc'><strong>692</strong></span> <span class='ocrx_word' id='word_1_190' title='bbox 5308 993 5465 1059; x_wconf 85' lang='lat' dir='ltr'><strong>(sicut</strong></span> <span class='ocrx_word' id='word_1_191' title='bbox 5511 990 5666 1045; x_wconf 82' lang='lat' dir='ltr'><strong>sancti</strong></span> 
     </span>
    </p>
   </div>
   <div class='ocr_carea' id='block_1_28' title="bbox 4123 1064 5665 1133">
    <p class='ocr_par' dir='ltr' id='par_1_28' title="bbox 4123 1064 5665 1133">
     <span class='ocr_line' id='line_1_28' title="bbox 4123 1064 5665 1133; baseline -0.001 -20"><span class='ocrx_word' id='word_1_192' title='bbox 4123 1066 4339 1133; x_wconf 83' lang='lat' dir='ltr'><strong>quidam</strong></span> <span class='ocrx_word' id='word_1_193' title='bbox 4368 1067 4433 1118; x_wconf 89' lang='lat' dir='ltr'><strong>de</strong></span> <span class='ocrx_word' id='word_1_194' title='bbox 4464 1065 4661 1132; x_wconf 88' lang='lat' dir='ltr'><strong>nuptiis</strong></span> <span class='ocrx_word' id='word_1_195' title='bbox 4699 1065 4868 1117; x_wconf 86' lang='lat' dir='ltr'><strong>\ocati</strong></span> <span class='ocrx_word' id='word_1_196' title='bbox 4920 1064 5175 1131; x_wconf 84' lang='lat' dir='ltr'><strong>fuerunt),</strong></span> <span class='ocrx_word' id='word_1_197' title='bbox 5207 1083 5222 1112; x_wconf 78' lang='grc' dir='ltr'>ι</span> <span class='ocrx_word' id='word_1_198' title='bbox 5251 1064 5529 1115; x_wconf 88' lang='lat' dir='ltr'><strong>dmmnodo</strong></span> <span class='ocrx_word' id='word_1_199' title='bbox 5554 1076 5665 1133; x_wconf 71' lang='lat' dir='ltr'><strong>ear-</strong></span> 
     </span>
    </p>
   </div>
   <div class='ocr_carea' id='block_1_29' title="bbox 4125 1130 5665 1188">
    <p class='ocr_par' dir='ltr' id='par_1_29' title="bbox 4125 1130 5665 1188">
     <span class='ocr_line' id='line_1_29' title="bbox 4125 1130 5665 1188; baseline -0.003 -1"><span class='ocrx_word' id='word_1_200' title='bbox 4125 1130 4260 1187; x_wconf 80' lang='lat' dir='ltr'><strong>nalis</strong></span> <span class='ocrx_word' id='word_1_201' title='bbox 4298 1130 4599 1188; x_wconf 75' lang='lat' dir='ltr'><strong>commistio</strong></span> <span class='ocrx_word' id='word_1_202' title='bbox 4631 1150 4735 1187; x_wconf 91' lang='lat' dir='ltr'><strong>non</strong></span> <span class='ocrx_word' id='word_1_203' title='bbox 4780 1135 5125 1186; x_wconf 81' lang='lat' dir='ltr'><strong>intervenerit</strong></span> <span class='ocrx_word' id='word_1_204' title='bbox 5168 1136 5304 1185; x_wconf 88' lang='lat' dir='ltr'><strong>inter</strong></span> <span class='ocrx_word' id='word_1_205' title='bbox 5337 1145 5443 1183; x_wconf 86' lang='lat' dir='ltr'><strong>eos.</strong></span> <span class='ocrx_word' id='word_1_206' title='bbox 5494 1149 5510 1180; x_wconf 74' lang='grc' dir='ltr'><strong><em>ι</em></strong></span> <span class='ocrx_word' id='word_1_207' title='bbox 5549 1130 5665 1183; x_wconf 84' lang='lat' dir='ltr'><strong>Car-</strong></span> 
     </span>
    </p>
   </div>
   <div class='ocr_carea' id='block_1_30' title="bbox 4124 1199 5661 1271">
    <p class='ocr_par' dir='ltr' id='par_1_30' title="bbox 4124 1199 5661 1271">
     <span class='ocr_line' id='line_1_30' title="bbox 4124 1199 5661 1271; baseline -0.005 -15"><span class='ocrx_word' id='word_1_208' title='bbox 4124 1205 4317 1257; x_wconf 84' lang='lat' dir='ltr'><strong>dinalis</strong></span> <span class='ocrx_word' id='word_1_209' title='bbox 4350 1218 4562 1271; x_wconf 87' lang='lat' dir='ltr'><strong>quoque</strong></span> <span class='ocrx_word' id='word_1_210' title='bbox 4596 1203 4856 1256; x_wconf 87' lang='lat' dir='ltr'><strong>Barouius</strong></span> <span class='ocrx_word' id='word_1_211' title='bbox 4892 1212 5171 1271; x_wconf 78' lang='lat' dir='ltr'><strong>postquam</strong></span> <span class='ocrx_word' id='word_1_212' title='bbox 5216 1200 5437 1271; x_wconf 72' lang='lat' dir='ltr'><strong>dixisset</strong></span> <span class='ocrx_word' id='word_1_213' title='bbox 5463 1199 5661 1271; x_wconf 74' lang='lat' dir='ltr'><strong>(Annal.</strong></span> 
     </span>
    </p>
   </div>
   <div class='ocr_carea' id='block_1_31' title="bbox 4121 1268 5664 1341">
    <p class='ocr_par' dir='ltr' id='par_1_31' title="bbox 4121 1268 5664 1341">
     <span class='ocr_line' id='line_1_31' title="bbox 4121 1268 5664 1341; baseline -0.002 -17"><span class='ocrx_word' id='word_1_214' title='bbox 4121 1274 4190 1325; x_wconf 84' lang='lat' dir='ltr'><strong>ad</strong></span> <span class='ocrx_word' id='word_1_215' title='bbox 4238 1291 4325 1325; x_wconf 79' lang='lat' dir='ltr'><strong>rm.</strong></span> <span class='ocrx_word' id='word_1_216' title='bbox 4366 1268 4489 1325; x_wconf 54' lang='lat' dir='ltr'><strong>Chr:</strong></span> <span class='ocrx_word' id='word_1_217' title='bbox 4548 1272 4673 1341; x_wconf 75' lang='lat' dir='ltr'><strong>5i):</strong></span> <span class='ocrx_word' id='word_1_218' title='bbox 4742 1268 4905 1341; x_wconf 71' lang='lat' dir='ltr'><strong>tQua</strong></span> <span class='ocrx_word' id='word_1_219' title='bbox 4957 1268 5043 1341; x_wconf 29' lang='lat' dir='ltr'><strong>inf</strong></span> <span class='ocrx_word' id='word_1_220' title='bbox 5065 1286 5120 1324; x_wconf 91' lang='lat' dir='ltr'><strong>re</strong></span> <span class='ocrx_word' id='word_1_221' title='bbox 5164 1272 5339 1339; x_wconf 87' lang='lat' dir='ltr'><strong>potius</strong></span> <span class='ocrx_word' id='word_1_222' title='bbox 5384 1268 5664 1341; x_wconf 56' lang='lat' dir='ltr'><strong>Nicephoro</strong></span> 
     </span>
    </p>
   </div>
   <div class='ocr_carea' id='block_1_32' title="bbox 4121 1338 5664 1408">
    <p class='ocr_par' dir='ltr' id='par_1_32' title="bbox 4121 1338 5664 1408">
     <span class='ocr_line' id='line_1_32' title="bbox 4121 1338 5664 1408; baseline -0.001 -16"><span class='ocrx_word' id='word_1_223' title='bbox 4121 1345 4517 1395; x_wconf 87' lang='lat' dir='ltr'><strong>assentiendum</strong></span> <span class='ocrx_word' id='word_1_224' title='bbox 4545 1338 4687 1394; x_wconf 81' lang='lat' dir='ltr'><strong>esset</strong></span> <span class='ocrx_word' id='word_1_225' title='bbox 4709 1340 4989 1394; x_wconf 78' lang='lat' dir='ltr'><strong>aﬂirtnauti</strong></span> <span class='ocrx_word' id='word_1_226' title='bbox 5012 1340 5174 1393; x_wconf 84' lang='lat' dir='ltr'><strong>fuisse</strong></span> <span class='ocrx_word' id='word_1_227' title='bbox 5195 1338 5445 1408; x_wconf 82' lang='lat' dir='ltr'><strong>ejusmodi</strong></span> <span class='ocrx_word' id='word_1_228' title='bbox 5471 1338 5664 1403; x_wconf 79' lang='lat' dir='ltr'><strong>nuptias</strong></span> 
     </span>
    </p>
   </div>
   <div class='ocr_carea' id='block_1_33' title="bbox 4122 1408 5665 1475">
    <p class='ocr_par' dir='ltr' id='par_1_33' title="bbox 4122 1408 5665 1475">
     <span class='ocr_line' id='line_1_33' title="bbox 4122 1408 5665 1475; baseline -0.004 -12"><span class='ocrx_word' id='word_1_229' title='bbox 4122 1410 4360 1465; x_wconf 90' lang='lat' dir='ltr'><strong>Simonis</strong></span> <span class='ocrx_word' id='word_1_230' title='bbox 4391 1411 4640 1464; x_wconf 64' lang='lat' dir='ltr'><strong>Cananaei</strong></span> <span class='ocrx_word' id='word_1_231' title='bbox 4671 1428 4685 1473; x_wconf 87' lang='lat'><strong>;</strong></span> <span class='ocrx_word' id='word_1_232' title='bbox 4720 1431 4737 1461; x_wconf 72' lang='grc' dir='ltr'><strong><em>ι</em></strong></span> <span class='ocrx_word' id='word_1_233' title='bbox 4782 1411 4961 1463; x_wconf 88' lang='lat' dir='ltr'><strong>statim</strong></span> <span class='ocrx_word' id='word_1_234' title='bbox 4994 1408 5219 1475; x_wconf 83' lang='lat' dir='ltr'><strong>subjecit</strong></span> <span class='ocrx_word' id='word_1_235' title='bbox 5245 1423 5257 1460; x_wconf 90' lang='lat'>:</span> <span class='ocrx_word' id='word_1_236' title='bbox 5305 1428 5321 1457; x_wconf 74' lang='grc' dir='ltr'><strong><em>ι</em></strong></span> <span class='ocrx_word' id='word_1_237' title='bbox 5341 1408 5589 1461; x_wconf 68' lang='grc' dir='ltr'><strong>ϐωιετιηιι</strong></span> <span class='ocrx_word' id='word_1_238' title='bbox 5614 1413 5665 1475; x_wconf 76' lang='lat' dir='ltr'><strong>et</strong></span> 
     </span>
    </p>
   </div>
   <div class='ocr_carea' id='block_1_34' title="bbox 4124 1473 5665 1546">
    <p class='ocr_par' dir='ltr' id='par_1_34' title="bbox 4124 1473 5665 1546">
     <span class='ocr_line' id='line_1_34' title="bbox 4124 1473 5665 1546; baseline -0.001 -15"><span class='ocrx_word' id='word_1_239' title='bbox 4124 1479 4418 1532; x_wconf 84' lang='lat' dir='ltr'><strong>Natbanael</strong></span> <span class='ocrx_word' id='word_1_240' title='bbox 4454 1490 4571 1532; x_wconf 84' lang='lat' dir='ltr'><strong>erat</strong></span> <span class='ocrx_word' id='word_1_241' title='bbox 4599 1496 4628 1533; x_wconf 93' lang='lat' dir='ltr'><strong>e</strong></span> <span class='ocrx_word' id='word_1_242' title='bbox 4653 1479 4819 1545; x_wconf 86' lang='lat' dir='ltr'><strong>Cana,</strong></span> <span class='ocrx_word' id='word_1_243' title='bbox 4852 1473 5099 1533; x_wconf 47' lang='lat' dir='ltr'><strong>63&#39;“me</strong></span> <span class='ocrx_word' id='word_1_244' title='bbox 5120 1476 5335 1546; x_wconf 86' lang='lat' dir='ltr'><strong>oppido,</strong></span> <span class='ocrx_word' id='word_1_245' title='bbox 5366 1494 5384 1546; x_wconf 59' lang='grc' dir='ltr'><strong><em>ρ</em></strong></span> <span class='ocrx_word' id='word_1_246' title='bbox 5429 1473 5665 1546; x_wconf 66' lang='lat' dir='ltr'><strong>ttttradit</strong></span> 
     </span>
    </p>
   </div>
   <div class='ocr_carea' id='block_1_35' title="bbox 4120 1542 5661 1627">
    <p class='ocr_par' dir='ltr' id='par_1_35' title="bbox 4120 1542 5661 1627">
     <span class='ocr_line' id='line_1_35' title="bbox 4120 1542 5661 1627; baseline -0.003 -25"><span class='ocrx_word' id='word_1_247' title='bbox 4120 1548 4475 1627; x_wconf 79' lang='lat' dir='ltr'><strong>Hieronymus</strong></span> <span class='ocrx_word' id='word_1_248' title='bbox 4524 1549 4622 1619; x_wconf 88' lang='lat' dir='ltr'><strong>(De</strong></span> <span class='ocrx_word' id='word_1_249' title='bbox 4662 1542 5018 1617; x_wconf 21' lang='lat' dir='ltr'><strong>locis’Hebr.)</strong></span> <span class='ocrx_word' id='word_1_250' title='bbox 5093 1566 5111 1599; x_wconf 75' lang='grc' dir='ltr'>ι</span> <span class='ocrx_word' id='word_1_251' title='bbox 5142 1542 5310 1617; x_wconf 83' lang='lat' dir='ltr'><strong>posito</strong></span> <span class='ocrx_word' id='word_1_252' title='bbox 5364 1545 5414 1599; x_wconf 86' lang='lat' dir='ltr'><strong>in</strong></span> <span class='ocrx_word' id='word_1_253' title='bbox 5460 1542 5661 1598; x_wconf 65' lang='lat' dir='ltr'><strong>Gallia</strong></span> 
     </span>
    </p>
   </div>
   <div class='ocr_carea' id='block_1_36' title="bbox 4112 1629 4418 1689">
    <p class='ocr_par' dir='ltr' id='par_1_36' title="bbox 4112 1629 4418 1689">
     <span class='ocr_line' id='line_1_36' title="bbox 4112 1629 4418 1689; baseline 0.007 -18"><span class='ocrx_word' id='word_1_254' title='bbox 4112 1629 4375 1689; x_wconf 75' lang='lat' dir='ltr'><strong>gentium.</strong></span> <span class='ocrx_word' id='word_1_255' title='bbox 4399 1639 4418 1672; x_wconf 71' lang='grc' dir='ltr'><strong><em>ι</em></strong></span> 
     </span>
    </p>
   </div>
   <div class='ocr_carea' id='block_1_37' title="bbox 4424 1707 5353 1765">
    <p class='ocr_par' dir='ltr' id='par_1_37' title="bbox 4424 1707 5353 1765">
     <span class='ocr_line' id='line_1_37' title="bbox 4424 1707 5353 1765; baseline -0.006 0"><span class='ocrx_word' id='word_1_256' title='bbox 4424 1710 4505 1765; x_wconf 85' lang='lat' dir='ltr'><strong>Sit</strong></span> <span class='ocrx_word' id='word_1_257' title='bbox 4559 1726 4743 1764; x_wconf 80' lang='lat' dir='ltr'><strong>nomen</strong></span> <span class='ocrx_word' id='word_1_258' title='bbox 4775 1709 4986 1763; x_wconf 82' lang='lat' dir='ltr'><strong>Domini</strong></span> <span class='ocrx_word' id='word_1_259' title='bbox 5014 1707 5353 1762; x_wconf 78' lang='lat' dir='ltr'><strong>benedictum.</strong></span> 
     </span>
    </p>
   </div>
   <div class='ocr_carea' id='block_1_38' title="bbox 4323 1908 5651 1936">
    <p class='ocr_par' dir='ltr' id='par_1_38' title="bbox 4323 1908 5651 1936">
     <span class='ocr_line' id='line_1_38' title="bbox 4323 1908 5651 1936; baseline -0.002 -3"><span class='ocrx_word' id='word_1_260' title='bbox 4323 1908 5651 1936; x_wconf 82' lang='lat'><strong>_———————————-—_</strong></span> 
     </span>
    </p>
   </div>
   <div class='ocr_carea' id='block_1_39' title="bbox 2439 2004 5648 2197">
    <p class='ocr_par' dir='ltr' id='par_1_39' title="bbox 2439 2004 5648 2197">
     <span class='ocr_line' id='line_1_39' title="bbox 2439 2004 5648 2197; baseline -0.002 -24"><span class='ocrx_word' id='word_1_261' title='bbox 2439 2056 2793 2129; x_wconf 53' lang='lat'><strong>093694</strong></span> <span class='ocrx_word' id='word_1_262' title='bbox 2849 2075 3625 2183; x_wconf 87' lang='lat' dir='ltr'><strong>OPUSCULUM</strong></span> <span class='ocrx_word' id='word_1_263' title='bbox 3723 2011 4851 2197; x_wconf 67' lang='lat' dir='ltr'><strong>QUADRAGESIMUM</strong></span> <span class='ocrx_word' id='word_1_264' title='bbox 4934 2062 5648 2171; x_wconf 80' lang='lat' dir='ltr'><strong>SECUNDUM.</strong></span> 
     </span>
    </p>
   </div>
   <div class='ocr_carea' id='block_1_40' title="bbox 2440 2270 4763 2417">
    <p class='ocr_par' dir='ltr' id='par_1_40' title="bbox 2440 2276 4753 2417">
     <span class='ocr_line' id='line_1_40' title="bbox 2440 2276 4753 2343; baseline -0.001 -3"><span class='ocrx_word' id='word_1_265' title='bbox 2440 2279 2546 2340; x_wconf 87' lang='lat' dir='ltr'><strong>DE</strong></span> <span class='ocrx_word' id='word_1_266' title='bbox 2579 2278 2762 2339; x_wconf 85' lang='lat' dir='ltr'><strong>FIDE</strong></span> <span class='ocrx_word' id='word_1_267' title='bbox 2798 2281 2960 2342; x_wconf 86' lang='lat' dir='ltr'><strong>DEO</strong></span> <span class='ocrx_word' id='word_1_268' title='bbox 3017 2280 3459 2342; x_wconf 81' lang='lat' dir='ltr'><strong>OBSTRICTA</strong></span> <span class='ocrx_word' id='word_1_269' title='bbox 3491 2278 3650 2340; x_wconf 88' lang='lat' dir='ltr'><strong>NON</strong></span> <span class='ocrx_word' id='word_1_270' title='bbox 3696 2278 4110 2338; x_wconf 77' lang='lat' dir='ltr'><strong>FALLENDA</strong></span> <span class='ocrx_word' id='word_1_271' title='bbox 4148 2298 4163 2343; x_wconf 85' lang='lat'><strong>:</strong></span> <span class='ocrx_word' id='word_1_272' title='bbox 4216 2278 4518 2337; x_wconf 78' lang='lat' dir='ltr'><strong>ADDITA</strong></span> <span class='ocrx_word' id='word_1_273' title='bbox 4564 2276 4753 2339; x_wconf 79' lang='lat' dir='ltr'><strong>ALIA</strong></span> 
     </span>
     <span class='ocr_line' id='line_1_41' title="bbox 3710 2357 4363 2417; baseline 0.002 -1"><span class='ocrx_word' id='word_1_274' title='bbox 3710 2357 4363 2417; x_wconf 79' lang='lat' dir='ltr'><strong>DISSERTATIONE.</strong></span> 
     </span>
    </p>
   </div>
   <div class='ocr_carea' id='block_1_41' title="bbox 3327 2270 5650 2417">
    <p class='ocr_par' dir='ltr' id='par_1_41' title="bbox 3327 2270 5650 2417">
     <span class='ocr_line' id='line_1_42' title="bbox 3327 2270 5650 2343; baseline -0.004 -4"><span class='ocrx_word' id='word_1_275' title='bbox 3327 2281 3459 2342; x_wconf 70' lang='lat' dir='ltr'><strong>ITA</strong></span> <span class='ocrx_word' id='word_1_276' title='bbox 3491 2278 3650 2340; x_wconf 88' lang='lat' dir='ltr'><strong>NON</strong></span> <span class='ocrx_word' id='word_1_277' title='bbox 3696 2278 4110 2338; x_wconf 78' lang='lat' dir='ltr'><strong>FALLENDA</strong></span> <span class='ocrx_word' id='word_1_278' title='bbox 4148 2298 4163 2343; x_wconf 85' lang='lat'><strong>:</strong></span> <span class='ocrx_word' id='word_1_279' title='bbox 4216 2278 4518 2337; x_wconf 77' lang='lat' dir='ltr'><strong>ADDITA</strong></span> <span class='ocrx_word' id='word_1_280' title='bbox 4564 2276 4753 2339; x_wconf 79' lang='lat' dir='ltr'><strong>ALIA</strong></span> <span class='ocrx_word' id='word_1_281' title='bbox 4800 2275 5151 2337; x_wconf 67' lang='lat' dir='ltr'><strong>EIUSDEM</strong></span> <span class='ocrx_word' id='word_1_282' title='bbox 5203 2270 5650 2336; x_wconf 75' lang='lat' dir='ltr'><strong>ARGUMENTI</strong></span> 
     </span>
     <span class='ocr_line' id='line_1_43' title="bbox 3710 2357 4363 2417; baseline 0.002 -1"><span class='ocrx_word' id='word_1_283' title='bbox 3710 2357 4363 2417; x_wconf 79' lang='lat' dir='ltr'><strong>DISSERTATIONE.</strong></span> 
     </span>
    </p>
   </div>
   <div class='ocr_carea' id='block_1_42' title="bbox 2433 2543 5652 2613">
    <p class='ocr_par' dir='ltr' id='par_1_42' title="bbox 2433 2543 5652 2613">
     <span class='ocr_line' id='line_1_44' title="bbox 2433 2543 5652 2613; baseline -0.003 -8"><span class='ocrx_word' id='word_1_284' title='bbox 2433 2549 2823 2605; x_wconf 70' lang='grc' dir='ltr'><strong>Διςωιεκτωί.</strong></span> <span class='ocrx_word' id='word_1_285' title='bbox 2858 2579 2927 2589; x_wconf 94' lang='lat'><strong>—</strong></span> <span class='ocrx_word' id='word_1_286' title='bbox 2952 2548 3085 2603; x_wconf 89' lang='lat' dir='ltr'><strong>Dum</strong></span> <span class='ocrx_word' id='word_1_287' title='bbox 3117 2547 3397 2602; x_wconf 85' lang='lat' dir='ltr'><strong>Mediolani</strong></span> <span class='ocrx_word' id='word_1_288' title='bbox 3430 2555 3651 2601; x_wconf 88' lang='lat' dir='ltr'><strong>sanctus</strong></span> <span class='ocrx_word' id='word_1_289' title='bbox 3677 2546 3865 2600; x_wconf 87' lang='lat' dir='ltr'><strong>doctor</strong></span> <span class='ocrx_word' id='word_1_290' title='bbox 3892 2544 3957 2597; x_wconf 87' lang='lat' dir='ltr'><strong>ad</strong></span> <span class='ocrx_word' id='word_1_291' title='bbox 3999 2545 4313 2613; x_wconf 77' lang='lat' dir='ltr'><strong>corrigenda</strong></span> <span class='ocrx_word' id='word_1_292' title='bbox 4354 2544 4671 2599; x_wconf 89' lang='lat' dir='ltr'><strong>clericorum</strong></span> <span class='ocrx_word' id='word_1_293' title='bbox 4704 2544 4846 2600; x_wconf 87' lang='lat' dir='ltr'><strong>illius</strong></span> <span class='ocrx_word' id='word_1_294' title='bbox 4900 2543 5152 2600; x_wconf 73' lang='lat' dir='ltr'><strong>Ecclesia:</strong></span> <span class='ocrx_word' id='word_1_295' title='bbox 5199 2543 5323 2597; x_wconf 87' lang='lat' dir='ltr'><strong>vitia</strong></span> <span class='ocrx_word' id='word_1_296' title='bbox 5354 2544 5419 2613; x_wconf 87' lang='lat' dir='ltr'><strong>ab</strong></span> <span class='ocrx_word' id='word_1_297' title='bbox 5448 2549 5652 2608; x_wconf 86' lang='lat' dir='ltr'><strong>aposto-</strong></span> 
     </span>
    </p>
   </div>
   <div class='ocr_carea' id='block_1_43' title="bbox 2506 2612 5653 2697">
    <p class='ocr_par' dir='ltr' id='par_1_43' title="bbox 2506 2612 5653 2697">
     <span class='ocr_line' id='line_1_45' title="bbox 2506 2612 5653 2697; baseline -0.003 -26"><span class='ocrx_word' id='word_1_298' title='bbox 2506 2620 2608 2697; x_wconf 74' lang='lat' dir='ltr'><strong>lica</strong></span> <span class='ocrx_word' id='word_1_299' title='bbox 2638 2620 2762 2673; x_wconf 89' lang='lat' dir='ltr'><strong>sede</strong></span> <span class='ocrx_word' id='word_1_300' title='bbox 2791 2618 3548 2697; x_wconf 43' lang='lat' dir='ltr'><strong>legatus_versaretur,‘aderat</strong></span> <span class='ocrx_word' id='word_1_301' title='bbox 3574 2617 3623 2669; x_wconf 89' lang='lat' dir='ltr'><strong>ei</strong></span> <span class='ocrx_word' id='word_1_302' title='bbox 3655 2616 3955 2697; x_wconf 68' lang='lat' dir='ltr'><strong>przecipuus</strong></span> <span class='ocrx_word' id='word_1_303' title='bbox 3978 2612 4191 2681; x_wconf 74' lang='lat' dir='ltr'><strong>adiutor</strong></span> <span class='ocrx_word' id='word_1_304' title='bbox 4225 2614 4571 2694; x_wconf 83' lang='lat' dir='ltr'><strong>Landulpbus</strong></span> <span class='ocrx_word' id='word_1_305' title='bbox 4593 2614 4936 2697; x_wconf 63' lang='lat' dir='ltr'><strong>quidatn,_vir</strong></span> <span class='ocrx_word' id='word_1_306' title='bbox 4958 2625 5009 2667; x_wconf 77' lang='lat' dir='ltr'><strong>et</strong></span> <span class='ocrx_word' id='word_1_307' title='bbox 5032 2614 5247 2697; x_wconf 75' lang='lat' dir='ltr'><strong>generis</strong></span> <span class='ocrx_word' id='word_1_308' title='bbox 5280 2612 5564 2697; x_wconf 54' lang='lat' dir='ltr'><strong>nobilitate.</strong></span> <span class='ocrx_word' id='word_1_309' title='bbox 5600 2618 5653 2663; x_wconf 84' lang='lat' dir='ltr'><strong>et</strong></span> 
     </span>
    </p>
   </div>
   <div class='ocr_carea' id='block_1_44' title="bbox 2503 2680 5651 2755">
    <p class='ocr_par' dir='ltr' id='par_1_44' title="bbox 2503 2680 5651 2755">
     <span class='ocr_line' id='line_1_46' title="bbox 2503 2680 5651 2755; baseline -0.003 -14"><span class='ocrx_word' id='word_1_310' title='bbox 2503 2689 2799 2742; x_wconf 86' lang='lat' dir='ltr'><strong>litterarum</strong></span> <span class='ocrx_word' id='word_1_311' title='bbox 2824 2680 3123 2755; x_wconf 49' lang='lat' dir='ltr'><strong>c&#39;ognitione</strong></span> <span class='ocrx_word' id='word_1_312' title='bbox 3149 2702 3252 2739; x_wconf 89' lang='lat' dir='ltr'><strong>non</strong></span> <span class='ocrx_word' id='word_1_313' title='bbox 3278 2686 3546 2754; x_wconf 79' lang='lat' dir='ltr'><strong>vulgaris;</strong></span> <span class='ocrx_word' id='word_1_314' title='bbox 3579 2680 3778 2755; x_wconf 84' lang='lat' dir='ltr'><strong>quique</strong></span> <span class='ocrx_word' id='word_1_315' title='bbox 3808 2680 3871 2737; x_wconf 80' lang='lat' dir='ltr'><strong>ad</strong></span> <span class='ocrx_word' id='word_1_316' title='bbox 3896 2699 4013 2755; x_wconf 83' lang='lat' dir='ltr'><strong>eam</strong></span> <span class='ocrx_word' id='word_1_317' title='bbox 4048 2680 4159 2755; x_wconf 85' lang='lat' dir='ltr'><strong>rem</strong></span> <span class='ocrx_word' id='word_1_318' title='bbox 4189 2694 4249 2736; x_wconf 80' lang='lat' dir='ltr'><strong>ex</strong></span> <span class='ocrx_word' id='word_1_319' title='bbox 4289 2680 4552 2737; x_wconf 70' lang='lat' dir='ltr'><strong>sententia</strong></span> <span class='ocrx_word' id='word_1_320' title='bbox 4570 2680 4945 2750; x_wconf 81' lang='lat' dir='ltr'><strong>perficiendam</strong></span> <span class='ocrx_word' id='word_1_321' title='bbox 4970 2680 5071 2736; x_wconf 75' lang='lat' dir='ltr'><strong>non</strong></span> <span class='ocrx_word' id='word_1_322' title='bbox 5106 2684 5369 2755; x_wconf 77' lang='lat' dir='ltr'><strong>mediocre</strong></span> <span class='ocrx_word' id='word_1_323' title='bbox 5407 2680 5651 2755; x_wconf 70' lang='lat' dir='ltr'><strong>studium.</strong></span> 
     </span>
    </p>
   </div>
   <div class='ocr_carea' id='block_1_45' title="bbox 2501 2748 5653 2825">
    <p class='ocr_par' dir='ltr' id='par_1_45' title="bbox 2501 2748 5653 2825">
     <span class='ocr_line' id='line_1_47' title="bbox 2501 2748 5653 2825; baseline -0.003 -15"><span class='ocrx_word' id='word_1_324' title='bbox 2501 2748 2982 2825; x_wconf 69' lang='lat' dir='ltr'><strong>auctoritatemque</strong></span> <span class='ocrx_word' id='word_1_325' title='bbox 3002 2756 3273 2809; x_wconf 75' lang='lat' dir='ltr'><strong>afferebat.</strong></span> <span class='ocrx_word' id='word_1_326' title='bbox 3301 2756 3347 2808; x_wconf 85' lang='lat' dir='ltr'><strong>Is</strong></span> <span class='ocrx_word' id='word_1_327' title='bbox 3369 2748 3633 2825; x_wconf 69' lang='lat' dir='ltr'><strong>concitata</strong></span> <span class='ocrx_word' id='word_1_328' title='bbox 3656 2748 3723 2807; x_wconf 83' lang='lat' dir='ltr'><strong>ab</strong></span> <span class='ocrx_word' id='word_1_329' title='bbox 3744 2753 4159 2825; x_wconf 77' lang='lat' dir='ltr'><strong>iisdemclericis</strong></span> <span class='ocrx_word' id='word_1_330' title='bbox 4188 2754 4424 2820; x_wconf 89' lang='lat' dir='ltr'><strong>populari</strong></span> <span class='ocrx_word' id='word_1_331' title='bbox 4456 2748 4736 2825; x_wconf 74' lang='lat' dir='ltr'><strong>seditione,</strong></span> <span class='ocrx_word' id='word_1_332' title='bbox 4764 2768 4883 2807; x_wconf 91' lang='lat' dir='ltr'><strong>cum</strong></span> <span class='ocrx_word' id='word_1_333' title='bbox 4908 2763 5129 2825; x_wconf 78' lang='lat' dir='ltr'><strong>uterque</strong></span> <span class='ocrx_word' id='word_1_334' title='bbox 5150 2752 5215 2804; x_wconf 86' lang='lat' dir='ltr'><strong>ad</strong></span> <span class='ocrx_word' id='word_1_335' title='bbox 5238 2750 5455 2825; x_wconf 77' lang='lat' dir='ltr'><strong>exitium</strong></span> <span class='ocrx_word' id='word_1_336' title='bbox 5480 2748 5653 2825; x_wconf 78' lang='lat' dir='ltr'><strong>furen-</strong></span> 
     </span>
    </p>
   </div>
   <div class='ocr_carea' id='block_1_46' title="bbox 2500 2816 5649 2894">
    <p class='ocr_par' dir='ltr' id='par_1_46' title="bbox 2500 2816 5649 2894">
     <span class='ocr_line' id='line_1_48' title="bbox 2500 2816 5649 2894; baseline -0.004 -13"><span class='ocrx_word' id='word_1_337' title='bbox 2500 2826 2643 2881; x_wconf 88' lang='lat' dir='ltr'><strong>tibus</strong></span> <span class='ocrx_word' id='word_1_338' title='bbox 2669 2826 2837 2894; x_wconf 89' lang='lat' dir='ltr'><strong>plebis</strong></span> <span class='ocrx_word' id='word_1_339' title='bbox 2861 2816 3055 2879; x_wconf 78' lang='lat' dir='ltr'><strong>animis</strong></span> <span class='ocrx_word' id='word_1_340' title='bbox 3084 2824 3648 2893; x_wconf 45' lang='lat' dir='ltr'><strong>deposcereturpvovit</strong></span> <span class='ocrx_word' id='word_1_341' title='bbox 3675 2838 3732 2894; x_wconf 79' lang='lat' dir='ltr'><strong>se</strong></span> <span class='ocrx_word' id='word_1_342' title='bbox 3762 2822 3849 2873; x_wconf 91' lang='lat' dir='ltr'><strong>ubi</strong></span> <span class='ocrx_word' id='word_1_343' title='bbox 3873 2823 4102 2894; x_wconf 76' lang='lat' dir='ltr'><strong>primum</strong></span> <span class='ocrx_word' id='word_1_344' title='bbox 4132 2816 4199 2894; x_wconf 71' lang='lat' dir='ltr'><strong>ex</strong></span> <span class='ocrx_word' id='word_1_345' title='bbox 4233 2816 4337 2873; x_wconf 81' lang='lat' dir='ltr'><strong>tam</strong></span> <span class='ocrx_word' id='word_1_346' title='bbox 4362 2824 4530 2894; x_wconf 82' lang='lat' dir='ltr'><strong>atroci</strong></span> <span class='ocrx_word' id='word_1_347' title='bbox 4557 2816 5179 2894; x_wconf 60' lang='lat' dir='ltr'><strong>tempestate_evasiSSet._</strong></span> <span class='ocrx_word' id='word_1_348' title='bbox 5223 2820 5379 2894; x_wconf 83' lang='lat' dir='ltr'><strong>rebus</strong></span> <span class='ocrx_word' id='word_1_349' title='bbox 5410 2816 5649 2894; x_wconf 76' lang='lat' dir='ltr'><strong>humanis</strong></span> 
     </span>
    </p>
   </div>
   <div class='ocr_carea' id='block_1_47' title="bbox 2496 2886 5650 2962">
    <p class='ocr_par' dir='ltr' id='par_1_47' title="bbox 2496 2886 5650 2962">
     <span class='ocr_line' id='line_1_49' title="bbox 2496 2886 5650 2962; baseline -0.003 -13"><span class='ocrx_word' id='word_1_350' title='bbox 2496 2886 2681 2949; x_wconf 75' lang='lat' dir='ltr'><strong>valere</strong></span> <span class='ocrx_word' id='word_1_351' title='bbox 2692 2895 2875 2962; x_wconf 69' lang='lat' dir='ltr'><strong>jussis,</strong></span> <span class='ocrx_word' id='word_1_352' title='bbox 2902 2897 2965 2947; x_wconf 89' lang='lat' dir='ltr'><strong>ad</strong></span> <span class='ocrx_word' id='word_1_353' title='bbox 2991 2886 3262 2961; x_wconf 70' lang='lat' dir='ltr'><strong>religionis</strong></span> <span class='ocrx_word' id='word_1_354' title='bbox 3297 2902 3507 2960; x_wconf 86' lang='lat' dir='ltr'><strong>portum</strong></span> <span class='ocrx_word' id='word_1_355' title='bbox 3541 2886 3967 2945; x_wconf 75' lang='lat' dir='ltr'><strong>convolaturtim.</strong></span> <span class='ocrx_word' id='word_1_356' title='bbox 3992 2892 4143 2955; x_wconf 87' lang='lat' dir='ltr'><strong>Quod</strong></span> <span class='ocrx_word' id='word_1_357' title='bbox 4195 2902 4369 2945; x_wconf 89' lang='lat' dir='ltr'><strong>tamen</strong></span> <span class='ocrx_word' id='word_1_358' title='bbox 4412 2886 4740 2962; x_wconf 76' lang='lat' dir='ltr'><strong>dexteritate</strong></span> <span class='ocrx_word' id='word_1_359' title='bbox 4775 2901 4829 2945; x_wconf 91' lang='lat' dir='ltr'><strong>et</strong></span> <span class='ocrx_word' id='word_1_360' title='bbox 4867 2890 5107 2944; x_wconf 89' lang='lat' dir='ltr'><strong>Damiani</strong></span> <span class='ocrx_word' id='word_1_361' title='bbox 5154 2889 5427 2962; x_wconf 80' lang='lat' dir='ltr'><strong>facundia,</strong></span> <span class='ocrx_word' id='word_1_362' title='bbox 5466 2886 5650 2962; x_wconf 76' lang='lat' dir='ltr'><strong>sedata</strong></span> 
     </span>
    </p>
   </div>
   <div class='ocr_carea' id='block_1_48' title="bbox 2496 2956 5650 3033">
    <p class='ocr_par' dir='ltr' id='par_1_48' title="bbox 2496 2956 5650 3033">
     <span class='ocr_line' id='line_1_50' title="bbox 2496 2956 5650 3033; baseline -0.004 -15"><span class='ocrx_word' id='word_1_363' title='bbox 2496 2966 2674 3033; x_wconf 87' lang='lat' dir='ltr'><strong>populi</strong></span> <span class='ocrx_word' id='word_1_364' title='bbox 2692 2956 2977 3025; x_wconf 69' lang='lat' dir='ltr'><strong>seditione,</strong></span> <span class='ocrx_word' id='word_1_365' title='bbox 3008 2956 3115 3017; x_wconf 88' lang='lat' dir='ltr'><strong>voti</strong></span> <span class='ocrx_word' id='word_1_366' title='bbox 3140 2956 3357 3033; x_wconf 73' lang='lat' dir='ltr'><strong>compos</strong></span> <span class='ocrx_word' id='word_1_367' title='bbox 3377 2962 3619 3022; x_wconf 80' lang='lat' dir='ltr'><strong>etl&#39;ectus,</strong></span> <span class='ocrx_word' id='word_1_368' title='bbox 3648 2970 3902 3033; x_wconf 65' lang='lat' dir='ltr'><strong>praestare</strong></span> <span class='ocrx_word' id='word_1_369' title='bbox 3926 2962 4239 3033; x_wconf 74' lang='lat' dir='ltr'><strong>negligehat.</strong></span> <span class='ocrx_word' id='word_1_370' title='bbox 4265 2961 4655 3033; x_wconf 71' lang='lat' dir='ltr'><strong>Scribitjgitur</strong></span> <span class='ocrx_word' id='word_1_371' title='bbox 4680 2960 4745 3012; x_wconf 86' lang='lat' dir='ltr'><strong>ad</strong></span> <span class='ocrx_word' id='word_1_372' title='bbox 4774 2976 4926 3033; x_wconf 63' lang='lat' dir='ltr'><strong>eum,</strong></span> <span class='ocrx_word' id='word_1_373' title='bbox 4946 2969 4999 3013; x_wconf 89' lang='lat' dir='ltr'><strong>et</strong></span> <span class='ocrx_word' id='word_1_374' title='bbox 5027 2960 5355 3033; x_wconf 73' lang='lat' dir='ltr'><strong>enumeratis</strong></span> <span class='ocrx_word' id='word_1_375' title='bbox 5370 2956 5650 3033; x_wconf 49' lang='lat' dir='ltr'><strong>multorum</strong></span> 
     </span>
    </p>
   </div>
   <div class='ocr_carea' id='block_1_49' title="bbox 2496 3023 5648 3101">
    <p class='ocr_par' dir='ltr' id='par_1_49' title="bbox 2496 3023 5648 3101">
     <span class='ocr_line' id='line_1_51' title="bbox 2496 3023 5648 3101; baseline -0.003 -14"><span class='ocrx_word' id='word_1_376' title='bbox 2496 3023 2775 3101; x_wconf 74' lang='lat' dir='ltr'><strong>exemplis,</strong></span> <span class='ocrx_word' id='word_1_377' title='bbox 2804 3034 2892 3101; x_wconf 90' lang='lat' dir='ltr'><strong>qui</strong></span> <span class='ocrx_word' id='word_1_378' title='bbox 2933 3023 3120 3097; x_wconf 79' lang='lat' dir='ltr'><strong>graves</strong></span> <span class='ocrx_word' id='word_1_379' title='bbox 3146 3023 3401 3101; x_wconf 65' lang='lat' dir='ltr'><strong>Deo&#39;non</strong></span> <span class='ocrx_word' id='word_1_380' title='bbox 3432 3023 3661 3086; x_wconf 73' lang='lat' dir='ltr'><strong>servatae</strong></span> <span class='ocrx_word' id='word_1_381' title='bbox 3681 3028 3803 3084; x_wconf 83' lang='lat' dir='ltr'><strong>fidei</strong></span> <span class='ocrx_word' id='word_1_382' title='bbox 3833 3023 4021 3099; x_wconf 65' lang='grc' dir='ltr'><strong>βωτιαέ</strong></span> <span class='ocrx_word' id='word_1_383' title='bbox 4051 3023 4442 3099; x_wconf 71' lang='lat' dir='ltr'><strong>persolverant,</strong></span> <span class='ocrx_word' id='word_1_384' title='bbox 4477 3023 4748 3093; x_wconf 73' lang='lat' dir='ltr'><strong>hortatur,</strong></span> <span class='ocrx_word' id='word_1_385' title='bbox 4770 3038 4831 3084; x_wconf 91' lang='lat' dir='ltr'><strong>ut</strong></span> <span class='ocrx_word' id='word_1_386' title='bbox 4860 3028 5017 3083; x_wconf 82' lang='lat' dir='ltr'><strong>[idem</strong></span> <span class='ocrx_word' id='word_1_387' title='bbox 5036 3044 5138 3083; x_wconf 90' lang='lat' dir='ltr'><strong>non</strong></span> <span class='ocrx_word' id='word_1_388' title='bbox 5158 3023 5379 3091; x_wconf 80' lang='lat' dir='ltr'><strong>homini,</strong></span> <span class='ocrx_word' id='word_1_389' title='bbox 5403 3026 5493 3081; x_wconf 87' lang='lat' dir='ltr'><strong>sed</strong></span> <span class='ocrx_word' id='word_1_390' title='bbox 5546 3023 5648 3077; x_wconf 73' lang='lat' dir='ltr'><strong>Deo</strong></span> 
     </span>
    </p>
   </div>
   <div class='ocr_carea' id='block_1_50' title="bbox 2496 3100 3369 3159">
    <p class='ocr_par' dir='ltr' id='par_1_50' title="bbox 2496 3100 3369 3159">
     <span class='ocr_line' id='line_1_52' title="bbox 2496 3100 3369 3159; baseline -0.005 0"><span class='ocrx_word' id='word_1_391' title='bbox 2496 3100 2697 3159; x_wconf 84' lang='lat' dir='ltr'><strong>obstric</strong></span> <span class='ocrx_word' id='word_1_392' title='bbox 2707 3110 2812 3157; x_wconf 87' lang='lat' dir='ltr'><strong>tam</strong></span> <span class='ocrx_word' id='word_1_393' title='bbox 2826 3100 3021 3156; x_wconf 85' lang='lat' dir='ltr'><strong>fallere</strong></span> <span class='ocrx_word' id='word_1_394' title='bbox 3043 3100 3369 3155; x_wconf 80' lang='lat' dir='ltr'><strong>reformidet.</strong></span> 
     </span>
    </p>
   </div>
   <div class='ocr_carea' id='block_1_51' title="bbox 2498 3224 5650 3303">
    <p class='ocr_par' dir='ltr' id='par_1_51' title="bbox 2498 3224 5650 3303">
     <span class='ocr_line' id='line_1_53' title="bbox 2498 3224 5650 3303; baseline -0.002 -15"><span class='ocrx_word' id='word_1_395' title='bbox 2498 3233 2817 3289; x_wconf 71' lang='lat' dir='ltr'><strong>LANDULPHO</strong></span> <span class='ocrx_word' id='word_1_396' title='bbox 2846 3233 3041 3287; x_wconf 86' lang='lat' dir='ltr'><strong>clerico</strong></span> <span class='ocrx_word' id='word_1_397' title='bbox 3070 3242 3123 3286; x_wconf 90' lang='lat' dir='ltr'><strong>et</strong></span> <span class='ocrx_word' id='word_1_398' title='bbox 3163 3232 3416 3287; x_wconf 84' lang='lat' dir='ltr'><strong>senatorii</strong></span> <span class='ocrx_word' id='word_1_399' title='bbox 3444 3232 3677 3302; x_wconf 80' lang='lat' dir='ltr'><strong>generis,</strong></span> <span class='ocrx_word' id='word_1_400' title='bbox 3704 3240 3760 3284; x_wconf 89' lang='lat' dir='ltr'><strong>et</strong></span> <span class='ocrx_word' id='word_1_401' title='bbox 3790 3229 3996 3299; x_wconf 67' lang='lat' dir='ltr'><strong>peritia:</strong></span> <span class='ocrx_word' id='word_1_402' title='bbox 4026 3234 4069 3293; x_wconf 83' lang='grc' dir='ltr'><strong>Β</strong></span> <span class='ocrx_word' id='word_1_403' title='bbox 4099 3230 4458 3284; x_wconf 87' lang='lat' dir='ltr'><strong>severantiam</strong></span> <span class='ocrx_word' id='word_1_404' title='bbox 4487 3228 4945 3303; x_wconf 77' lang='lat' dir='ltr'><strong>[perseveratum]</strong></span> <span class='ocrx_word' id='word_1_405' title='bbox 4992 3228 5263 3299; x_wconf 86' lang='lat' dir='ltr'><strong>suscipiat,</strong></span> <span class='ocrx_word' id='word_1_406' title='bbox 5291 3226 5357 3282; x_wconf 86' lang='lat' dir='ltr'><strong>ab</strong></span> <span class='ocrx_word' id='word_1_407' title='bbox 5399 3241 5463 3281; x_wconf 87' lang='lat' dir='ltr'><strong>eo</strong></span> <span class='ocrx_word' id='word_1_408' title='bbox 5511 3224 5650 3295; x_wconf 88' lang='lat' dir='ltr'><strong>quod</strong></span> 
     </span>
    </p>
   </div>
   <div class='ocr_carea' id='block_1_52' title="bbox 2422 3321 3992 3392">
    <p class='ocr_par' dir='ltr' id='par_1_52' title="bbox 2422 3321 3992 3392">
     <span class='ocr_line' id='line_1_54' title="bbox 2422 3321 3992 3392; baseline -0.002 -15"><span class='ocrx_word' id='word_1_409' title='bbox 2422 3321 2671 3377; x_wconf 76' lang='lat' dir='ltr'><strong>litterulis</strong></span> <span class='ocrx_word' id='word_1_410' title='bbox 2700 3323 2872 3377; x_wconf 89' lang='lat' dir='ltr'><strong>nitore</strong></span> <span class='ocrx_word' id='word_1_411' title='bbox 2900 3322 3212 3392; x_wconf 88' lang='lat' dir='ltr'><strong>conspicuo,</strong></span> <span class='ocrx_word' id='word_1_412' title='bbox 3259 3322 3473 3377; x_wconf 74' lang='lat' dir='ltr'><strong>Penus</strong></span> <span class='ocrx_word' id='word_1_413' title='bbox 3519 3330 3768 3391; x_wconf 88' lang='lat' dir='ltr'><strong>peccator</strong></span> <span class='ocrx_word' id='word_1_414' title='bbox 3806 3335 3992 3375; x_wconf 86' lang='lat' dir='ltr'><strong>mona-</strong></span> 
     </span>
    </p>
   </div>
   <div class='ocr_carea' id='block_1_53' title="bbox 2423 3410 2836 3468">
    <p class='ocr_par' dir='ltr' id='par_1_53' title="bbox 2423 3410 2836 3468">
     <span class='ocr_line' id='line_1_55' title="bbox 2423 3410 2836 3468; baseline -0.012 0"><span class='ocrx_word' id='word_1_415' title='bbox 2423 3412 2563 3468; x_wconf 87' lang='lat' dir='ltr'><strong>chus</strong></span> <span class='ocrx_word' id='word_1_416' title='bbox 2590 3410 2836 3465; x_wconf 84' lang='lat' dir='ltr'><strong>salutem.</strong></span> 
     </span>
    </p>
   </div>
   <div class='ocr_carea' id='block_1_54' title="bbox 2491 3497 3989 3567">
    <p class='ocr_par' dir='ltr' id='par_1_54' title="bbox 2491 3497 3989 3567">
     <span class='ocr_line' id='line_1_56' title="bbox 2491 3497 3989 3567; baseline -0.001 -12"><span class='ocrx_word' id='word_1_417' title='bbox 2491 3499 2841 3555; x_wconf 64' lang='lat' dir='ltr'><strong>Praestolatus</strong></span> <span class='ocrx_word' id='word_1_418' title='bbox 2898 3514 3015 3554; x_wconf 89' lang='lat' dir='ltr'><strong>sum</strong></span> <span class='ocrx_word' id='word_1_419' title='bbox 3050 3537 3066 3565; x_wconf 89' lang='lat'><strong>,</strong></span> <span class='ocrx_word' id='word_1_420' title='bbox 3112 3508 3168 3554; x_wconf 85' lang='lat' dir='ltr'><strong>et</strong></span> <span class='ocrx_word' id='word_1_421' title='bbox 3220 3509 3427 3553; x_wconf 90' lang='lat' dir='ltr'><strong>certum</strong></span> <span class='ocrx_word' id='word_1_422' title='bbox 3506 3500 3672 3562; x_wconf 87' lang='lat' dir='ltr'><strong>tenui,</strong></span> <span class='ocrx_word' id='word_1_423' title='bbox 3730 3508 3789 3553; x_wconf 90' lang='lat' dir='ltr'><strong>ut</strong></span> <span class='ocrx_word' id='word_1_424' title='bbox 3840 3497 3989 3567; x_wconf 80' lang='lat' dir='ltr'><strong>juxta</strong></span> 
     </span>
    </p>
   </div>
   <div class='ocr_carea' id='block_1_55' title="bbox 2420 3589 3991 3659">
    <p class='ocr_par' dir='ltr' id='par_1_55' title="bbox 2420 3589 3991 3659">
     <span class='ocr_line' id='line_1_57' title="bbox 2420 3589 3991 3659; baseline -0.003 -11"><span class='ocrx_word' id='word_1_425' title='bbox 2420 3592 2745 3656; x_wconf 77' lang='lat' dir='ltr'><strong>condictum,</strong></span> <span class='ocrx_word' id='word_1_426' title='bbox 2773 3590 2908 3643; x_wconf 88' lang='lat' dir='ltr'><strong>sacri</strong></span> <span class='ocrx_word' id='word_1_427' title='bbox 2950 3590 3153 3643; x_wconf 86' lang='lat' dir='ltr'><strong>ordinis</strong></span> <span class='ocrx_word' id='word_1_428' title='bbox 3202 3590 3472 3659; x_wconf 63' lang='lat' dir='ltr'><strong>arriperet</strong></span> <span class='ocrx_word' id='word_1_429' title='bbox 3514 3590 3837 3643; x_wconf 86' lang='lat' dir='ltr'><strong>institutum.</strong></span> <span class='ocrx_word' id='word_1_430' title='bbox 3884 3589 3991 3643; x_wconf 89' lang='lat' dir='ltr'><strong>Sed</strong></span> 
     </span>
    </p>
   </div>
   <div class='ocr_carea' id='block_1_56' title="bbox 2420 3679 3991 3753">
    <p class='ocr_par' dir='ltr' id='par_1_56' title="bbox 2420 3679 3991 3753">
     <span class='ocr_line' id='line_1_58' title="bbox 2420 3679 3991 3753; baseline -0.001 -17"><span class='ocrx_word' id='word_1_431' title='bbox 2420 3682 2546 3753; x_wconf 86' lang='lat' dir='ltr'><strong>quia</strong></span> <span class='ocrx_word' id='word_1_432' title='bbox 2571 3692 2620 3736; x_wconf 91' lang='lat' dir='ltr'><strong>te</strong></span> <span class='ocrx_word' id='word_1_433' title='bbox 2644 3696 2732 3735; x_wconf 81' lang='lat' dir='ltr'><strong>rex</strong></span> <span class='ocrx_word' id='word_1_434' title='bbox 2757 3679 2972 3751; x_wconf 67' lang='lat' dir='ltr'><strong>Egypti</strong></span> <span class='ocrx_word' id='word_1_435' title='bbox 2999 3681 3092 3735; x_wconf 90' lang='lat' dir='ltr'><strong>luti</strong></span> <span class='ocrx_word' id='word_1_436' title='bbox 3122 3681 3374 3735; x_wconf 87' lang='lat' dir='ltr'><strong>etlateris</strong></span> <span class='ocrx_word' id='word_1_437' title='bbox 3402 3681 3618 3735; x_wconf 87' lang='lat' dir='ltr'><strong>servitio</strong></span> <span class='ocrx_word' id='word_1_438' title='bbox 3644 3696 3745 3734; x_wconf 89' lang='lat' dir='ltr'><strong>non</strong></span> <span class='ocrx_word' id='word_1_439' title='bbox 3772 3694 3991 3749; x_wconf 82' lang='lat' dir='ltr'><strong>oppres-</strong></span> 
     </span>
    </p>
   </div>
   <div class='ocr_carea' id='block_1_57' title="bbox 2418 3772 3988 3843">
    <p class='ocr_par' dir='ltr' id='par_1_57' title="bbox 2418 3772 3988 3843">
     <span class='ocr_line' id='line_1_59' title="bbox 2418 3772 3988 3843; baseline -0.001 -14"><span class='ocrx_word' id='word_1_440' title='bbox 2418 3773 2492 3829; x_wconf 77' lang='lat' dir='ltr'><strong>sit</strong></span> <span class='ocrx_word' id='word_1_441' title='bbox 2542 3772 2735 3842; x_wconf 74' lang='lat' dir='ltr'><strong>(Exod.</strong></span> <span class='ocrx_word' id='word_1_442' title='bbox 2767 3788 2807 3835; x_wconf 84' lang='grc' dir='ltr'><strong>ι,</strong></span> <span class='ocrx_word' id='word_1_443' title='bbox 2840 3772 2891 3841; x_wconf 85' lang='lat' dir='ltr'><strong>v)</strong></span> <span class='ocrx_word' id='word_1_444' title='bbox 2930 3791 2943 3824; x_wconf 89' lang='lat'><strong>:</strong></span> <span class='ocrx_word' id='word_1_445' title='bbox 2991 3774 3115 3841; x_wconf 86' lang='lat' dir='ltr'><strong>quia</strong></span> <span class='ocrx_word' id='word_1_446' title='bbox 3145 3789 3172 3826; x_wconf 87' lang='lat' dir='ltr'><strong>a</strong></span> <span class='ocrx_word' id='word_1_447' title='bbox 3205 3773 3482 3843; x_wconf 78' lang='lat' dir='ltr'><strong>procinctu</strong></span> <span class='ocrx_word' id='word_1_448' title='bbox 3518 3788 3626 3827; x_wconf 69' lang='lat' dir='ltr'><strong>sua:</strong></span> <span class='ocrx_word' id='word_1_449' title='bbox 3664 3773 3869 3828; x_wconf 63' lang='lat' dir='ltr'><strong>militiae</strong></span> <span class='ocrx_word' id='word_1_450' title='bbox 3897 3789 3988 3828; x_wconf 90' lang='lat' dir='ltr'><strong>sa-</strong></span> 
     </span>
    </p>
   </div>
   <div class='ocr_carea' id='block_1_58' title="bbox 2423 3860 3986 3931">
    <p class='ocr_par' dir='ltr' id='par_1_58' title="bbox 2423 3860 3986 3931">
     <span class='ocr_line' id='line_1_60' title="bbox 2423 3860 3986 3931; baseline 0.001 -16"><span class='ocrx_word' id='word_1_451' title='bbox 2423 3862 2597 3931; x_wconf 84' lang='lat' dir='ltr'><strong>trapis</strong></span> <span class='ocrx_word' id='word_1_452' title='bbox 2653 3862 3024 3916; x_wconf 85' lang='lat' dir='ltr'><strong>insistentibus</strong></span> <span class='ocrx_word' id='word_1_453' title='bbox 3078 3877 3181 3917; x_wconf 83' lang='lat' dir='ltr'><strong>non</strong></span> <span class='ocrx_word' id='word_1_454' title='bbox 3235 3860 3449 3931; x_wconf 72' lang='lat' dir='ltr'><strong>abiecit,</strong></span> <span class='ocrx_word' id='word_1_455' title='bbox 3502 3863 3599 3917; x_wconf 86' lang='lat' dir='ltr'><strong>sed</strong></span> <span class='ocrx_word' id='word_1_456' title='bbox 3634 3863 3812 3931; x_wconf 91' lang='lat' dir='ltr'><strong>potius</strong></span> <span class='ocrx_word' id='word_1_457' title='bbox 3863 3878 3986 3918; x_wconf 90' lang='lat' dir='ltr'><strong>cum</strong></span> 
     </span>
    </p>
   </div>
   <div class='ocr_carea' id='block_1_59' title="bbox 2419 3946 3988 4018">
    <p class='ocr_par' dir='ltr' id='par_1_59' title="bbox 2419 3946 3988 4018">
     <span class='ocr_line' id='line_1_61' title="bbox 2419 3946 3988 4018; baseline 0.001 -15"><span class='ocrx_word' id='word_1_458' title='bbox 2419 3946 2605 4003; x_wconf 85' lang='lat' dir='ltr'><strong>Levita</strong></span> <span class='ocrx_word' id='word_1_459' title='bbox 2625 3950 2713 4002; x_wconf 73' lang='lat' dir='ltr'><strong>iilo</strong></span> <span class='ocrx_word' id='word_1_460' title='bbox 2738 3950 2802 4004; x_wconf 89' lang='lat' dir='ltr'><strong>de</strong></span> <span class='ocrx_word' id='word_1_461' title='bbox 2827 3949 2993 4004; x_wconf 88' lang='lat' dir='ltr'><strong>latere</strong></span> <span class='ocrx_word' id='word_1_462' title='bbox 3017 3952 3215 4005; x_wconf 89' lang='lat' dir='ltr'><strong>montis</strong></span> <span class='ocrx_word' id='word_1_463' title='bbox 3243 3951 3496 4018; x_wconf 86' lang='lat' dir='ltr'><strong>Ephraim</strong></span> <span class='ocrx_word' id='word_1_464' title='bbox 3526 3951 3807 4006; x_wconf 80' lang='lat' dir='ltr'><strong>blandiens</strong></span> <span class='ocrx_word' id='word_1_465' title='bbox 3834 3966 3988 4007; x_wconf 84' lang='lat' dir='ltr'><strong>socer</strong></span> 
     </span>
    </p>
   </div>
   <div class='ocr_carea' id='block_1_60' title="bbox 2419 4034 3981 4107">
    <p class='ocr_par' dir='ltr' id='par_1_60' title="bbox 2419 4034 3981 4107">
     <span class='ocr_line' id='line_1_62' title="bbox 2419 4034 3981 4107; baseline -0.001 -15"><span class='ocrx_word' id='word_1_466' title='bbox 2419 4034 2806 4092; x_wconf 82' lang='lat' dir='ltr'><strong>Bethlehemita</strong></span> <span class='ocrx_word' id='word_1_467' title='bbox 2834 4039 3069 4101; x_wconf 86' lang='lat' dir='ltr'><strong>retinuit,</strong></span> <span class='ocrx_word' id='word_1_468' title='bbox 3090 4038 3313 4107; x_wconf 62' lang='lat' dir='ltr'><strong>ﬁliaeque</strong></span> <span class='ocrx_word' id='word_1_469' title='bbox 3334 4053 3444 4092; x_wconf 66' lang='lat' dir='ltr'><strong>sure</strong></span> <span class='ocrx_word' id='word_1_470' title='bbox 3465 4054 3646 4091; x_wconf 87' lang='lat' dir='ltr'><strong>amore</strong></span> <span class='ocrx_word' id='word_1_471' title='bbox 3658 4039 3981 4104; x_wconf 88' lang='lat' dir='ltr'><strong>devinctum,</strong></span> 
     </span>
    </p>
   </div>
   <div class='ocr_carea' id='block_1_61' title="bbox 2423 4124 3987 4196">
    <p class='ocr_par' dir='ltr' id='par_1_61' title="bbox 2423 4124 3987 4196">
     <span class='ocr_line' id='line_1_63' title="bbox 2423 4124 3987 4196; baseline 0.001 -16"><span class='ocrx_word' id='word_1_472' title='bbox 2423 4124 2610 4180; x_wconf 69' lang='lat' dir='ltr'><strong>multis</strong></span> <span class='ocrx_word' id='word_1_473' title='bbox 2655 4138 2958 4179; x_wconf 87' lang='lat' dir='ltr'><strong>sermonum</strong></span> <span class='ocrx_word' id='word_1_474' title='bbox 3010 4134 3174 4196; x_wconf 88' lang='lat' dir='ltr'><strong>atque</strong></span> <span class='ocrx_word' id='word_1_475' title='bbox 3231 4125 3582 4180; x_wconf 86' lang='lat' dir='ltr'><strong>refectiouum</strong></span> <span class='ocrx_word' id='word_1_476' title='bbox 3631 4128 3987 4181; x_wconf 79' lang='lat' dir='ltr'><strong>suavitatibus</strong></span> 
     </span>
    </p>
   </div>
   <div class='ocr_carea' id='block_1_62' title="bbox 2421 4214 3980 4285">
    <p class='ocr_par' dir='ltr' id='par_1_62' title="bbox 2421 4214 3980 4285">
     <span class='ocr_line' id='line_1_64' title="bbox 2421 4214 3980 4285; baseline -0.001 -13"><span class='ocrx_word' id='word_1_477' title='bbox 2421 4214 2660 4272; x_wconf 86' lang='lat' dir='ltr'><strong>delinivit</strong></span> <span class='ocrx_word' id='word_1_478' title='bbox 2694 4214 2775 4285; x_wconf 87' lang='lat' dir='ltr'><strong>(II</strong></span> <span class='ocrx_word' id='word_1_479' title='bbox 2806 4215 2931 4285; x_wconf 82' lang='lat' dir='ltr'><strong>Reg.</strong></span> <span class='ocrx_word' id='word_1_480' title='bbox 2962 4231 3110 4281; x_wconf 76' lang='lat' dir='ltr'><strong>xxix;</strong></span> <span class='ocrx_word' id='word_1_481' title='bbox 3143 4214 3321 4269; x_wconf 80' lang='lat' dir='ltr'><strong>Judic.</strong></span> <span class='ocrx_word' id='word_1_482' title='bbox 3357 4215 3504 4279; x_wconf 70' lang='lat' dir='ltr'><strong>3m);</strong></span> <span class='ocrx_word' id='word_1_483' title='bbox 3554 4217 3695 4285; x_wconf 89' lang='lat' dir='ltr'><strong>quod</strong></span> <span class='ocrx_word' id='word_1_484' title='bbox 3737 4232 3842 4269; x_wconf 89' lang='lat' dir='ltr'><strong>non</strong></span> <span class='ocrx_word' id='word_1_485' title='bbox 3879 4218 3980 4271; x_wconf 83' lang='lat' dir='ltr'><strong>bo—</strong></span> 
     </span>
    </p>
   </div>
   <div class='ocr_carea' id='block_1_63' title="bbox 2427 4305 3982 4377">
    <p class='ocr_par' dir='ltr' id='par_1_63' title="bbox 2427 4305 3982 4377">
     <span class='ocr_line' id='line_1_65' title="bbox 2427 4305 3982 4377; baseline 0 -16"><span class='ocrx_word' id='word_1_486' title='bbox 2427 4305 2582 4369; x_wconf 84' lang='lat' dir='ltr'><strong>mini,</strong></span> <span class='ocrx_word' id='word_1_487' title='bbox 2616 4306 2708 4360; x_wconf 85' lang='lat' dir='ltr'><strong>sed</strong></span> <span class='ocrx_word' id='word_1_488' title='bbox 2733 4306 2842 4361; x_wconf 90' lang='lat' dir='ltr'><strong>Deo</strong></span> <span class='ocrx_word' id='word_1_489' title='bbox 2869 4307 3253 4377; x_wconf 84' lang='lat' dir='ltr'><strong>spoponderas,</strong></span> <span class='ocrx_word' id='word_1_490' title='bbox 3284 4308 3517 4361; x_wconf 84' lang='lat' dir='ltr'><strong>humana</strong></span> <span class='ocrx_word' id='word_1_491' title='bbox 3552 4322 3654 4361; x_wconf 91' lang='lat' dir='ltr'><strong>non</strong></span> <span class='ocrx_word' id='word_1_492' title='bbox 3679 4308 3982 4377; x_wconf 74' lang='lat' dir='ltr'><strong>persolvisti</strong></span> 
     </span>
    </p>
   </div>
   <div class='ocr_carea' id='block_1_64' title="bbox 2419 4396 2748 4451">
    <p class='ocr_par' dir='ltr' id='par_1_64' title="bbox 2419 4396 2748 4451">
     <span class='ocr_line' id='line_1_66' title="bbox 2419 4396 2748 4451; baseline 0 0"><span class='ocrx_word' id='word_1_493' title='bbox 2419 4396 2748 4451; x_wconf 76' lang='lat' dir='ltr'><strong>temeritate.</strong></span> 
     </span>
    </p>
   </div>
   <div class='ocr_carea' id='block_1_65' title="bbox 2909 4485 3446 4542">
    <p class='ocr_par' dir='ltr' id='par_1_65' title="bbox 2909 4485 3446 4542">
     <span class='ocr_line' id='line_1_67' title="bbox 2909 4485 3446 4542; baseline 0 -1"><span class='ocrx_word' id='word_1_494' title='bbox 2909 4486 3134 4542; x_wconf 83' lang='lat' dir='ltr'><strong>CAPUT</strong></span> <span class='ocrx_word' id='word_1_495' title='bbox 3163 4485 3446 4541; x_wconf 69' lang='lat' dir='ltr'><strong>PRIMUM-</strong></span> 
     </span>
    </p>
   </div>
   <div class='ocr_carea' id='block_1_66' title="bbox 4092 3318 5108 3388">
    <p class='ocr_par' dir='ltr' id='par_1_66' title="bbox 4092 3318 5108 3388">
     <span class='ocr_line' id='line_1_68' title="bbox 4092 3318 5108 3388; baseline -0.001 -16"><span class='ocrx_word' id='word_1_496' title='bbox 4092 3319 4255 3372; x_wconf 83' lang='lat' dir='ltr'><strong>semel</strong></span> <span class='ocrx_word' id='word_1_497' title='bbox 4288 3319 4404 3372; x_wconf 91' lang='lat' dir='ltr'><strong>iniit</strong></span> <span class='ocrx_word' id='word_1_498' title='bbox 4428 3318 4699 3388; x_wconf 88' lang='lat' dir='ltr'><strong>proposito</strong></span> <span class='ocrx_word' id='word_1_499' title='bbox 4730 3334 4833 3372; x_wconf 90' lang='lat' dir='ltr'><strong>non</strong></span> <span class='ocrx_word' id='word_1_500' title='bbox 4876 3319 5108 3373; x_wconf 81' lang='lat' dir='ltr'><strong>recedat.</strong></span> 
     </span>
    </p>
   </div>
   <div class='ocr_carea' id='block_1_67' title="bbox 4162 3405 5650 3478">
    <p class='ocr_par' dir='ltr' id='par_1_67' title="bbox 4162 3405 5650 3478">
     <span class='ocr_line' id='line_1_69' title="bbox 4162 3405 5650 3478; baseline 0 -17"><span class='ocrx_word' id='word_1_501' title='bbox 4162 3409 4317 3462; x_wconf 80' lang='lat' dir='ltr'><strong>Absit</strong></span> <span class='ocrx_word' id='word_1_502' title='bbox 4347 3423 4476 3478; x_wconf 75' lang='lat' dir='ltr'><strong>ergo</strong></span> <span class='ocrx_word' id='word_1_503' title='bbox 4505 3419 4562 3461; x_wconf 91' lang='lat' dir='ltr'><strong>ut</strong></span> <span class='ocrx_word' id='word_1_504' title='bbox 4597 3411 4769 3461; x_wconf 88' lang='lat' dir='ltr'><strong>virum</strong></span> <span class='ocrx_word' id='word_1_505' title='bbox 4798 3407 5246 3473; x_wconf 65' lang='lat' dir='ltr'><strong>timomabselvat,</strong></span> <span class='ocrx_word' id='word_1_506' title='bbox 5282 3407 5371 3477; x_wconf 88' lang='lat' dir='ltr'><strong>qui</strong></span> <span class='ocrx_word' id='word_1_507' title='bbox 5428 3405 5650 3461; x_wconf 81' lang='lat' dir='ltr'><strong>feminas</strong></span> 
     </span>
    </p>
   </div>
   <div class='ocr_carea' id='block_1_68' title="bbox 4095 3498 5644 3566">
    <p class='ocr_par' dir='ltr' id='par_1_68' title="bbox 4095 3498 5644 3566">
     <span class='ocr_line' id='line_1_70' title="bbox 4095 3498 5644 3566; baseline -0.002 -15"><span class='ocrx_word' id='word_1_508' title='bbox 4095 3499 4256 3552; x_wconf 86' lang='lat' dir='ltr'><strong>etiam</strong></span> <span class='ocrx_word' id='word_1_509' title='bbox 4294 3498 4572 3565; x_wconf 89' lang='lat' dir='ltr'><strong>injudicio</strong></span> <span class='ocrx_word' id='word_1_510' title='bbox 4602 3513 4707 3552; x_wconf 88' lang='lat' dir='ltr'><strong>non</strong></span> <span class='ocrx_word' id='word_1_511' title='bbox 4750 3506 5005 3563; x_wconf 85' lang='lat' dir='ltr'><strong>excusat;</strong></span> <span class='ocrx_word' id='word_1_512' title='bbox 5052 3498 5347 3566; x_wconf 67' lang='lat' dir='ltr'><strong>praesertim</strong></span> <span class='ocrx_word' id='word_1_513' title='bbox 5396 3510 5515 3550; x_wconf 88' lang='lat' dir='ltr'><strong>cum</strong></span> <span class='ocrx_word' id='word_1_514' title='bbox 5561 3508 5644 3549; x_wconf 88' lang='lat' dir='ltr'><strong>me</strong></span> 
     </span>
    </p>
   </div>
   <div class='ocr_carea' id='block_1_69' title="bbox 4092 3586 5649 3655">
    <p class='ocr_par' dir='ltr' id='par_1_69' title="bbox 4092 3586 5649 3655">
     <span class='ocr_line' id='line_1_71' title="bbox 4092 3586 5649 3655; baseline -0.003 -14"><span class='ocrx_word' id='word_1_515' title='bbox 4092 3589 4461 3651; x_wconf 82' lang='lat' dir='ltr'><strong>denuntiante,</strong></span> <span class='ocrx_word' id='word_1_516' title='bbox 4489 3602 4553 3642; x_wconf 93' lang='lat' dir='ltr'><strong>ne</strong></span> <span class='ocrx_word' id='word_1_517' title='bbox 4584 3587 4888 3654; x_wconf 76' lang='lat' dir='ltr'><strong>huiusmodi</strong></span> <span class='ocrx_word' id='word_1_518' title='bbox 4919 3595 4974 3641; x_wconf 90' lang='lat' dir='ltr'><strong>te</strong></span> <span class='ocrx_word' id='word_1_519' title='bbox 5001 3596 5125 3641; x_wconf 88' lang='lat' dir='ltr'><strong>voto</strong></span> <span class='ocrx_word' id='word_1_520' title='bbox 5153 3601 5250 3655; x_wconf 92' lang='lat' dir='ltr'><strong>pro</strong></span> <span class='ocrx_word' id='word_1_521' title='bbox 5294 3586 5482 3638; x_wconf 89' lang='lat' dir='ltr'><strong>timore</strong></span> <span class='ocrx_word' id='word_1_522' title='bbox 5509 3599 5649 3638; x_wconf 87' lang='lat' dir='ltr'><strong>mor-</strong></span> 
     </span>
    </p>
   </div>
   <div class='ocr_carea' id='block_1_70' title="bbox 4092 3672 5647 3744">
    <p class='ocr_par' dir='ltr' id='par_1_70' title="bbox 4092 3672 5647 3744">
     <span class='ocr_line' id='line_1_72' title="bbox 4092 3672 5647 3744; baseline -0.001 -15"><span class='ocrx_word' id='word_1_523' title='bbox 4092 3677 4160 3730; x_wconf 89' lang='lat' dir='ltr'><strong>tis</strong></span> <span class='ocrx_word' id='word_1_524' title='bbox 4190 3678 4609 3744; x_wconf 63' lang='lat' dir='ltr'><strong>constringe-res,</strong></span> <span class='ocrx_word' id='word_1_525' title='bbox 4650 3676 4753 3729; x_wconf 92' lang='lat' dir='ltr'><strong>nisi</strong></span> <span class='ocrx_word' id='word_1_526' title='bbox 4802 3676 4963 3730; x_wconf 84' lang='lat' dir='ltr'><strong>etiam</strong></span> <span class='ocrx_word' id='word_1_527' title='bbox 4997 3683 5381 3743; x_wconf 86' lang='lat' dir='ltr'><strong>consequenter</strong></span> <span class='ocrx_word' id='word_1_528' title='bbox 5416 3689 5512 3743; x_wconf 89' lang='lat' dir='ltr'><strong>per</strong></span> <span class='ocrx_word' id='word_1_529' title='bbox 5543 3672 5647 3727; x_wconf 80' lang='lat' dir='ltr'><strong>vivi</strong></span> 
     </span>
    </p>
   </div>
   <div class='ocr_carea' id='block_1_71' title="bbox 4088 3765 5648 3837">
    <p class='ocr_par' dir='ltr' id='par_1_71' title="bbox 4088 3765 5648 3837">
     <span class='ocr_line' id='line_1_73' title="bbox 4088 3765 5648 3837; baseline -0.001 -18"><span class='ocrx_word' id='word_1_530' title='bbox 4088 3769 4266 3836; x_wconf 87' lang='lat' dir='ltr'><strong>operis</strong></span> <span class='ocrx_word' id='word_1_531' title='bbox 4296 3768 4583 3822; x_wconf 67' lang='lat' dir='ltr'><strong>vilicae-iam</strong></span> <span class='ocrx_word' id='word_1_532' title='bbox 4635 3767 4897 3837; x_wconf 89' lang='lat' dir='ltr'><strong>promissa</strong></span> <span class='ocrx_word' id='word_1_533' title='bbox 4952 3767 5235 3836; x_wconf 84' lang='lat' dir='ltr'><strong>impleres;</strong></span> <span class='ocrx_word' id='word_1_534' title='bbox 5268 3776 5320 3818; x_wconf 94' lang='lat' dir='ltr'><strong>tu</strong></span> <span class='ocrx_word' id='word_1_535' title='bbox 5355 3774 5405 3819; x_wconf 90' lang='lat' dir='ltr'><strong>te</strong></span> <span class='ocrx_word' id='word_1_536' title='bbox 5452 3765 5648 3818; x_wconf 63' lang='lat' dir='ltr'><strong>divina:</strong></span> 
     </span>
    </p>
   </div>
   <div class='ocr_carea' id='block_1_72' title="bbox 4091 3853 5650 3927">
    <p class='ocr_par' dir='ltr' id='par_1_72' title="bbox 4091 3853 5650 3927">
     <span class='ocr_line' id='line_1_74' title="bbox 4091 3853 5650 3927; baseline -0.003 -16"><span class='ocrx_word' id='word_1_537' title='bbox 4091 3860 4373 3911; x_wconf 73' lang='lat' dir='ltr'><strong>sententia:</strong></span> <span class='ocrx_word' id='word_1_538' title='bbox 4412 3858 4697 3922; x_wconf 89' lang='lat' dir='ltr'><strong>devotasti,</strong></span> <span class='ocrx_word' id='word_1_539' title='bbox 4752 3858 4794 3911; x_wconf 89' lang='lat' dir='ltr'><strong>si</strong></span> <span class='ocrx_word' id='word_1_540' title='bbox 4835 3857 4972 3911; x_wconf 75' lang='lat' dir='ltr'><strong>data:</strong></span> <span class='ocrx_word' id='word_1_541' title='bbox 5022 3856 5320 3927; x_wconf 85' lang='lat' dir='ltr'><strong>sponsionis</strong></span> <span class='ocrx_word' id='word_1_542' title='bbox 5366 3853 5650 3921; x_wconf 86' lang='lat' dir='ltr'><strong>aliquando</strong></span> 
     </span>
    </p>
   </div>
   <div class='ocr_carea' id='block_1_73' title="bbox 4090 3946 5648 4019">
    <p class='ocr_par' dir='ltr' id='par_1_73' title="bbox 4090 3946 5648 4019">
     <span class='ocr_line' id='line_1_75' title="bbox 4090 3946 5648 4019; baseline -0.001 -17"><span class='ocrx_word' id='word_1_543' title='bbox 4090 3952 4401 4019; x_wconf 84' lang='lat' dir='ltr'><strong>mysterium</strong></span> <span class='ocrx_word' id='word_1_544' title='bbox 4430 3950 4678 4004; x_wconf 86' lang='lat' dir='ltr'><strong>violares.</strong></span> <span class='ocrx_word' id='word_1_545' title='bbox 4733 3949 4913 4003; x_wconf 88' lang='lat' dir='ltr'><strong>Dicam</strong></span> <span class='ocrx_word' id='word_1_546' title='bbox 4958 3949 5099 4018; x_wconf 87' lang='lat' dir='ltr'><strong>quod</strong></span> <span class='ocrx_word' id='word_1_547' title='bbox 5157 3963 5315 4017; x_wconf 88' lang='lat' dir='ltr'><strong>super</strong></span> <span class='ocrx_word' id='word_1_548' title='bbox 5349 3961 5453 4000; x_wconf 90' lang='lat' dir='ltr'><strong>non</strong></span> <span class='ocrx_word' id='word_1_549' title='bbox 5494 3946 5648 4000; x_wconf 85' lang='lat' dir='ltr'><strong>dissi-</strong></span> 
     </span>
    </p>
   </div>
   <div class='ocr_carea' id='block_1_74' title="bbox 4090 4035 5467 4108">
    <p class='ocr_par' dir='ltr' id='par_1_74' title="bbox 4090 4035 5467 4108">
     <span class='ocr_line' id='line_1_76' title="bbox 4090 4035 5467 4108; baseline -0.002 -17"><span class='ocrx_word' id='word_1_550' title='bbox 4090 4040 4200 4091; x_wconf 90' lang='lat' dir='ltr'><strong>mili</strong></span> <span class='ocrx_word' id='word_1_551' title='bbox 4241 4054 4297 4093; x_wconf 87' lang='lat' dir='ltr'><strong>re</strong></span> <span class='ocrx_word' id='word_1_552' title='bbox 4327 4053 4496 4108; x_wconf 81' lang='lat' dir='ltr'><strong>nuper</strong></span> <span class='ocrx_word' id='word_1_553' title='bbox 4527 4038 4665 4107; x_wconf 89' lang='lat' dir='ltr'><strong>apud</strong></span> <span class='ocrx_word' id='word_1_554' title='bbox 4700 4053 4798 4091; x_wconf 90' lang='lat' dir='ltr'><strong>nos</strong></span> <span class='ocrx_word' id='word_1_555' title='bbox 4826 4037 5088 4092; x_wconf 87' lang='lat' dir='ltr'><strong>accidisse</strong></span> <span class='ocrx_word' id='word_1_556' title='bbox 5111 4035 5467 4106; x_wconf 77' lang='lat' dir='ltr'><strong>cognoscitur.</strong></span> 
     </span>
    </p>
   </div>
   <div class='ocr_carea' id='block_1_75' title="bbox 4713 4134 5032 4203">
    <p class='ocr_par' dir='ltr' id='par_1_75' title="bbox 4713 4134 5032 4203">
     <span class='ocr_line' id='line_1_77' title="bbox 4713 4134 5032 4203; baseline -0.009 0"><span class='ocrx_word' id='word_1_557' title='bbox 4713 4134 5032 4203; x_wconf 81' lang='lat' dir='ltr'><strong>CAPUTIL</strong></span> 
     </span>
    </p>
   </div>
   <div class='ocr_carea' id='block_1_76' title="bbox 4085 4236 5648 4322">
    <p class='ocr_par' dir='ltr' id='par_1_76' title="bbox 4085 4236 5648 4322">
     <span class='ocr_line' id='line_1_78' title="bbox 4085 4236 5648 4322; baseline 0 -31"><span class='ocrx_word' id='word_1_558' title='bbox 4085 4240 4355 4294; x_wconf 73' lang='lat' dir='ltr'><strong>Arduinux</strong></span> <span class='ocrx_word' id='word_1_559' title='bbox 4403 4241 4705 4302; x_wconf 74' lang='lat' dir='ltr'><strong>damnatus,</strong></span> <span class='ocrx_word' id='word_1_560' title='bbox 4767 4240 4905 4309; x_wconf 85' lang='lat' dir='ltr'><strong>quod</strong></span> <span class='ocrx_word' id='word_1_561' title='bbox 4948 4239 5286 4322; x_wconf 66' lang='lat' dir='ltr'><strong>utonoslicum</strong></span> <span class='ocrx_word' id='word_1_562' title='bbox 5322 4236 5648 4303; x_wconf 62' lang='lat' dir='ltr'><strong>habitant,”</strong></span> 
     </span>
    </p>
   </div>
   <div class='ocr_carea' id='block_1_77' title="bbox 4509 4318 5204 4377">
    <p class='ocr_par' dir='ltr' id='par_1_77' title="bbox 4509 4318 5204 4377">
     <span class='ocr_line' id='line_1_79' title="bbox 4509 4318 5204 4377; baseline -0.003 -14"><span class='ocrx_word' id='word_1_563' title='bbox 4509 4319 4731 4374; x_wconf 74' lang='lat' dir='ltr'><strong>voverat,</strong></span> <span class='ocrx_word' id='word_1_564' title='bbox 4763 4326 4865 4369; x_wconf 82' lang='lat' dir='ltr'><strong>non</strong></span> <span class='ocrx_word' id='word_1_565' title='bbox 4884 4318 5204 4377; x_wconf 70' lang='lat' dir='ltr'><strong>suscepisset.</strong></span> 
     </span>
    </p>
   </div>
   <div class='ocr_carea' id='block_1_78' title="bbox 4152 4399 5643 4469">
    <p class='ocr_par' dir='ltr' id='par_1_78' title="bbox 4152 4399 5643 4469">
     <span class='ocr_line' id='line_1_80' title="bbox 4152 4399 5643 4469; baseline 0 -14"><span class='ocrx_word' id='word_1_566' title='bbox 4152 4401 4246 4456; x_wconf 79' lang='lat' dir='ltr'><strong>Vir</strong></span> <span class='ocrx_word' id='word_1_567' title='bbox 4271 4401 4507 4469; x_wconf 86' lang='lat' dir='ltr'><strong>quidam,</strong></span> <span class='ocrx_word' id='word_1_568' title='bbox 4531 4401 4801 4455; x_wconf 83' lang='lat' dir='ltr'><strong>Arduinus</strong></span> <span class='ocrx_word' id='word_1_569' title='bbox 4826 4401 5057 4464; x_wconf 88' lang='lat' dir='ltr'><strong>nomine,</strong></span> <span class='ocrx_word' id='word_1_570' title='bbox 5083 4399 5299 4454; x_wconf 73' lang='lat' dir='ltr'><strong>famosa:</strong></span> <span class='ocrx_word' id='word_1_571' title='bbox 5324 4401 5643 4468; x_wconf 74' lang='lat' dir='ltr'><strong>prudentiae,</strong></span> 
     </span>
    </p>
   </div>
   <div class='ocr_carea' id='block_1_79' title="bbox 4082 4490 5645 4563">
    <p class='ocr_par' dir='ltr' id='par_1_79' title="bbox 4082 4490 5645 4563">
     <span class='ocr_line' id='line_1_81' title="bbox 4082 4490 5645 4563; baseline 0 -17"><span class='ocrx_word' id='word_1_572' title='bbox 4082 4507 4275 4563; x_wconf 79' lang='lat' dir='ltr'><strong>genere</strong></span> <span class='ocrx_word' id='word_1_573' title='bbox 4301 4493 4501 4556; x_wconf 88' lang='lat' dir='ltr'><strong>clarus,</strong></span> <span class='ocrx_word' id='word_1_574' title='bbox 4535 4493 4738 4547; x_wconf 87' lang='lat' dir='ltr'><strong>divitiis</strong></span> <span class='ocrx_word' id='word_1_575' title='bbox 4777 4493 5081 4560; x_wconf 86' lang='lat' dir='ltr'><strong>opulentus,</strong></span> <span class='ocrx_word' id='word_1_576' title='bbox 5113 4499 5256 4545; x_wconf 86' lang='lat' dir='ltr'><strong>certa</strong></span> <span class='ocrx_word' id='word_1_577' title='bbox 5303 4490 5431 4543; x_wconf 92' lang='lat' dir='ltr'><strong>mibi</strong></span> <span class='ocrx_word' id='word_1_578' title='bbox 5480 4491 5645 4546; x_wconf 75' lang='lat' dir='ltr'><strong>devo-</strong></span> 
     </span>
    </p>
   </div>
   <div class='ocr_carea' id='block_1_80' title="bbox 2489 4558 5639 4652">
    <p class='ocr_par' dir='ltr' id='par_1_80' title="bbox 2489 4558 5639 4652">
     <span class='ocr_line' id='line_1_82' title="bbox 2489 4558 5639 4652; baseline 0.001 -21"><span class='ocrx_word' id='word_1_579' title='bbox 2489 4576 2643 4643; x_wconf 82' lang='lat' dir='ltr'><strong>Quod</strong></span> <span class='ocrx_word' id='word_1_580' title='bbox 2669 4580 2813 4634; x_wconf 82' lang='lat' dir='ltr'><strong>nulla</strong></span> <span class='ocrx_word' id='word_1_581' title='bbox 2833 4582 3165 4635; x_wconf 71' lang='lat' dir='ltr'><strong>excusatione</strong></span> <span class='ocrx_word' id='word_1_582' title='bbox 3188 4580 3305 4634; x_wconf 72' lang='lat' dir='ltr'><strong>licet</strong></span> <span class='ocrx_word' id='word_1_583' title='bbox 3333 4595 3434 4634; x_wconf 62' lang='lat' dir='ltr'><strong>non</strong></span> <span class='ocrx_word' id='word_1_584' title='bbox 3482 4578 3692 4649; x_wconf 60' lang='lat' dir='ltr'><strong>impiare</strong></span> <span class='ocrx_word' id='word_1_585' title='bbox 3715 4590 3905 4636; x_wconf 65' lang='lat' dir='ltr'><strong>comm.</strong></span> <span class='ocrx_word' id='word_1_586' title='bbox 4004 4558 4051 4619; x_wconf 70' lang='grc' dir='ltr'>ο</span> <span class='ocrx_word' id='word_1_587' title='bbox 4084 4558 4226 4638; x_wconf 69' lang='grc' dir='ltr'><strong>ίὶοηο</strong></span> <span class='ocrx_word' id='word_1_588' title='bbox 4257 4584 4634 4652; x_wconf 89' lang='lat' dir='ltr'><strong>spoponderat,</strong></span> <span class='ocrx_word' id='word_1_589' title='bbox 4660 4558 4874 4650; x_wconf 73' lang='lat' dir='ltr'><strong>quodsi</strong></span> <span class='ocrx_word' id='word_1_590' title='bbox 4923 4590 5046 4635; x_wconf 88' lang='lat' dir='ltr'><strong>ante</strong></span> <span class='ocrx_word' id='word_1_591' title='bbox 5080 4595 5182 4634; x_wconf 91' lang='lat' dir='ltr'><strong>non</strong></span> <span class='ocrx_word' id='word_1_592' title='bbox 5214 4588 5409 4649; x_wconf 86' lang='lat' dir='ltr'><strong>posset,</strong></span> <span class='ocrx_word' id='word_1_593' title='bbox 5448 4579 5639 4634; x_wconf 84' lang='lat' dir='ltr'><strong>saltem</strong></span> 
     </span>
    </p>
   </div>
   <div class='ocr_carea' id='block_1_81' title="bbox 2484 4668 3982 4740">
    <p class='ocr_par' dir='ltr' id='par_1_81' title="bbox 2484 4668 3982 4740">
     <span class='ocr_line' id='line_1_83' title="bbox 2484 4668 3982 4740; baseline 0.001 -17"><span class='ocrx_word' id='word_1_594' title='bbox 2484 4668 2742 4735; x_wconf 90' lang='lat' dir='ltr'><strong>Obsecro,</strong></span> <span class='ocrx_word' id='word_1_595' title='bbox 2773 4672 2841 4724; x_wconf 91' lang='lat' dir='ltr'><strong>mi</strong></span> <span class='ocrx_word' id='word_1_596' title='bbox 2867 4672 3055 4735; x_wconf 77' lang='lat' dir='ltr'><strong>frater,</strong></span> <span class='ocrx_word' id='word_1_597' title='bbox 3076 4672 3204 4739; x_wconf 85' lang='lat' dir='ltr'><strong>quid</strong></span> <span class='ocrx_word' id='word_1_598' title='bbox 3232 4670 3512 4740; x_wconf 89' lang='lat' dir='ltr'><strong>prudentia</strong></span> <span class='ocrx_word' id='word_1_599' title='bbox 3546 4681 3631 4724; x_wconf 89' lang='lat' dir='ltr'><strong>tua</strong></span> <span class='ocrx_word' id='word_1_600' title='bbox 3656 4670 3795 4724; x_wconf 87' lang='lat' dir='ltr'><strong>valet</strong></span> <span class='ocrx_word' id='word_1_601' title='bbox 3818 4686 3982 4725; x_wconf 85' lang='lat' dir='ltr'><strong>excu-</strong></span> 
     </span>
    </p>
   </div>
   <div class='ocr_carea' id='block_1_82' title="bbox 2416 4759 3981 4829">
    <p class='ocr_par' dir='ltr' id='par_1_82' title="bbox 2416 4759 3981 4829">
     <span class='ocr_line' id='line_1_84' title="bbox 2416 4759 3981 4829; baseline 0.002 -16"><span class='ocrx_word' id='word_1_602' title='bbox 2416 4759 2644 4813; x_wconf 82' lang='lat' dir='ltr'><strong>sationis</strong></span> <span class='ocrx_word' id='word_1_603' title='bbox 2670 4761 2989 4814; x_wconf 83' lang='lat' dir='ltr'><strong>obtendere?</strong></span> <span class='ocrx_word' id='word_1_604' title='bbox 3018 4762 3141 4828; x_wconf 87' lang='lat' dir='ltr'><strong>quid</strong></span> <span class='ocrx_word' id='word_1_605' title='bbox 3193 4771 3618 4829; x_wconf 80' lang='lat' dir='ltr'><strong>argumentatur,</strong></span> <span class='ocrx_word' id='word_1_606' title='bbox 3648 4770 3701 4814; x_wconf 91' lang='lat' dir='ltr'><strong>ut</strong></span> <span class='ocrx_word' id='word_1_607' title='bbox 3731 4762 3778 4815; x_wconf 92' lang='lat' dir='ltr'><strong>ei</strong></span> <span class='ocrx_word' id='word_1_608' title='bbox 3824 4762 3981 4817; x_wconf 90' lang='lat' dir='ltr'><strong>liceat</strong></span> 
     </span>
    </p>
   </div>
   <div class='ocr_carea' id='block_1_83' title="bbox 2415 4848 3979 4918">
    <p class='ocr_par' dir='ltr' id='par_1_83' title="bbox 2415 4848 3979 4918">
     <span class='ocr_line' id='line_1_85' title="bbox 2415 4848 3979 4918; baseline 0.003 -18"><span class='ocrx_word' id='word_1_609' title='bbox 2415 4848 2584 4916; x_wconf 90' lang='lat' dir='ltr'><strong>quod,</strong></span> <span class='ocrx_word' id='word_1_610' title='bbox 2610 4848 2820 4903; x_wconf 84' lang='lat' dir='ltr'><strong>Christo</strong></span> <span class='ocrx_word' id='word_1_611' title='bbox 2844 4849 3020 4917; x_wconf 85' lang='lat' dir='ltr'><strong>judice</strong></span> <span class='ocrx_word' id='word_1_612' title='bbox 3053 4858 3103 4903; x_wconf 89' lang='lat' dir='ltr'><strong>et</strong></span> <span class='ocrx_word' id='word_1_613' title='bbox 3140 4849 3340 4917; x_wconf 79' lang='lat' dir='ltr'><strong>angelis</strong></span> <span class='ocrx_word' id='word_1_614' title='bbox 3371 4850 3613 4913; x_wconf 79' lang='lat' dir='ltr'><strong>testibus,</strong></span> <span class='ocrx_word' id='word_1_615' title='bbox 3637 4852 3979 4918; x_wconf 81' lang='lat' dir='ltr'><strong>promiserat,</strong></span> 
     </span>
    </p>
   </div>
   <div class='ocr_carea' id='block_1_84' title="bbox 2414 4937 3974 5007">
    <p class='ocr_par' dir='ltr' id='par_1_84' title="bbox 2414 4937 3974 5007">
     <span class='ocr_line' id='line_1_86' title="bbox 2414 4937 3974 5007; baseline 0.001 -16"><span class='ocrx_word' id='word_1_616' title='bbox 2414 4951 2521 4991; x_wconf 91' lang='lat' dir='ltr'><strong>non</strong></span> <span class='ocrx_word' id='word_1_617' title='bbox 2552 4938 2812 5007; x_wconf 85' lang='lat' dir='ltr'><strong>implere?</strong></span> <span class='ocrx_word' id='word_1_618' title='bbox 2837 4955 2958 4993; x_wconf 89' lang='lat' dir='ltr'><strong>cum</strong></span> <span class='ocrx_word' id='word_1_619' title='bbox 2991 4939 3246 4993; x_wconf 91' lang='lat' dir='ltr'><strong>Dominus</strong></span> <span class='ocrx_word' id='word_1_620' title='bbox 3276 4953 3370 5007; x_wconf 87' lang='lat' dir='ltr'><strong>per</strong></span> <span class='ocrx_word' id='word_1_621' title='bbox 3398 4937 3618 5007; x_wconf 79' lang='lat' dir='ltr'><strong>Moysen</strong></span> <span class='ocrx_word' id='word_1_622' title='bbox 3644 4940 3787 4991; x_wconf 89' lang='lat' dir='ltr'><strong>dicat</strong></span> <span class='ocrx_word' id='word_1_623' title='bbox 3814 4957 3825 4990; x_wconf 89' lang='lat'><strong>:</strong></span> <span class='ocrx_word' id='word_1_624' title='bbox 3863 4958 3879 4989; x_wconf 73' lang='grc' dir='ltr'>ι</span> <span class='ocrx_word' id='word_1_625' title='bbox 3919 4940 3974 4993; x_wconf 88' lang='lat' dir='ltr'><strong>Si</strong></span> 
     </span>
    </p>
   </div>
   <div class='ocr_carea' id='block_1_85' title="bbox 2413 5028 3970 5098">
    <p class='ocr_par' dir='ltr' id='par_1_85' title="bbox 2413 5028 3970 5098">
     <span class='ocr_line' id='line_1_87' title="bbox 2413 5028 3970 5098; baseline 0.002 -17"><span class='ocrx_word' id='word_1_626' title='bbox 2413 5028 2534 5098; x_wconf 87' lang='lat' dir='ltr'><strong>quis</strong></span> <span class='ocrx_word' id='word_1_627' title='bbox 2562 5031 2798 5083; x_wconf 83' lang='lat' dir='ltr'><strong>virorum</strong></span> <span class='ocrx_word' id='word_1_628' title='bbox 2826 5031 3030 5084; x_wconf 82' lang='lat' dir='ltr'><strong>voverit</strong></span> <span class='ocrx_word' id='word_1_629' title='bbox 3073 5030 3318 5093; x_wconf 87' lang='lat' dir='ltr'><strong>Domino,</strong></span> <span class='ocrx_word' id='word_1_630' title='bbox 3352 5038 3446 5083; x_wconf 91' lang='lat' dir='ltr'><strong>aut</strong></span> <span class='ocrx_word' id='word_1_631' title='bbox 3494 5044 3553 5083; x_wconf 87' lang='lat' dir='ltr'><strong>se</strong></span> <span class='ocrx_word' id='word_1_632' title='bbox 3586 5029 3970 5084; x_wconf 85' lang='lat' dir='ltr'><strong>constrinxerit</strong></span> 
     </span>
    </p>
   </div>
   <div class='ocr_carea' id='block_1_86' title="bbox 2403 5118 3970 5190">
    <p class='ocr_par' dir='ltr' id='par_1_86' title="bbox 2403 5118 3970 5190">
     <span class='ocr_line' id='line_1_88' title="bbox 2403 5118 3970 5190; baseline 0.002 -19"><span class='ocrx_word' id='word_1_633' title='bbox 2403 5118 2731 5190; x_wconf 81' lang='lat' dir='ltr'><strong>juramento,</strong></span> <span class='ocrx_word' id='word_1_634' title='bbox 2760 5136 2866 5172; x_wconf 92' lang='lat' dir='ltr'><strong>non</strong></span> <span class='ocrx_word' id='word_1_635' title='bbox 2910 5120 3066 5174; x_wconf 86' lang='lat' dir='ltr'><strong>faciet</strong></span> <span class='ocrx_word' id='word_1_636' title='bbox 3117 5120 3327 5173; x_wconf 89' lang='lat' dir='ltr'><strong>irritum</strong></span> <span class='ocrx_word' id='word_1_637' title='bbox 3380 5121 3637 5184; x_wconf 73' lang='lat' dir='ltr'><strong>verbum;</strong></span> <span class='ocrx_word' id='word_1_638' title='bbox 3690 5120 3783 5173; x_wconf 88' lang='lat' dir='ltr'><strong>sed</strong></span> <span class='ocrx_word' id='word_1_639' title='bbox 3812 5135 3970 5175; x_wconf 89' lang='lat' dir='ltr'><strong>omne</strong></span> 
     </span>
    </p>
   </div>
   <div class='ocr_carea' id='block_1_87' title="bbox 2409 5207 3969 5279">
    <p class='ocr_par' dir='ltr' id='par_1_87' title="bbox 2409 5207 3969 5279">
     <span class='ocr_line' id='line_1_89' title="bbox 2409 5207 3969 5279; baseline 0.001 -17"><span class='ocrx_word' id='word_1_640' title='bbox 2409 5207 2553 5279; x_wconf 87' lang='lat' dir='ltr'><strong>quod</strong></span> <span class='ocrx_word' id='word_1_641' title='bbox 2581 5209 2840 5276; x_wconf 86' lang='lat' dir='ltr'><strong>promisit,</strong></span> <span class='ocrx_word' id='word_1_642' title='bbox 2872 5208 3105 5276; x_wconf 85' lang='lat' dir='ltr'><strong>implebit</strong></span> <span class='ocrx_word' id='word_1_643' title='bbox 3144 5208 3329 5279; x_wconf 81' lang='lat' dir='ltr'><strong>(Nunt.</strong></span> <span class='ocrx_word' id='word_1_644' title='bbox 3354 5210 3503 5276; x_wconf 80' lang='lat' dir='ltr'><strong>xxx).</strong></span> <span class='ocrx_word' id='word_1_645' title='bbox 3540 5229 3556 5260; x_wconf 71' lang='grc' dir='ltr'><strong>ι</strong></span> <span class='ocrx_word' id='word_1_646' title='bbox 3588 5210 3667 5261; x_wconf 83' lang='lat' dir='ltr'><strong>An</strong></span> <span class='ocrx_word' id='word_1_647' title='bbox 3700 5207 3839 5262; x_wconf 82' lang='lat' dir='ltr'><strong>forte</strong></span> <span class='ocrx_word' id='word_1_648' title='bbox 3868 5210 3969 5264; x_wconf 79' lang='lat' dir='ltr'><strong>hoc</strong></span> 
     </span>
    </p>
   </div>
   <div class='ocr_carea' id='block_1_88' title="bbox 2408 5300 3970 5371">
    <p class='ocr_par' dir='ltr' id='par_1_88' title="bbox 2408 5300 3970 5371">
     <span class='ocr_line' id='line_1_90' title="bbox 2408 5300 3970 5371; baseline 0.002 -19"><span class='ocrx_word' id='word_1_649' title='bbox 2408 5306 2602 5371; x_wconf 80' lang='lat' dir='ltr'><strong>purgat</strong></span> <span class='ocrx_word' id='word_1_650' title='bbox 2632 5301 2988 5363; x_wconf 65' lang='lat' dir='ltr'><strong>mendacium,</strong></span> <span class='ocrx_word' id='word_1_651' title='bbox 3021 5301 3373 5369; x_wconf 88' lang='lat' dir='ltr'><strong>idoneumqne</strong></span> <span class='ocrx_word' id='word_1_652' title='bbox 3417 5301 3628 5354; x_wconf 85' lang='lat' dir='ltr'><strong>videtur</strong></span> <span class='ocrx_word' id='word_1_653' title='bbox 3684 5300 3736 5353; x_wconf 94' lang='lat' dir='ltr'><strong>iu</strong></span> <span class='ocrx_word' id='word_1_654' title='bbox 3787 5300 3970 5355; x_wconf 87' lang='lat' dir='ltr'><strong>defen-</strong></span> 
     </span>
    </p>
   </div>
   <div class='ocr_carea' id='block_1_89' title="bbox 2408 5390 3967 5459">
    <p class='ocr_par' dir='ltr' id='par_1_89' title="bbox 2408 5390 3967 5459">
     <span class='ocr_line' id='line_1_91' title="bbox 2408 5390 3967 5459; baseline 0.001 -16"><span class='ocrx_word' id='word_1_655' title='bbox 2408 5391 2561 5443; x_wconf 83' lang='lat' dir='ltr'><strong>sione</strong></span> <span class='ocrx_word' id='word_1_656' title='bbox 2608 5390 2928 5459; x_wconf 74' lang='lat' dir='ltr'><strong>perfugium,</strong></span> <span class='ocrx_word' id='word_1_657' title='bbox 2979 5392 3116 5458; x_wconf 90' lang='lat' dir='ltr'><strong>quod</strong></span> <span class='ocrx_word' id='word_1_658' title='bbox 3157 5390 3564 5445; x_wconf 76' lang='lat' dir='ltr'><strong>Mediolanensis</strong></span> <span class='ocrx_word' id='word_1_659' title='bbox 3604 5390 3795 5443; x_wconf 74' lang='lat' dir='ltr'><strong>tivitas</strong></span> <span class='ocrx_word' id='word_1_660' title='bbox 3843 5400 3967 5446; x_wconf 91' lang='lat' dir='ltr'><strong>tunc</strong></span> 
     </span>
    </p>
   </div>
   <div class='ocr_carea' id='block_1_90' title="bbox 2405 5479 3966 5549">
    <p class='ocr_par' dir='ltr' id='par_1_90' title="bbox 2405 5479 3966 5549">
     <span class='ocr_line' id='line_1_92' title="bbox 2405 5479 3966 5549; baseline -0.001 -15"><span class='ocrx_word' id='word_1_661' title='bbox 2405 5479 2461 5535; x_wconf 81' lang='lat' dir='ltr'><strong>in</strong></span> <span class='ocrx_word' id='word_1_662' title='bbox 2489 5479 2801 5534; x_wconf 80' lang='lat' dir='ltr'><strong>seditionem</strong></span> <span class='ocrx_word' id='word_1_663' title='bbox 2837 5494 3011 5543; x_wconf 84' lang='lat' dir='ltr'><strong>versa,</strong></span> <span class='ocrx_word' id='word_1_664' title='bbox 3038 5480 3369 5547; x_wconf 86' lang='lat' dir='ltr'><strong>repentinum</strong></span> <span class='ocrx_word' id='word_1_665' title='bbox 3397 5481 3576 5549; x_wconf 87' lang='lat' dir='ltr'><strong>utique</strong></span> <span class='ocrx_word' id='word_1_666' title='bbox 3601 5490 3839 5534; x_wconf 83' lang='lat' dir='ltr'><strong>uestrum</strong></span> <span class='ocrx_word' id='word_1_667' title='bbox 3867 5481 3966 5533; x_wconf 81' lang='lat' dir='ltr'><strong>nti-</strong></span> 
     </span>
    </p>
   </div>
   <div class='ocr_carea' id='block_1_91' title="bbox 2408 5570 3961 5638">
    <p class='ocr_par' dir='ltr' id='par_1_91' title="bbox 2408 5570 3961 5638">
     <span class='ocr_line' id='line_1_93' title="bbox 2408 5570 3961 5638; baseline 0.003 -15"><span class='ocrx_word' id='word_1_668' title='bbox 2408 5570 2641 5624; x_wconf 88' lang='lat' dir='ltr'><strong>nabatur</strong></span> <span class='ocrx_word' id='word_1_669' title='bbox 2692 5570 3003 5623; x_wconf 87' lang='lat' dir='ltr'><strong>interitum?</strong></span> <span class='ocrx_word' id='word_1_670' title='bbox 3038 5570 3100 5623; x_wconf 82' lang='lat' dir='ltr'><strong>Et</strong></span> <span class='ocrx_word' id='word_1_671' title='bbox 3145 5570 3284 5638; x_wconf 86' lang='lat' dir='ltr'><strong>quod</strong></span> <span class='ocrx_word' id='word_1_672' title='bbox 3334 5572 3622 5625; x_wconf 86' lang='lat' dir='ltr'><strong>necessitas</strong></span> <span class='ocrx_word' id='word_1_673' title='bbox 3665 5570 3865 5634; x_wconf 88' lang='lat' dir='ltr'><strong>intulit,</strong></span> <span class='ocrx_word' id='word_1_674' title='bbox 3914 5572 3961 5627; x_wconf 88' lang='lat' dir='ltr'><strong>si</strong></span> 
     </span>
    </p>
   </div>
   <div class='ocr_carea' id='block_1_92' title="bbox 4077 4667 5639 4741">
    <p class='ocr_par' dir='ltr' id='par_1_92' title="bbox 4077 4667 5639 4741">
     <span class='ocr_line' id='line_1_94' title="bbox 4077 4667 5639 4741; baseline 0 -16"><span class='ocrx_word' id='word_1_675' title='bbox 4077 4672 4289 4741; x_wconf 82' lang='lat' dir='ltr'><strong>expleto</strong></span> <span class='ocrx_word' id='word_1_676' title='bbox 4306 4671 4585 4731; x_wconf 89' lang='lat' dir='ltr'><strong>decennio.</strong></span> <span class='ocrx_word' id='word_1_677' title='bbox 4610 4670 4675 4724; x_wconf 89' lang='lat' dir='ltr'><strong>ad</strong></span> <span class='ocrx_word' id='word_1_678' title='bbox 4704 4670 5081 4724; x_wconf 87' lang='lat' dir='ltr'><strong>monasterium</strong></span> <span class='ocrx_word' id='word_1_679' title='bbox 5110 4667 5169 4723; x_wconf 88' lang='grc' dir='ltr'><strong>Β.</strong></span> <span class='ocrx_word' id='word_1_680' title='bbox 5188 4668 5467 4731; x_wconf 84' lang='lat' dir='ltr'><strong>Vinoentii,</strong></span> <span class='ocrx_word' id='word_1_681' title='bbox 5493 4670 5639 4737; x_wconf 84' lang='lat' dir='ltr'><strong>quod</strong></span> 
     </span>
    </p>
   </div>
   <div class='ocr_carea' id='block_1_93' title="bbox 4077 4758 5636 4821">
    <p class='ocr_par' dir='ltr' id='par_1_93' title="bbox 4077 4758 5636 4821">
     <span class='ocr_line' id='line_1_95' title="bbox 4077 4758 5636 4821; baseline 0.001 -7"><span class='ocrx_word' id='word_1_682' title='bbox 4077 4761 4325 4815; x_wconf 86' lang='lat' dir='ltr'><strong>videlicet</strong></span> <span class='ocrx_word' id='word_1_683' title='bbox 4350 4761 4403 4814; x_wconf 93' lang='lat' dir='ltr'><strong>in</strong></span> <span class='ocrx_word' id='word_1_684' title='bbox 4434 4759 4677 4815; x_wconf 90' lang='lat' dir='ltr'><strong>Urbioati</strong></span> <span class='ocrx_word' id='word_1_685' title='bbox 4710 4760 5062 4815; x_wconf 88' lang='lat' dir='ltr'><strong>constitutum</strong></span> <span class='ocrx_word' id='word_1_686' title='bbox 5093 4768 5173 4813; x_wconf 88' lang='lat' dir='ltr'><strong>est</strong></span> <span class='ocrx_word' id='word_1_687' title='bbox 5201 4758 5487 4821; x_wconf 89' lang='lat' dir='ltr'><strong>territorio,</strong></span> <span class='ocrx_word' id='word_1_688' title='bbox 5519 4774 5636 4815; x_wconf 81' lang='lat' dir='ltr'><strong>mo-</strong></span> 
     </span>
    </p>
   </div>
   <div class='ocr_carea' id='block_1_94' title="bbox 4076 4848 5634 4919">
    <p class='ocr_par' dir='ltr' id='par_1_94' title="bbox 4076 4848 5634 4919">
     <span class='ocr_line' id='line_1_96' title="bbox 4076 4848 5634 4919; baseline -0.001 -15"><span class='ocrx_word' id='word_1_689' title='bbox 4076 4852 4358 4905; x_wconf 88' lang='lat' dir='ltr'><strong>nachicum</strong></span> <span class='ocrx_word' id='word_1_690' title='bbox 4398 4860 4740 4919; x_wconf 85' lang='lat' dir='ltr'><strong>suscepturus</strong></span> <span class='ocrx_word' id='word_1_691' title='bbox 4771 4850 5009 4904; x_wconf 88' lang='lat' dir='ltr'><strong>habitmn</strong></span> <span class='ocrx_word' id='word_1_692' title='bbox 5047 4849 5353 4904; x_wconf 85' lang='lat' dir='ltr'><strong>declinaret.</strong></span> <span class='ocrx_word' id='word_1_693' title='bbox 5395 4848 5634 4903; x_wconf 86' lang='lat' dir='ltr'><strong>Tandem</strong></span> 
     </span>
    </p>
   </div>
   <div class='ocr_carea' id='block_1_95' title="bbox 4078 4939 5637 5009">
    <p class='ocr_par' dir='ltr' id='par_1_95' title="bbox 4078 4939 5637 5009">
     <span class='ocr_line' id='line_1_97' title="bbox 4078 4939 5637 5009; baseline -0.001 -14"><span class='ocrx_word' id='word_1_694' title='bbox 4078 4941 4308 4995; x_wconf 87' lang='lat' dir='ltr'><strong>termino</strong></span> <span class='ocrx_word' id='word_1_695' title='bbox 4350 4940 4612 4994; x_wconf 79' lang='lat' dir='ltr'><strong>condictze</strong></span> <span class='ocrx_word' id='word_1_696' title='bbox 4642 4940 4905 5009; x_wconf 88' lang='lat' dir='ltr'><strong>pactionis</strong></span> <span class='ocrx_word' id='word_1_697' title='bbox 4950 4947 5159 5002; x_wconf 86' lang='lat' dir='ltr'><strong>exacto,</strong></span> <span class='ocrx_word' id='word_1_698' title='bbox 5208 4953 5327 4991; x_wconf 91' lang='lat' dir='ltr'><strong>cum</strong></span> <span class='ocrx_word' id='word_1_699' title='bbox 5374 4953 5471 5007; x_wconf 76' lang='lat' dir='ltr'><strong>ego</strong></span> <span class='ocrx_word' id='word_1_700' title='bbox 5510 4939 5637 4995; x_wconf 81' lang='lat' dir='ltr'><strong>huic</strong></span> 
     </span>
    </p>
   </div>
   <div class='ocr_carea' id='block_1_96' title="bbox 4073 5026 5633 5099">
    <p class='ocr_par' dir='ltr' id='par_1_96' title="bbox 4073 5026 5633 5099">
     <span class='ocr_line' id='line_1_98' title="bbox 4073 5026 5633 5099; baseline -0.001 -15"><span class='ocrx_word' id='word_1_701' title='bbox 4073 5030 4319 5084; x_wconf 87' lang='lat' dir='ltr'><strong>assiduus</strong></span> <span class='ocrx_word' id='word_1_702' title='bbox 4338 5040 4555 5084; x_wconf 85' lang='lat' dir='ltr'><strong>exactor</strong></span> <span class='ocrx_word' id='word_1_703' title='bbox 4582 5028 4918 5093; x_wconf 88' lang='lat' dir='ltr'><strong>insisterem;</strong></span> <span class='ocrx_word' id='word_1_704' title='bbox 4945 5027 5030 5080; x_wconf 86' lang='lat' dir='ltr'><strong>ille</strong></span> <span class='ocrx_word' id='word_1_705' title='bbox 5053 5028 5173 5082; x_wconf 91' lang='lat' dir='ltr'><strong>inde</strong></span> <span class='ocrx_word' id='word_1_706' title='bbox 5196 5028 5444 5099; x_wconf 82' lang='lat' dir='ltr'><strong>cedendo,</strong></span> <span class='ocrx_word' id='word_1_707' title='bbox 5482 5026 5633 5082; x_wconf 84' lang='lat' dir='ltr'><strong>blan-</strong></span> 
     </span>
    </p>
   </div>
   <div class='ocr_carea' id='block_1_97' title="bbox 4075 5119 5627 5189">
    <p class='ocr_par' dir='ltr' id='par_1_97' title="bbox 4075 5119 5627 5189">
     <span class='ocr_line' id='line_1_99' title="bbox 4075 5119 5627 5189; baseline -0.001 -14"><span class='ocrx_word' id='word_1_708' title='bbox 4075 5122 4287 5185; x_wconf 86' lang='lat' dir='ltr'><strong>diendo,</strong></span> <span class='ocrx_word' id='word_1_709' title='bbox 4339 5122 4520 5175; x_wconf 87' lang='lat' dir='ltr'><strong>verbis</strong></span> <span class='ocrx_word' id='word_1_710' title='bbox 4567 5119 4781 5189; x_wconf 87' lang='lat' dir='ltr'><strong>quidem</strong></span> <span class='ocrx_word' id='word_1_711' title='bbox 4832 5120 5028 5174; x_wconf 88' lang='lat' dir='ltr'><strong>bonum</strong></span> <span class='ocrx_word' id='word_1_712' title='bbox 5072 5134 5230 5174; x_wconf 87' lang='lat' dir='ltr'><strong>omne</strong></span> <span class='ocrx_word' id='word_1_713' title='bbox 5277 5120 5627 5188; x_wconf 87' lang='lat' dir='ltr'><strong>promitteret,</strong></span> 
     </span>
    </p>
   </div>
   <div class='ocr_carea' id='block_1_98' title="bbox 4075 5209 5632 5282">
    <p class='ocr_par' dir='ltr' id='par_1_98' title="bbox 4075 5209 5632 5282">
     <span class='ocr_line' id='line_1_100' title="bbox 4075 5209 5632 5282; baseline -0.002 -16"><span class='ocrx_word' id='word_1_714' title='bbox 4075 5213 4240 5282; x_wconf 87' lang='lat' dir='ltr'><strong>ipsius</strong></span> <span class='ocrx_word' id='word_1_715' title='bbox 4265 5223 4442 5267; x_wconf 90' lang='lat' dir='ltr'><strong>autem</strong></span> <span class='ocrx_word' id='word_1_716' title='bbox 4473 5212 4840 5267; x_wconf 83' lang='lat' dir='ltr'><strong>conversionis</strong></span> <span class='ocrx_word' id='word_1_717' title='bbox 4859 5210 5105 5267; x_wconf 77' lang='lat' dir='ltr'><strong>cn‘ectum</strong></span> <span class='ocrx_word' id='word_1_718' title='bbox 5135 5209 5446 5280; x_wconf 88' lang='lat' dir='ltr'><strong>quibusdam</strong></span> <span class='ocrx_word' id='word_1_719' title='bbox 5472 5210 5632 5279; x_wconf 76' lang='lat' dir='ltr'><strong>tergi-</strong></span> 
     </span>
    </p>
   </div>
   <div class='ocr_carea' id='block_1_99' title="bbox 4072 5299 5625 5371">
    <p class='ocr_par' dir='ltr' id='par_1_99' title="bbox 4072 5299 5625 5371">
     <span class='ocr_line' id='line_1_101' title="bbox 4072 5299 5625 5371; baseline -0.003 -14"><span class='ocrx_word' id='word_1_720' title='bbox 4072 5304 4467 5358; x_wconf 85' lang='lat' dir='ltr'><strong>versationibus</strong></span> <span class='ocrx_word' id='word_1_721' title='bbox 4488 5304 4812 5370; x_wconf 82' lang='lat' dir='ltr'><strong>protelaret;</strong></span> <span class='ocrx_word' id='word_1_722' title='bbox 4864 5311 5041 5358; x_wconf 86' lang='lat' dir='ltr'><strong>rector</strong></span> <span class='ocrx_word' id='word_1_723' title='bbox 5083 5316 5293 5371; x_wconf 85' lang='lat' dir='ltr'><strong>quoque</strong></span> <span class='ocrx_word' id='word_1_724' title='bbox 5334 5299 5441 5367; x_wconf 84' lang='lat' dir='ltr'><strong>jam</strong></span> <span class='ocrx_word' id='word_1_725' title='bbox 5496 5299 5625 5353; x_wconf 89' lang='lat' dir='ltr'><strong>dicti</strong></span> 
     </span>
    </p>
   </div>
   <div class='ocr_carea' id='block_1_100' title="bbox 4074 5389 5627 5457">
    <p class='ocr_par' dir='ltr' id='par_1_100' title="bbox 4074 5389 5627 5457">
     <span class='ocr_line' id='line_1_102' title="bbox 4074 5389 5627 5457; baseline -0.003 -11"><span class='ocrx_word' id='word_1_726' title='bbox 4074 5392 4386 5448; x_wconf 88' lang='lat' dir='ltr'><strong>monasterii</strong></span> <span class='ocrx_word' id='word_1_727' title='bbox 4418 5390 4558 5445; x_wconf 90' lang='lat' dir='ltr'><strong>illius</strong></span> <span class='ocrx_word' id='word_1_728' title='bbox 4584 5390 4793 5445; x_wconf 84' lang='lat' dir='ltr'><strong>favebat</strong></span> <span class='ocrx_word' id='word_1_729' title='bbox 4819 5392 4975 5455; x_wconf 78' lang='lat' dir='ltr'><strong>votis,</strong></span> <span class='ocrx_word' id='word_1_730' title='bbox 5029 5389 5470 5457; x_wconf 85' lang='lat' dir='ltr'><strong>dissuadebatque</strong></span> <span class='ocrx_word' id='word_1_731' title='bbox 5496 5402 5627 5442; x_wconf 86' lang='lat' dir='ltr'><strong>eon-</strong></span> 
     </span>
    </p>
   </div>
   <div class='ocr_carea' id='block_1_101' title="bbox 4070 5480 5626 5553">
    <p class='ocr_par' dir='ltr' id='par_1_101' title="bbox 4070 5480 5626 5553">
     <span class='ocr_line' id='line_1_103' title="bbox 4070 5480 5626 5553; baseline -0.002 -18"><span class='ocrx_word' id='word_1_732' title='bbox 4070 5481 4229 5548; x_wconf 84' lang='lat' dir='ltr'><strong>vertl,</strong></span> <span class='ocrx_word' id='word_1_733' title='bbox 4260 5481 4412 5550; x_wconf 87' lang='lat' dir='ltr'><strong>cujus</strong></span> <span class='ocrx_word' id='word_1_734' title='bbox 4446 5481 4698 5535; x_wconf 89' lang='lat' dir='ltr'><strong>nimirum</strong></span> <span class='ocrx_word' id='word_1_735' title='bbox 4723 5480 4884 5553; x_wconf 74' lang='lat'><strong>695</strong></span> <span class='ocrx_word' id='word_1_736' title='bbox 4913 5480 5326 5550; x_wconf 86' lang='lat' dir='ltr'><strong>pernecessariis</strong></span> <span class='ocrx_word' id='word_1_737' title='bbox 5358 5486 5626 5533; x_wconf 80' lang='lat' dir='ltr'><strong>sustenta-</strong></span> 
     </span>
    </p>
   </div>
   <div class='ocr_carea' id='block_1_102' title="bbox 4071 5568 5622 5640">
    <p class='ocr_par' dir='ltr' id='par_1_102' title="bbox 4071 5568 5622 5640">
     <span class='ocr_line' id='line_1_104' title="bbox 4071 5568 5622 5640; baseline -0.002 -15"><span class='ocrx_word' id='word_1_738' title='bbox 4071 5573 4227 5625; x_wconf 86' lang='lat' dir='ltr'><strong>batur</strong></span> <span class='ocrx_word' id='word_1_739' title='bbox 4262 5570 4499 5626; x_wconf 87' lang='lat' dir='ltr'><strong>auxiliis.</strong></span> <span class='ocrx_word' id='word_1_740' title='bbox 4545 5570 4749 5625; x_wconf 87' lang='lat' dir='ltr'><strong>Interea</strong></span> <span class='ocrx_word' id='word_1_741' title='bbox 4797 5572 5054 5637; x_wconf 67' lang='lat' dir='ltr'><strong>languore</strong></span> <span class='ocrx_word' id='word_1_742' title='bbox 5101 5570 5337 5640; x_wconf 84' lang='lat' dir='ltr'><strong>corporis</strong></span> <span class='ocrx_word' id='word_1_743' title='bbox 5384 5568 5622 5623; x_wconf 82' lang='lat' dir='ltr'><strong>irruente</strong></span> 
     </span>
    </p>
   </div>
   <div class='ocr_carea' id='block_1_103' title="bbox 2404 5656 5617 5733">
    <p class='ocr_par' dir='ltr' id='par_1_103' title="bbox 2404 5656 5617 5733">
     <span class='ocr_line' id='line_1_105' title="bbox 2404 5656 5617 5733; baseline 0.002 -26"><span class='ocrx_word' id='word_1_744' title='bbox 2404 5656 2695 5711; x_wconf 82' lang='lat' dir='ltr'><strong>voluntatis</strong></span> <span class='ocrx_word' id='word_1_745' title='bbox 2720 5656 2858 5711; x_wconf 83' lang='lat' dir='ltr'><strong>desit</strong></span> <span class='ocrx_word' id='word_1_746' title='bbox 2882 5658 3181 5723; x_wconf 88' lang='lat' dir='ltr'><strong>arbitrium,</strong></span> <span class='ocrx_word' id='word_1_747' title='bbox 3219 5673 3321 5712; x_wconf 88' lang='lat' dir='ltr'><strong>non</strong></span> <span class='ocrx_word' id='word_1_748' title='bbox 3364 5660 3633 5712; x_wconf 82' lang='lat' dir='ltr'><strong>manebit?</strong></span> <span class='ocrx_word' id='word_1_749' title='bbox 3663 5659 3767 5713; x_wconf 87' lang='lat' dir='ltr'><strong>Sed</strong></span> <span class='ocrx_word' id='word_1_750' title='bbox 3797 5674 3962 5713; x_wconf 85' lang='lat' dir='ltr'><strong>cano-</strong></span> <span class='ocrx_word' id='word_1_751' title='bbox 3995 5718 4033 5733; x_wconf 47' lang='grc' dir='ltr'>ἢ</span> <span class='ocrx_word' id='word_1_752' title='bbox 4068 5662 4337 5725; x_wconf 87' lang='lat' dir='ltr'><strong>decubuit,</strong></span> <span class='ocrx_word' id='word_1_753' title='bbox 4398 5671 4618 5733; x_wconf 87' lang='lat' dir='ltr'><strong>peccata</strong></span> <span class='ocrx_word' id='word_1_754' title='bbox 4695 5662 4994 5723; x_wconf 66' lang='lat' dir='ltr'><strong>confessus,</strong></span> <span class='ocrx_word' id='word_1_755' title='bbox 5056 5660 5258 5730; x_wconf 84' lang='lat' dir='ltr'><strong>judicio</strong></span> <span class='ocrx_word' id='word_1_756' title='bbox 5328 5659 5617 5715; x_wconf 71' lang='lat' dir='ltr'><strong>sacerdotis</strong></span> 
     </span>
    </p>
   </div>
   <div class='ocr_carea' id='block_1_104' title="bbox 2407 5718 5615 5821">
    <p class='ocr_par' dir='ltr' id='par_1_104' title="bbox 2407 5718 5615 5821">
     <span class='ocr_line' id='line_1_106' title="bbox 2407 5718 5615 5821; baseline 0 -22"><span class='ocrx_word' id='word_1_757' title='bbox 2407 5746 2523 5807; x_wconf 79' lang='lat' dir='ltr'><strong>nica</strong></span> <span class='ocrx_word' id='word_1_758' title='bbox 2553 5748 2789 5802; x_wconf 83' lang='lat' dir='ltr'><strong>decernit</strong></span> <span class='ocrx_word' id='word_1_759' title='bbox 2815 5749 3123 5813; x_wconf 85' lang='lat' dir='ltr'><strong>auctoritas,</strong></span> <span class='ocrx_word' id='word_1_760' title='bbox 3148 5759 3205 5802; x_wconf 93' lang='lat' dir='ltr'><strong>ut</strong></span> <span class='ocrx_word' id='word_1_761' title='bbox 3230 5751 3273 5803; x_wconf 90' lang='lat' dir='ltr'><strong>si</strong></span> <span class='ocrx_word' id='word_1_762' title='bbox 3305 5748 3461 5805; x_wconf 86' lang='lat' dir='ltr'><strong>vidua</strong></span> <span class='ocrx_word' id='word_1_763' title='bbox 3499 5749 3714 5818; x_wconf 86' lang='lat' dir='ltr'><strong>pietatis</strong></span> <span class='ocrx_word' id='word_1_764' title='bbox 3762 5748 3961 5804; x_wconf 88' lang='lat' dir='ltr'><strong>violen-</strong></span> <span class='ocrx_word' id='word_1_765' title='bbox 3994 5718 4037 5775; x_wconf 69' lang='grc' dir='ltr'><strong>Β</strong></span> <span class='ocrx_word' id='word_1_766' title='bbox 4067 5753 4379 5817; x_wconf 79' lang='lat' dir='ltr'><strong>absolvitur,</strong></span> <span class='ocrx_word' id='word_1_767' title='bbox 4411 5753 4733 5821; x_wconf 84' lang='lat' dir='ltr'><strong>pauperibus</strong></span> <span class='ocrx_word' id='word_1_768' title='bbox 4761 5761 4815 5807; x_wconf 89' lang='lat' dir='ltr'><strong>et</strong></span> <span class='ocrx_word' id='word_1_769' title='bbox 4838 5751 5081 5808; x_wconf 87' lang='lat' dir='ltr'><strong>ccclesiis</strong></span> <span class='ocrx_word' id='word_1_770' title='bbox 5110 5749 5272 5805; x_wconf 88' lang='lat' dir='ltr'><strong>multa</strong></span> <span class='ocrx_word' id='word_1_771' title='bbox 5296 5748 5534 5819; x_wconf 74' lang='lat' dir='ltr'><strong>largitur,</strong></span> <span class='ocrx_word' id='word_1_772' title='bbox 5564 5750 5615 5801; x_wconf 90' lang='lat' dir='ltr'><strong>in</strong></span> 
     </span>
    </p>
   </div>
   <div class='ocr_carea' id='block_1_105' title="bbox 2408 5833 5618 5914">
    <p class='ocr_par' dir='ltr' id='par_1_105' title="bbox 2408 5833 5618 5914">
     <span class='ocr_line' id='line_1_107' title="bbox 2408 5833 5618 5914; baseline -0.001 -21"><span class='ocrx_word' id='word_1_773' title='bbox 2408 5833 2532 5893; x_wconf 84' lang='lat' dir='ltr'><strong>tiatn</strong></span> <span class='ocrx_word' id='word_1_774' title='bbox 2560 5838 2960 5906; x_wconf 83' lang='lat' dir='ltr'><strong>pertimescens,</strong></span> <span class='ocrx_word' id='word_1_775' title='bbox 2989 5853 3200 5893; x_wconf 86' lang='lat' dir='ltr'><strong>sacrum</strong></span> <span class='ocrx_word' id='word_1_776' title='bbox 3240 5839 3479 5894; x_wconf 70' lang='lat' dir='ltr'><strong>velamen</strong></span> <span class='ocrx_word' id='word_1_777' title='bbox 3506 5839 3653 5909; x_wconf 71' lang='lat' dir='ltr'><strong>quasi</strong></span> <span class='ocrx_word' id='word_1_778' title='bbox 3686 5855 3787 5895; x_wconf 78' lang='lat' dir='ltr'><strong>non</strong></span> <span class='ocrx_word' id='word_1_779' title='bbox 3832 5854 3955 5908; x_wconf 88' lang='lat' dir='ltr'><strong>pcr-</strong></span> <span class='ocrx_word' id='word_1_780' title='bbox 4069 5852 4293 5909; x_wconf 85' lang='lat' dir='ltr'><strong>tantum,</strong></span> <span class='ocrx_word' id='word_1_781' title='bbox 4326 5852 4381 5899; x_wconf 92' lang='lat' dir='ltr'><strong>ut</strong></span> <span class='ocrx_word' id='word_1_782' title='bbox 4408 5843 4614 5899; x_wconf 82' lang='lat' dir='ltr'><strong>cunctis</strong></span> <span class='ocrx_word' id='word_1_783' title='bbox 4635 5844 4787 5914; x_wconf 85' lang='lat' dir='ltr'><strong>quasi</strong></span> <span class='ocrx_word' id='word_1_784' title='bbox 4809 5844 4942 5899; x_wconf 86' lang='lat' dir='ltr'><strong>bene</strong></span> <span class='ocrx_word' id='word_1_785' title='bbox 4962 5839 5618 5913; x_wconf 56' lang='lat' dir='ltr'><strong>compositisﬁtssisteutes</strong></span> 
     </span>
    </p>
   </div>
  </div>
