4380 6368
119 381 231 439 689

780 381 1021 440 OPUSC.
1066 381 1218 436 XLII.
1241 411 1310 422 —
1336 382 1425 438 DE
1463 378 1600 436 ΝΟ)
1638 375 2003 435 FALLENDA
2030 379 2188 436 FIDE
2217 377 2353 437 DEO
2389 376 2793 435 OBSTRICTA.

3299 374 3410 431 070

119 498 229 553 sibi
258 507 548 566 cognatos
583 505 641 552 et
685 496 866 552 amnes
894 499 994 553 sub
1045 499 1145 553 hac
1190 498 1547 552 obtestatione
1596 511 1727 551 con-
1750 496 1803 555 Α
1827 494 1989 550 debat
2015 497 2307 561 territorio,
2341 505 2668 552 moraretur.
2698 495 2811 549 Illic
2842 494 3025 564 itaque
3049 488 3405 560 constitutus,

120 585 472 654 stringeret;
514 603 535 636 ‹
572 585 831 649 Obsecro,
862 586 1055 653 inquit,
1093 601 1188 655 per
1232 587 1573 649 charitatem,
1610 599 1728 652 qua:

121 671 273 727 Deus
296 681 413 737 est,
448 688 618 727 nemo
649 688 734 725 me
768 673 913 726 reddi
970 674 1092 727 huic
1133 675 1346 727 mortali
1397 674 1520 728 vitae
1568 674 1728 741 depo-

121 770 277 826 scat;
319 776 395 815 ne
427 762 583 830 quod
619 762 778 823 absit,
830 761 1145 829 imparatum
1203 767 1537 831 postmodum
1582 777 1723 816 mors

120 848 436 917 improvisa
463 849 710 916 reperiat
760 848 841 917 (Il
868 850 1026 903 Joan.
1052 850 1146 919 ιν).
1179 869 1196 901 ι
1228 851 1515 920 Aliquanto
1544 862 1722 904 autem

118 946 251 1006 post
280 936 407 1004 ejus
440 938 661 991 obitum
713 947 970 1004 tempore,
1000 939 1255 1005 prazdicto
1303 940 1479 993 abbati
1515 939 1597 991 vir
1637 938 1725 992 ille

119 1041 221 1095 per
246 1027 433 1079 visum
474 1034 757 1079 nocturnae
781 1026 975 1093 quietis
999 1027 1263 1093 apparuit.
1294 1024 1589 1079 Videbatur
1618 1039 1716 1076 au-

118 1120 233 1169 tem
263 1114 420 1183 quod
457 1114 513 1166 in
550 1114 783 1183 spatiosa
809 1112 1037 1179 quadam
1067 1116 1239 1183 campi
1292 1114 1509 1182 planitie
1558 1115 1723 1181 impe-

119 1211 298 1267 rator,
338 1204 387 1256 si
422 1213 581 1257 recte
612 1212 788 1266 teneo,
814 1202 894 1253 vel
916 1204 1168 1270 quaelibet
1205 1206 1414 1259 excelsa
1458 1215 1720 1274 potestas,

118 1305 248 1346 cum
282 1294 463 1346 totius
512 1292 664 1361 regni
694 1292 1021 1359 primoribus
1073 1302 1127 1346 et
1156 1295 1373 1361 copioso
1420 1303 1724 1348 moraretur

118 1396 272 1434 exert
293 1381 400 1435 itu.
434 1381 687 1448 Cumque
720 1381 805 1433 ille
834 1383 1160 1449 stupefactus
1187 1384 1290 1438 huc
1330 1385 1564 1453 illucque
1594 1401 1721 1440 ocu-

116 1469 200 1523 los
225 1470 567 1534 deduceret,
602 1485 731 1524 ecce
752 1472 1022 1524 Arduinus
1062 1487 1092 1525 a
1122 1474 1439 1540 quihusdam
1467 1484 1719 1544 tanquam

119 1558 456 1611 custodibus
480 1558 742 1612 celeriter
787 1559 1100 1612 ducebatur.
1161 1559 1327 1625 Heus,
1360 1561 1553 1629 inquit,
1586 1564 1719 1617 siste

118 1647 382 1713 gradum,
420 1648 536 1715 ﬁge
564 1647 780 1714 pedem,
823 1647 1041 1715 quiesce
1086 1647 1380 1719 paulisper,
1428 1650 1558 1703 mihi
1611 1666 1719 1705 non

119 1733 398 1802 loqueris,
426 1734 714 1789 Arduine?

1830 584 2166 652 pauperculae
2194 585 2404 637 cuidam
2432 584 2603 636 vidua:
2623 598 2864 651 porcum;
2895 597 3053 650 quem
3081 582 3229 635 velut
3252 595 3405 651 spem

1830 673 1911 725 sui
1935 675 2107 726 victus
2137 674 2331 736 alebat,
2361 674 2612 740 praecepit
2639 672 2858 733 auferri,
2918 672 3137 738 suisque
3184 669 3405 725 ferculis

1829 758 2189 825 profuturum,
2219 777 2323 813 non
2355 762 2573 829 segnius
2601 760 2914 827 prmparari.
2950 759 3160 812 Emittit
3212 774 3403 827 preces

1792 880 1801 885 -
1827 847 1938 911 illa,
1967 848 2119 901 ﬂetus
2151 849 2326 902 fundit
2348 863 2409 901 ac
2431 850 2681 916 gemitus,
2715 848 2924 916 sibique
2953 848 3246 917 diligentia:
3288 863 3401 903 sua:

1831 937 1979 990 reddi
2032 938 2267 1006 postulat
2294 938 2697 991 detrimentum.
2729 936 2834 991 Sed
2865 952 2962 990 suo
3005 939 3175 990 ventri
3228 939 3402 1008 magis

1830 1040 1989 1093 quam
2023 1026 2092 1078 illi
2120 1028 2237 1095 pius
2260 1027 2543 1095 episcopus
2570 1026 2695 1078 dum
2718 1026 2953 1093 propriis
2982 1026 3227 1093 providet
3253 1041 3402 1079 meno

1827 1115 1922 1181 sis,
1950 1115 2258 1167 mandatum
2286 1114 2898 1183 parvipenditauctoris,
2930 1113 3018 1179 qui
3048 1127 3144 1181 per
3166 1113 3399 1182 prophe-

1826 1212 1934 1257 tam
1980 1202 2145 1255 dicit:
2180 1220 2199 1252 ‹
2238 1201 2532 1256 Subvenite
2583 1216 2862 1270 oppresso,
2890 1200 3128 1269 judicate
3176 1200 3397 1269 pupillo,

1824 1292 2092 1345 defendite
2121 1292 2338 1345 viduam
2367 1291 2519 1361 (Isai.
2554 1291 2613 1360 ι).
2648 1312 2666 1343 ι
2702 1292 2805 1345 Sed
2834 1292 2923 1359 qui
2978 1294 3170 1348 absens
3218 1292 3401 1345 crede-

1820 1380 1980 1434 batur
2000 1380 2327 1434 instituendo
2352 1392 2696 1450 praeceptum,
2730 1391 3047 1450 praesentem
3079 1395 3199 1434 esse
3220 1395 3277 1433 se
3301 1382 3399 1435 do-

1822 1476 1931 1529 cuit
1963 1474 2241 1529 infercndo
2262 1475 2543 1543 judicium.
2582 1474 2713 1527 Nam
2739 1474 3043 1543 episcopus,
3069 1474 3193 1526 dum
3217 1472 3396 1542 lacry-

1821 1580 1938 1619 mas
1965 1564 2161 1628 viduae,
2190 1580 2299 1619 sua:
2332 1563 2461 1617 facit
2486 1564 2710 1617 delicias
2748 1562 2903 1633 gulae,
2938 1577 3059 1616 mox
3102 1576 3397 1631 percussus

1822 1657 1875 1710 in
1896 1663 2131 1725 gutture,
2163 1656 2357 1710 vulnus
2404 1656 2651 1721 incurrit,
2674 1654 2824 1723 quod
2853 1654 3015 1708 nullis
3063 1652 3394 1708 medicorum

1820 1746 2033 1809 studiis,
2071 1747 2242 1801 donec
2276 1746 2427 1812 vixit,
2464 1746 2654 1799 evasit.

188 1825 333 1892 Age,
362 1822 567 1887 frater,
590 1825 717 1891 quid
744 1824 837 1879 tibi
861 1826 980 1879 est?
1006 1825 1204 1881 laetaris
1223 1842 1291 1880 an
1316 1828 1552 1897 pateris?
1569 1830 1720 1885 adest
1747 1837 1796 1899 Β
1870 1835 2005 1891 illoc
2031 1836 2211 1905 itaque
2236 1837 2559 1905 praepeditus
2582 1836 2942 1897 incommodo,
2967 1848 3090 1888 cum
3113 1832 3224 1901 jam
3246 1834 3397 1900 juxta

120 1922 285 1977 poena
319 1910 409 1961 vel
465 1910 679 1978 gloria?
714 1909 811 1965 Cui
866 1912 1035 1967 tristis
1070 1921 1123 1969 et
1164 1912 1386 1969 flebilis:
1440 1915 1568 1979 Cur,
1621 1918 1718 1982 ait,

122 2009 210 2049 me
232 1997 301 2049 de
331 1997 518 2065 gloria
549 1998 808 2061 consulis,
843 2000 931 2067 qui
950 1998 1169 2068 jugibus
1199 2004 1373 2071 poenis
1418 2003 1641 2070 aﬂicior,
1665 2014 1720 2060 et

122 2096 191 2136 ne
218 2083 288 2136 ad
320 2092 671 2137 momentum
698 2086 909 2155 quidem
964 2089 1232 2156 respirare
1284 2092 1611 2160 permittor?
1636 2094 1717 2149 Ad

122 2186 286 2239 quem
314 2173 533 2226 abbas:
560 2173 698 2238 Quid
726 2175 840 2239 tibi,
874 2177 1068 2246 inquit,
1101 2179 1160 2232 Β.
1196 2178 1537 2249 Vincentius,
1586 2198 1715 2239 num

122 2260 221 2313 tibi
251 2277 404 2315 nunc
433 2262 491 2315 in
524 2264 848 2319 necessitate
868 2281 971 2320 non
996 2268 1287 2331 succurrit,
1312 2271 1397 2323 cui
1432 2271 1499 2325 ad
1552 2272 1717 2326 colla-

123 2346 434 2403 borandum
469 2365 587 2404 sua:
630 2350 820 2405 domus
841 2354 1366 2412 administratoribus
1389 2366 1497 2411 tam
1527 2359 1716 2415 sedulo

123 2434 464 2491 decertasti?
493 2439 594 2492 Cui
629 2454 753 2493 mox
803 2440 890 2495 ille
936 2443 1245 2512 subjunxit:
1304 2444 1555 2511 Sanctus,
1615 2450 1713 2513 ait,

126 2523 453 2583 Vincentius
478 2532 572 2584 diu
614 2546 699 2584 me
727 2546 880 2585 suum
924 2533 1050 2586 fecit
1094 2549 1309 2602 sperare
1354 2537 1709 2606 colloquium;

126 2616 220 2667 sed
251 2617 383 2683 quia
416 2617 628 2670 dudum
661 2616 929 2687 fatigatus,
962 2619 1065 2675 hoc
1108 2624 1354 2678 obtinere
1383 2640 1486 2679 non
1517 2628 1708 2691 merui,

126 2715 275 2770 spem
308 2705 479 2769 hanc,
505 2707 726 2759 omnino
746 2704 856 2774 jam
881 2707 1192 2777 frustratus,
1217 2713 1389 2767 amisi.
1420 2714 1517 2768 Ubi
1544 2716 1715 2770 soler-

128 2799 211 2846 ter
231 2795 630 2849 attendendum
656 2810 814 2864 quam
843 2810 988 2852 recta
1012 2800 1082 2853 sit
1102 2800 1240 2855 linea
1264 2803 1707 2871 divinaejustitiae,

129 2878 238 2934 imo
293 2896 463 2949 quam
513 2882 706 2937 artifex
758 2885 899 2954 apud
972 2885 1141 2941 Deum
1217 2903 1467 2943 mensura
1535 2892 1709 2947 vindi-

129 2966 247 3022 ctaé.
264 2970 358 3026 Ille
388 2973 661 3042 siquidem
690 2974 812 3027 dum
839 2976 1012 3030 adhuc
1036 2978 1260 3042 viveret,
1287 2983 1705 3036 convertendum

129 3070 188 3112 se
213 3059 266 3112 in
293 3062 633 3116 mouaztetio
667 3063 809 3117 beati
860 3068 1115 3134 martyris
1156 3078 1211 3121 et
1255 3071 1620 3138 promittebat,
1650 3081 1707 3126 et

1826 1922 2184 1992 Scripturam,
2218 1925 2347 1979 sola
2378 1924 2594 1978 vexatio
2640 1922 2975 1977 intellectum
3012 1923 3170 1977 daret
3198 1920 3399 1977 audittti

1823 2010 1996 2082 (Psal.
2044 2012 2257 2081 xxvtu),
2303 2014 2515 2067 tandem
2556 2014 2705 2065 sanis
2734 2012 2973 2067 consiliis
3011 2012 3305 2080 acquievit,
3346 2018 3402 2067 et

1821 2101 2152 2171 episcopales
2176 2101 2369 2154 infulas
2392 2102 2708 2155 monachica
2753 2100 3095 2170 professione
3145 2103 3399 2167 mutavit,

1820 2192 2064 2259 atquein
2112 2190 2471 2263 Pomposiano
2508 2191 2781 2259 coencbio,
2832 2192 2978 2261 quod
3027 2192 3083 2245 in
3120 2192 3178 2246 Β.
3216 2191 3401 2249 Marias

1818 2296 2031 2349 semper
2053 2282 2278 2351 virginis
2300 2290 2383 2336 est
2409 2283 2625 2336 honore
2640 2291 3038 2346 constructum,
3070 2282 3247 2350 longis
3274 2292 3400 2352 post

1818 2371 2150 2438 temporibus
2168 2372 2325 2426 vixit.
2352 2371 2533 2440 Usque
2563 2384 2742 2426 tamen
2766 2373 2831 2425 ad
2858 2374 3065 2427 obitum
3099 2382 3250 2428 tanta
3286 2374 3399 2431 ltesi

1818 2461 2049 2531 gutturis
2079 2460 2343 2515 laboravit
2370 2462 2639 2527 molestia,
2672 2470 2732 2515 ut
2761 2462 2864 2516 nisi
2889 2479 3009 2517 cum
3036 2478 3229 2532 magna
3260 2463 3399 2519 difﬂ-

1816 2550 2015 2605 cultate
2049 2549 2297 2619 trajicere
2328 2551 2580 2606 alimenta
2627 2567 2733 2606 non
2784 2560 2998 2621 posset;
3052 2554 3187 2607 adeo
3220 2563 3279 2607 ut
3327 2552 3397 2608 ad

1818 2639 2086 2709 geminam
2133 2654 2347 2709 semper
2376 2655 2614 2695 mensam
2672 2641 3076 2695 succedentium
3131 2640 3232 2695 sibi
3280 2639 3393 2694 fra-

1817 2737 1953 2781 trum
1985 2730 2037 2782 in
2064 2728 2353 2784 refectione
2380 2729 2765 2793 discumberet,
2799 2729 2996 2798 vixque
3026 2738 3236 2784 tantum
3286 2728 3394 2786 cibi

1813 2828 2049 2886 caperet,
2077 2822 2218 2875 unde
2247 2834 2496 2875 recreare
2522 2820 2858 2873 stomachum
2890 2818 3175 2887 potuisset.

1884 2905 1988 2958 Sed
2021 2907 2147 2961 dum
2186 2908 2346 2977 hujus
2384 2906 2619 2977 episcopi
2670 2906 3091 2971 reminiscimus,
3142 2907 3243 2961 sub
3289 2906 3394 2963 hac

1810 2996 2096 3051 occasione
2137 2997 2265 3066 quid
2294 2998 2456 3050 etiam
2506 2995 2728 3049 Clusino
2773 2997 3028 3065 episcopo
3076 2995 3389 3068 contigerit,

1811 3083 2049 3138 scribere
2074 3098 2448 3153 provocamur.
2504 3083 2559 3136 In
2608 3084 2724 3152 ipsa
2775 3083 2930 3151 plane
2986 3094 3179 3151 quarta
3232 3083 3388 3148 feria,

132 3146 449 3243 ἀὶίξςιτεὺξιις
485 3167 631 3205 nunc
664 3161 843 3243 aut?!“
875 3154 941 3207 ad
966 3156 1204 3222 Clusae"!
1245 3160 1495 3229 martyris
1522 3163 1705 3216 νεηίτθ
1732 3148 1781 3212 c
1811 3188 1929 3243 qua:
1958 3146 2169 3227 initium
2196 3146 2875 3242 Quadragcsimte—dicitur,
2914 3146 3041 3226 fecit
3078 3146 3387 3229 convivium

138 3236 491 3306 colloquium,
538 3247 593 3293 et
623 3241 774 3309 quasi
827 3255 894 3295 ex
949 3245 1302 3310 promissione
1345 3248 1616 3315 sperabat,
1652 3257 1708 3303 et

138 3329 318 3381 tamen
363 3328 675 3382 nullatenus
725 3329 1063 3397 impetrabat.
1118 3331 1452 3403 Dignumque
1499 3334 1618 3401 fuit,
1650 3344 1709 3391 ut

134 3412 300 3469 abbas
332 3418 678 3485 patissimmn
709 3418 847 3473 hanc
899 3430 1144 3476 cerneret
1193 3424 1471 3490 visionem,
1520 3424 1708 3495 quine

132 3518 564 3575 converteretur,
604 3509 677 3565 illi
702 3511 1005 3567 obstiterat.

200 3596 352 3652 Alius
379 3600 548 3654 etiam
583 3614 735 3667 aeque
764 3611 921 3654 notus
947 3602 1098 3670 mihi,
1130 3612 1290 3672 atque
1314 3606 1447 3660 civis
1496 3608 1546 3659 in
1594 3607 1703 3660 Ra-

138 3685 355 3738 vennati
406 3688 543 3741 urbe
590 3685 837 3755 pollebat,
882 3697 936 3743 et
966 3690 1097 3760 legis
1128 3693 1315 3760 peritia
1349 3704 1625 3760 strenuus,
1649 3706 1704 3751 et

134 3777 612 3841 grammaticorum
634 3778 833 3846 regulis
859 3791 1224 3849 competenter
1255 3784 1569 3841 instructus.
1604 3787 1703 3843 Hic

137 3873 341 3916 mecum
372 3865 663 3921 fidedictor
689 3866 943 3933 instituit,
974 3880 1034 3923 ut
1062 3871 1107 3924 si
1146 3888 1271 3939 ego,
1322 3875 1481 3929 simul
1503 3886 1559 3931 et
1588 3878 1703 3945 ipse

138 3948 469 4018 relinqueret
514 3954 788 4009 sarculum.
819 3958 956 4022 Quid
1006 3959 1196 4028 plura?
1225 3961 1462 4019 Tandem
1500 3980 1599 4035 ego
1632 3968 1701 4021 ad

137 4042 542 4096 conversionem
575 4043 815 4109 veniens,
847 4053 905 4098 ttt
929 4048 1145 4114 sponsio
1184 4050 1495 4105 redderetur
1521 4055 1697 4125 exegi,

133 4126 225 4181 sed
243 4129 491 4187 obtinere
517 4146 625 4186 non
642 4134 806 4201 potui.
832 4133 925 4188 Ille
952 4137 1147 4207 quippe
1169 4154 1254 4193 me
1272 4142 1549 4210 gaudendo
1564 4158 1701 4212 prae-

135 4216 299 4303 misit,
328 4236 537 4292 suaque
563 4224 785 4294 vestigia
814 4227 1131 4293 subsistens,
1171 4232 1461 4288 artificiose
1489 4250 1699 4303 repres-

137 4302 221 4357 sit.
249 4304 363 4362 Non
388 4311 582 4365 diebus
604 4326 733 4367 vero
779 4313 962 4369 multis
996 4319 1354 4386 postmodum,
1396 4323 1523 4376 dum
1552 4323 1697 4381 hunc

135 4390 387 4451 adversus
414 4398 643 4454 levirum
678 4414 832 4455 suum
862 4402 1084 4460 furentis
1105 4408 1270 4463 animi
1314 4410 1450 4465 livor
1501 4427 1696 4469 accen-

137 4476 299 4572 deret,
329 4485 509 4555 gladio
531 4497 750 4557 repente
781 4505 1030 4560 percussa
1059 4510 1250 4550 manus
1284 4496 1400 4565 ejus
1423 4501 1691 4572 obriguit;
1724 4476 1771 4535 θ

136 4569 315 4661 sicque
339 4578 641 4648 stupefacta
671 4582 867 4637 mansit
914 4599 977 4639 ac
1008 4586 1175 4656 rigida
1203 4589 1476 4661 deinceps,
1518 4569 1575 4647 ut
1600 4594 1695 4649 ba-

131 4653 239 4752 iulo
252 4679 355 4752 suo
378 4668 551 4736 magis
572 4678 715 4723 esset
739 4672 889 4727 oneri
936 4653 1095 4743 quam
1127 4677 1334 4734 virtuti.
1363 4653 1479 4734 Jam
1511 4683 1693 4752 itaque

135 4744 331 4806 inutilis
362 4755 559 4822 factus,
591 4762 867 4828 mundum,
898 4763 1025 4818 dum
1074 4768 1408 4835 abuteretur,
1454 4744 1687 4840 abiecit;

137 4846 199 4929 et
217 4855 315 4895 non
335 4844 446 4911 jam
474 4862 749 4917 manceps,
774 4852 866 4904 sed
890 4868 1009 4906 cum
1032 4853 1306 4929 Beniamin
1334 4868 1475 4913 totus
1504 4862 1692 4916 dexter

138 4923 281 4991 (Gen.
306 4938 489 5004 xxxv),
516 4936 566 4989 in
591 4948 774 4992 sancta
790 4955 955 5009 usque
976 4942 1042 4996 ad
1063 4924 1267 4999 obitum
1286 4950 1694 5006 conversatione

137 5025 441 5080 permansit.

744 5118 968 5177 CAPUT
998 5122 1080 5177 Ill.

140 5207 775 5313 Episcopusperculuus'in
799 5244 1022 5313 gutture,
1052 5237 1195 5313 quod
1215 5242 1542 5313 paupercula:
1566 5260 1663 5313 por

404 5312 522 5349 rum
552 5296 861 5365 abstulisset,
893 5296 1127 5372 religioni
1160 5296 1393 5363 u'dedft.

1807 3263 2135 3331 sumptuosis
2175 3262 2402 3330 dapibus
2443 3261 2663 3324 inStrui,
2691 3270 2746 3314 et
2776 3262 3029 3315 balneum
3070 3264 3385 3332 praeparari,

1806 3351 2102 3419 accitisque
2129 3349 2407 3411 militibus,
2436 3355 2489 3402 et
2516 3348 2927 3415 obsequentium
2962 3350 3135 3404 turbis
3176 3350 3386 3407 lautum

1800 3440 1945 3494 diem
1970 3440 2208 3502 deduxit,
2243 3446 2300 3491 et
2326 3438 2472 3491 velut
2496 3437 2803 3491 advenienti
2838 3449 3038 3506 nuptae,
3072 3439 3385 3510 Quadmge-

1805 3529 1955 3583 simae
1983 3543 2104 3582 eum
2138 3528 2360 3596 nuptiali
2393 3526 2643 3581 convivio
2666 3526 3094 3597 gratulabundus
3116 3532 3380 3588 occurrit.

1807 3617 1908 3672 Ubi
1940 3619 2039 3671 hoc
2064 3626 2265 3672 tantum
2281 3616 2602 3678 ,diesoualnt
2630 3615 2884 3685 uegttla,
2906 3616 3030 3686 quia
3054 3633 3177 3673 cum
3206 3620 3387 3676 adhuc

1803 3707 2124 3763 livescercnt
2145 3709 2195 3762 in
2232 3708 2498 3777 capitibus
2524 3708 2757 3771 cineres,
2782 3708 3091 3762 :estuabant
3136 3709 3381 3780 ingurgi-

1805 3800 1899 3854 tati
1949 3813 2098 3853 mero
2124 3806 2178 3852 et
2207 3797 2425 3851 distenti
2457 3796 2683 3866 dapibus
2707 3804 2942 3851 ventres.
2986 3796 3115 3863 Sed,
3158 3814 3191 3852 ο
3238 3798 3383 3870 vigi-

1801 3888 1919 3943 lans
1950 3903 2110 3957 super
2156 3902 2253 3942 nos
2298 3886 2476 3942 divina
2522 3885 2835 3941 clemential
2885 3888 3171 3943 incolumis
3229 3897 3379 3954 tunc,

1800 3984 1962 4045 atque
1987 3977 2160 4046 vegeti
2190 3974 2396 4028 vultum
2418 3976 2654 4043 episcopi
2684 3975 2951 4045 paralysis
3009 3987 3231 4045 repente
3259 3991 3383 4031 cor-

1799 4060 1983 4135 ripuit',
2009 4062 2231 4133 ejusque
2266 4063 2460 4118 faciem
2513 4064 2852 4118 inhonestam
2904 4064 3022 4118 visu
3071 4076 3233 4133 atque
3281 4078 3380 4121 ora

1796 4155 2068 4219 distorsit;
2096 4169 2194 4224 per
2218 4154 2399 4223 plures
2419 4155 2581 4208 etiam
2603 4169 2793 4216 annos.
2819 4155 3014 4224 quibus
3034 4156 3379 4223 postmodum

1795 4244 2117 4313 supervixit,
2142 4243 2246 4299 hoc
2273 4244 2326 4299 in
2355 4258 2415 4298 se
2442 4244 2636 4299 divinte
2662 4244 3148 4299 animadversionis
3166 4244 3379 4315 insigne

1793 4334 2050 4405 portavit.

2410 4421 2636 4479 CAPUT
2664 4421 2753 4476 IV.

1799 4535 2035 4590 Adamn:
2061 4530 2468 4603 Semproniensis
2518 4534 2786 4602 episcopus
2818 4534 3087 4603 inapinata
3124 4537 3375 4603 moritur,

2045 4602 2189 4673 quod
2212 4604 2476 4672 religionis
2504 4604 2794 4672 ingressum
2816 4602 3122 4657 distulisset.

1866 4700 2004 4756 Num
2029 4710 2081 4755 et
2116 4700 2285 4755 Adam
2310 4698 3117 4770 Semproniensemepiscopum
3142 4712 3376 4771 praeter-

1798 4791 1907 4854 ibo,
1964 4790 2141 4859 quise
2190 4789 2511 4844 monachum
2556 4788 2673 4843 fleri
2717 4802 2861 4859 saepe
2889 4790 3244 4859 promiserat;
3275 4793 3378 4849 sed

1796 4894 2012 4948 semper
2066 4877 2444 4931 excusationes
2490 4876 2817 4943 quibusdam
2870 4878 3022 4946 quasi
3070 4878 3375 4935 rationibus

1792 4966 2062 5022 coloratas
2086 4965 2379 5021 obtendere
2404 4967 2711 5036 satagebat.
2734 4965 3038 5035 Aliquando
3086 4967 3266 5022 mitius
3289 4966 3369 5023 fe-

1790 5058 1996 5121 briens,
2029 5074 2115 5113 me
2140 5058 2352 5112 vocavit
2377 5056 2443 5110 ad
2472 5070 2561 5119 se;
2586 5059 2673 5111 cui
2690 5058 2967 5123 nimirum,
2993 5066 3051 5111 ut
3073 5060 3375 5116 monachus

1792 5148 1964 5211 fieret,
1995 5163 2116 5202 cum
2145 5164 2245 5218 ego
2276 5150 2534 5205 violenter
2576 5152 2910 5217 insisterem,
2948 5152 3083 5205 velle
3110 5166 3169 5206 se
3189 5152 3370 5220 perhi-

1791 5236 1981 5299 bebat;
2009 5246 2064 5290 et
2110 5241 2285 5292 tamen
2312 5248 2369 5292 ut
2396 5255 2491 5307 per
2524 5243 2788 5309 quasdam
2819 5243 3107 5295 verborum
3149 5237 3267 5307 ejus
3298 5240 3367 5293 ri-

1791 5340 1907 5379 mas
1934 5341 2219 5395 erumpere
2240 5329 2539 5393 videbatur,
2573 5345 2690 5384 rem
2728 5329 2945 5384 differre
2972 5330 3232 5383 tentabat.
3266 5326 3371 5382 Po.

199 5380 395 5444 interea
426 5390 663 5447 Joannes
698 5411 910 5465 quoque
940 5399 1377 5459 Commiaclensis
1404 5408 1685 5479 episcopus

138 5467 201 5522 ad
236 5481 543 5533 memoriam
596 5484 751 5547 redit,
782 5487 873 5555 qui
921 5489 1044 5544 dum
1072 5467 1478 5551 conversionem

136 5567 275 5615 suam
292 5581 400 5655 per
424 5570 584 5640 longa
605 5581 903 5644 temporum
947 5578 1229 5637 intervalla
1277 5567 1555 5655 differret;
1578 5567 1679 5644 in:

140 5654 335 5713 Quando
356 5658 578 5731 contigit
605 5670 661 5716 ut
687 5664 738 5718 in
762 5664 923 5723 fundo
948 5684 1065 5737 suo,
1088 5688 1245 5741 quem
1264 5675 1316 5730 in
1331 5677 1501 5733 saltus
1514 5682 1680 5749 possi-

1789 5425 1995 5469 stremo
2026 5416 2168 5483 quod
2215 5424 2354 5485 apud
2385 5432 2471 5472 me
2498 5422 2675 5490 magis
2696 5421 2953 5483 obtinuit,
2979 5422 3085 5473 ait:
3115 5419 3225 5489 Ego
3251 5419 3369 5487 qui-

1787 5503 1934 5567 dem,
1961 5515 2135 5573 pater.
2167 5508 2425 5577 quidquid
2454 5514 2724 5582 praecipis.
2753 5511 3133 5567 incunctanter
3151 5512 3366 5565 obtem-

1789 5609 1952 5662 pero;
1980 5606 2352 5653 verumtamen
2395 5599 2519 5655 nolo
2552 5609 2607 5655 te
2638 5603 2823 5665 lateat,
2855 5601 3018 5673 697
3069 5601 3193 5670 quia
3238 5615 3366 5654 mox

1789 5690 1846 5737 ut
1872 5699 1971 5753 ego
1997 5684 2171 5741 factus
2210 5685 2360 5743 fuero
2388 5684 2706 5755 monachus.
2736 5678 2935 5760 prazdis
2962 5705 3173 5760 quoque
3202 5698 3375 5761 atque
