5882 6640
2490 430 2587 492 στι

2948 438 3004 491 S.
3038 436 3233 491 PETRI
3268 430 3545 487 DAMIANI
3580 430 3727 486 OPP.
3771 427 4007 484 TOMUS
4042 425 4172 483 SEU
4210 428 4387 485 PARS
4422 431 4507 488 Ill.
4534 431 4980 491 -—OPUSCULA
5018 431 5245 490 ΥΔΒΙΑι.

5594 434 5685 489 673

2496 552 2695 622 rapinis
2716 551 2829 605 hac
2858 550 3039 619 procul
3065 548 3227 604 dubio
3276 547 3478 616 patebit
3527 542 3787 611 Ecclesia;
3836 546 4054 613 insuper
4084 548 4127 603 Α
4156 540 4324 613 elligie
4357 546 4629 614 pauperis,
4675 554 4729 599 et
4767 554 5015 612 tanquam
5054 542 5260 612 prolixo
5291 540 5403 611 jam
5436 542 5580 598 crine
5603 544 5686 599 de-

2489 650 2541 697 et
2586 640 2948 711 possessiones
2996 639 3130 706 ejus,
3169 645 3222 691 et
3272 637 3467 705 pnedia
3522 635 3731 689 scelesti
3800 634 4045 688 homines

2488 730 2742 787 radicitus
2762 728 3152 796 exstirpabunt.
3180 723 3290 780 Hoc
3316 740 3446 794 ergo
3467 725 3713 785 audiens,
3751 723 3873 777 dum
3899 721 4047 774 delu-

2489 832 2577 872 ius
2615 814 2868 869 Ecclesiae
2896 824 3000 867 tam
3044 813 3393 882 periclitanti,
3442 813 3574 881 proh
3613 810 3799 864 dolor!
3855 810 4047 861 anima:

2492 917 2591 960 non
2624 903 2865 973 praevidi.
2911 902 3187 956 Recedens
3234 902 3395 971 igitur
3423 901 3546 963 sibi,
3575 900 3791 966 suisque
3822 896 4046 951 manda-

2489 1002 2597 1046 tum
2633 991 2776 1055 dedi,
2799 999 2858 1044 ut
2881 990 2924 1043 si
2976 990 3200 1059 languor
3251 988 3588 1056 aliquatenus
3625 987 4045 1055 ingravesceret,

2488 1078 2729 1133 autmibi
2784 1092 2881 1147 per
2921 1075 3157 1145 indicem
3194 1078 3435 1145 protinus
3486 1076 3905 1135 innotescerent,
3955 1081 4048 1124 aut

2487 1165 2634 1221 illum
2664 1165 2732 1219 ad
2761 1165 3145 1219 monasterium
3174 1180 3278 1218 non
3300 1163 3454 1233 longe
3490 1162 3723 1233 positum
3751 1159 4042 1214 deferrent.

2558 1254 2721 1310 Porro
2772 1264 2947 1309 autem
2998 1264 3278 1323 postquam
3320 1267 3418 1322 ego
3459 1252 3677 1317 recessi,
3726 1250 3895 1305 frater
3930 1250 4046 1318 ejus

2488 1343 2602 1399 htcc
2636 1344 2762 1397 mihi
2796 1359 2891 1411 per
2925 1344 3167 1396 nuntium
3198 1342 3499 1411 delegavit:
3539 1343 3798 1397 Dominus
3830 1343 4043 1409 quidem

2486 1447 2655 1497 meus,
2689 1443 2748 1487 ut
2788 1447 3086 1502 speramus,
3129 1447 3223 1501 per
3260 1432 3495 1487 divinam
3534 1432 3873 1487 clementiam
3917 1448 4017 1487 con

2484 1519 2743 1585 valescet;
2778 1528 3142 1573 verumtamen
3185 1522 3372 1573 hortor
3408 1529 3466 1573 ut
3497 1520 3782 1575 revertaris
3809 1521 3873 1573 ad
3898 1535 4041 1584 eum,

2485 1608 2589 1663 hoc
2628 1609 2834 1663 scilicet
2869 1610 3077 1668 ordine,
3121 1618 3178 1660 ut
3214 1609 3461 1662 videlicet
3497 1608 3771 1662 Dominico
3805 1610 3888 1662 die
3922 1624 4044 1677 pro-

2482 1699 2604 1769 pius
2631 1698 2933 1752 accedendo
2967 1698 3030 1751 ad
3060 1699 3361 1751 ccenobium
3400 1698 3457 1751 Β.
3492 1696 3779 1761 Vincentii,
3810 1699 3949 1765 quod
3978 1700 4043 1752 ab

2484 1787 2789 1856 episcopatu
2830 1788 2916 1839 vix
2947 1787 3183 1855 quinque
3205 1788 3465 1856 lapidibus
3492 1786 3673 1851 distat,
3711 1788 4041 1855 reqaiescas.

4148 630 4339 685 formis
4364 635 4556 702 egebat
4582 643 4697 687 arte
4726 633 4979 687 tonsoris.
5011 632 5102 686 Ille
5124 634 5363 701 protinus
5391 643 5687 688 reverenter

4147 731 4457 789 assurgens,
4506 722 4644 776 inter
4689 732 4883 775 caetera
4924 720 5169 775 ofﬁciosa:
5213 720 5554 776 humanitatis
5592 722 5687 775 im-

4145 808 4336 875 pendia
4373 810 4536 877 coepit
4578 809 4723 863 illum
4760 808 5053 877 forcipibus
5087 809 5397 872 attendere;
5434 808 5529 864 sed
5567 809 5687 865 dum

4150 906 4331 951 tornat
4358 912 4421 953 ac
4450 901 4665 968 satagit,
4706 913 4831 953 ecce
4869 898 5066 966 reperit
5094 898 5226 952 duos
5255 898 5306 952 in
5331 898 5575 967 occipitio
5596 900 5689 954 sub

4146 986 4387 1041 crinibus
4408 988 4593 1042 oculos
4612 989 4903 1042 latitantes.
4929 986 5157 1054 Expavit
5178 988 5357 1052 homo,
5379 996 5689 1058 stupensque

4146 1079 4499 1142 contremuit,
4543 1086 4596 1133 et
4621 1080 4747 1147 quid
4777 1078 4937 1133 vellet
4984 1091 5104 1133 esse
5136 1078 5274 1146 quod
5329 1087 5566 1133 cerneret
5598 1094 5686 1149 pa-

4149 1166 4303 1220 vidus
4345 1167 4651 1236 inquisivit;
4683 1168 4769 1222 cui
4806 1182 4928 1223 mox
4961 1165 5048 1220 ille
5090 1184 5103 1220 :
5146 1166 5276 1237 Ego,
5322 1167 5511 1238 inquit,
5546 1166 5692 1223 Jesos

4146 1271 4330 1319 vocor,
4360 1258 4449 1326 qui
4480 1257 4713 1325 undique
4742 1268 4933 1312 cuncta
4962 1257 5320 1327 contemplor;
5359 1266 5413 1311 et
5447 1259 5531 1312 isti
5560 1266 5678 1313 sunt

4145 1345 4307 1408 oculi,
4334 1346 4526 1414 quibus
4552 1347 4715 1400 etiam
4750 1361 4899 1401 suem
4933 1347 5062 1410 vidi,
5092 1361 5247 1416 quem
5274 1361 5438 1415 nuper
5464 1347 5515 1400 in
5538 1361 5691 1403 cavea

4146 1434 4490 1498 conclusisti;
4536 1448 4767 1502 moxque
4798 1434 5077 1503 disparuit.
5125 1434 5216 1489 ille
5244 1434 5481 1504 protinus
5512 1434 5573 1487 ad
5608 1447 5694 1489 cor

4148 1525 4382 1588 rediens,
4430 1534 4484 1578 et
4525 1524 4770 1578 divinam
4796 1525 4939 1579 circa
4982 1539 5039 1579 se
5080 1524 5413 1580 clementiam
5448 1538 5697 1595 recogno-

4146 1615 4241 1673 vit,
4276 1624 4329 1667 et
4355 1614 4497 1683 quod
4526 1613 4707 1683 inique
4734 1624 5142 1693 praesumpserant
5198 1615 5555 1671 satisfactione
5572 1631 5695 1685 puro

4150 1703 4313 1772 gavit.
4366 1702 4469 1757 Sed
4514 1703 4605 1772 qui
4655 1704 4749 1759 tibi
4798 1711 4905 1756 tam
4953 1703 5186 1757 unanimi
5235 1702 5481 1758 fraterna:
5519 1706 5698 1775 gratia

4151 1793 4515 1847 familiaritate
4543 1792 4855 1863 conjungor,
4883 1794 5125 1857 obsecro,
5155 1809 5259 1848 non
5294 1802 5343 1848 te
5378 1794 5556 1864 pigeat
5604 1794 5699 1847 mi-

2484 1874 2725 1929 Secunda
2758 1890 2885 1929 vero
2922 1873 3054 1927 feria
3086 1877 3347 1929 maturius
3377 1891 3627 1944 surgens,
3659 1892 3721 1931 ac
3755 1879 4043 1931 matutinas
4078 1880 4118 1936 Β
4148 1886 4351 1937 nimum
4388 1886 4515 1953 quid
4550 1885 4738 1939 audire
4777 1886 4917 1954 quod
4961 1886 5165 1955 loquor.
5208 1885 5263 1939 In
5301 1887 5400 1941 hoc
5433 1887 5576 1940 enim
5612 1901 5697 1941 co-

2481 1963 2665 2019 laudes
2695 1965 2935 2018 suaviter
2966 1966 3254 2033 equitando
3285 1968 3614 2033 persolvens,
3663 1969 3727 2019 ad
3771 1984 3867 2021 nos
3909 1969 4043 2021 dilu-

2490 2052 2611 2106 culo
2655 2052 2889 2103 nomium
2920 2051 3127 2120 plenius
3158 2052 3427 2107 diescente
3468 2055 3768 2124 pertingas;
3811 2064 3863 2108 et
3904 2064 4045 2123 post-

2481 2138 2598 2193 haec
2629 2140 2816 2193 venire
2847 2149 2917 2202 te,
2949 2154 3149 2207 qumso,
3184 2156 3286 2193 non
3329 2142 3525 2209 pigeat.
3568 2140 3699 2194 Nam
3738 2141 3782 2195 si
3811 2142 4041 2205 veneris,

2486 2227 2556 2280 tui
2586 2225 2741 2279 labor
2766 2226 2973 2279 itineris
3001 2229 3433 2294 compensatione
3457 2245 3692 2300 congrua
3724 2244 3828 2283 non
3860 2231 4041 2299 priva-

2478 2314 2646 2371 bitur.
2687 2317 2800 2371 Hoc
2848 2318 3091 2372 ultimum
3139 2334 3235 2389 ego
3280 2320 3521 2384 audiens,
3570 2321 3710 2376 illico
3754 2336 4045 2378 nauseatus

2480 2408 2755 2472 exhorrui,
2790 2417 2843 2463 et
2877 2418 3127 2479 tanquam
3166 2413 3293 2465 mihi
3336 2428 3457 2481 spes
3487 2413 3707 2467 daretur
3738 2432 4043 2482 munerum,

2480 2510 2579 2565 pre
2606 2497 2845 2565 pecunim
2866 2508 3070 2567 questu
3097 2500 3174 2554 ire
3206 2516 3289 2554 me
3323 2501 3563 2554 funditus
3593 2504 3885 2571 abnegavi;
3918 2520 4047 2559 con-

2481 2584 2703 2639 scientia
2730 2594 2863 2640 teste
2890 2602 2991 2640 non
3016 2588 3267 2653 mentior,
3293 2588 3465 2657 ipsum
3489 2606 3702 2659 quoque
3728 2608 3830 2646 non
3857 2595 4047 2647 leviter

2481 2672 2814 2725 conviciatus
2845 2689 2986 2737 sum,
3033 2676 3173 2729 velut
3207 2677 3501 2731 inhonestae
3542 2678 3825 2747 legationis
3866 2692 4048 2735 aucto-

2479 2775 2615 2815 rem.
2658 2760 2861 2816 Rursus
2905 2774 3080 2817 tamen
3123 2780 3207 2818 me
3252 2767 3303 2819 in
3353 2770 3667 2837 memetipso
3703 2751 4039 2840 recolligens,

2482 2850 2673 2904 timere
2700 2852 2859 2919 cmpi,
2894 2868 2959 2905 nc
2990 2853 3032 2907 si
3064 2854 3150 2907 hic
3179 2856 3339 2909 homo
3382 2870 3447 2909 ex
3486 2858 3586 2911 hac
3625 2860 3733 2911 vita
3769 2862 4041 2923 transiret,

2479 2950 2567 2988 me
2602 2938 2938 3002 postmodum
2984 2941 3308 2993 conscientia
3348 2944 3684 3011 negligentia:
3716 2948 4043 3015 redarguens

2478 3023 2766 3077 cruciaret.
2819 3024 2955 3089 Quid
3008 3028 3183 3081 verbis
3236 3029 3525 3084 immorer?
3578 3031 3813 3086 Tandem
3864 3038 4044 3105 parui,

2479 3121 2774 3179 cunctaque
2803 3114 2941 3166 sicut
2980 3114 3066 3167 ille
3103 3117 3451 3170 mandaverat
3490 3134 3588 3186 per
3640 3121 3887 3175 ordinem
3936 3140 4047 3177 ser-

2476 3216 2629 3265 vatas,
2670 3217 2789 3255 cum
2837 3204 2922 3255 vix
2969 3204 3093 3257 dum
3135 3220 3327 3258 aurora
3365 3219 3761 3276 prorumperet,
3798 3213 4041 3265 ecclesia:
4070 3201 4113 3261 C

2476 3288 2653 3342 lumen
2684 3292 2970 3343 accedendi
3015 3290 3077 3361 [Ῑ.
3114 3293 3271 3348 limen
3317 3296 3567 3367 accessi].
3619 3297 3724 3352 Sed
3752 3314 3878 3353 cece
3917 3316 4037 3355 cum

2473 3394 2661 3434 omnes
2706 3381 2831 3435 hinc
2874 3381 2995 3436 inde
3046 3394 3466 3454 perstreperent,
3516 3386 3670 3442 ﬂetus
3712 3400 3766 3443 et
3807 3390 4040 3458 ejulatus

2473 3470 2799 3536 emitterent,
2844 3473 2931 3526 vix
2975 3474 3182 3530 duobus
3222 3478 3602 3531 assistentibus
3647 3483 3848 3547 pueris.
3901 3484 4039 3536 intra

2475 3559 2775 3613 cubiculum
2805 3562 3033 3617 cadaver
3061 3566 3296 3634 episcopi
3319 3566 3534 3633 jacebat
3554 3571 3817 3623 exanime.
3845 3571 3900 3625 In
3933 3589 4040 3641 quo

2476 3647 2729 3702 nimirum
2790 3666 2936 3715 casu,
2998 3668 3059 3707 ac
3116 3670 3326 3710 summo
3372 3658 3550 3711 studio
3598 3662 4033 3727 perpendendum

2472 3748 2677 3809 quanta
2714 3741 2971 3796 adversus
2999 3743 3239 3799 incautos
3268 3746 3423 3813 hujus
3465 3748 3586 3801 vitae
3612 3750 3897 3804 dilectores
3929 3752 4039 3804 cai-

2470 3828 2579 3882 lida
2615 3830 2994 3887 machinatoris
3024 3834 3307 3889 insidietur
3333 3838 3553 3892 astutia.
3588 3840 3854 3895 Adcurate
3892 3842 4039 3896 scili-

2474 3928 2561 3971 cet
2587 3928 2643 3972 et
2682 3930 2868 3989 argute
2904 3921 3031 3975 illud
3065 3925 3193 3977 mihi
3226 3927 3486 3994 temporis
3527 3937 3782 3996 punctum
3820 3945 3916 3999 per
3943 3947 4037 3983 ora

2477 4007 2804 4061 mittentium
2858 4012 3136 4065 constituit
3186 4024 3244 4065 ut
3294 4017 3556 4077 venirem,
3608 4019 3749 4084 quod
3801 4018 4039 4087 episcopi

2476 4110 2624 4148 mors
2666 4096 2937 4164 inopinata
2969 4103 3316 4167 praecederet,
3358 4113 3496 4157 utet
3530 4104 3672 4159 illius
3704 4121 3788 4160 me
3830 4122 4036 4175 praeve-

2474 4185 2615 4237 niret
2648 4200 2889 4251 occasus,
2926 4198 2978 4241 et
3018 4203 3164 4244 meos
3204 4189 3557 4247 frustraretur
3582 4194 3863 4250 adventus.
3895 4197 4033 4263 Quid

2469 4288 2596 4345 ergo
2625 4277 2835 4343 prodest
2859 4278 2998 4345 quod
3027 4281 3149 4333 dum
3174 4282 3239 4333 ad
3264 4284 3630 4337 conversionis
3656 4288 3885 4355 gratiam
3912 4302 4033 4355 pro-

2473 4377 2744 4428 vocamur,
2778 4366 3019 4435 clypeum
3048 4369 3199 4422 nobis
3226 4372 3588 4425 excusationis
3622 4388 3838 4443 semper
3864 4389 4035 4443 oppo-

2474 4450 2669 4513 nimus,
2694 4463 2747 4507 et
2772 4466 3021 4523 tanquam
3056 4458 3193 4513 Deus
3222 4460 3431 4514 interne
3470 4476 3575 4514 non
3608 4462 3807 4524 videat,
3837 4477 4025 4516 neces-

2472 4542 2692 4595 sitatum
2724 4556 2826 4596 non
2856 4546 3157 4613 urgentium
3194 4546 3447 4601 fabricam
3476 4550 3858 4618 compilamus?
3896 4551 4030 4605 Nam
4063 4527 4107 4583 ί)

2471 4649 2592 4687 cum
2625 4650 2814 4702 parvas
2841 4638 3108 4704 quaslibet
3140 4654 3224 4695 res
3266 4641 3419 4695 nobis
3448 4640 3643 4708 injuste
3684 4643 3923 4698 sublatas
3953 4645 4032 4699 di-

2432 4756 2433 4759 η
2470 4722 2655 4775 stricte
2681 4722 2963 4789 dijudicet;
2999 4730 3323 4784 credendum
3353 4741 3430 4784 cst
3492 4732 3632 4800 quod
3665 4734 3935 4788 hominem
3960 4736 4032 4789 si-

2472 4811 2639 4865 bimet
2694 4815 2978 4880 subtrahi,
3033 4821 3319 4885 pretiosam
3376 4824 3579 4877 scilicet
3630 4826 3983 4880 substantiam
4017 4867 4031 4891 ,

2470 4902 2842 4969 mquauimiter
2870 4903 3068 4959 ferret?

3085 4997 3310 5055 CAPUT
3355 4999 3415 5054 Υ.

2560 5090 2753 5145 Christi
2774 5096 3095 5163 providentia
3125 5115 3246 5167 erga
3281 5100 3724 5171 eleemosyuarum
3750 5103 3941 5173 furem.

2540 5178 2724 5234 Dicam
2750 5185 2888 5249 quod
2921 5186 3049 5240 mihi
3090 5186 3467 5257 Guarimpotus
3494 5206 3683 5257 senex,
3722 5194 3806 5247 vir
3846 5194 4034 5249 videli-

2466 5273 2553 5321 cet
2581 5267 3009 5334 bouestissimus,
3040 5276 3275 5341 apprime
3301 5276 3492 5331 litteris
3522 5280 3764 5334 eruditus
3802 5297 3865 5335 ac
3915 5299 4029 5338 me-

2464 5357 2637 5420 dicus,
2666 5359 2872 5412 retulit:
2899 5359 3145 5426 Quidam,
3174 5365 3361 5432 inquit,
3392 5368 3624 5420 alienum
3649 5385 3797 5423 suem
3830 5370 4025 5425 furtive

2466 5449 2754 5517 subripuit,
2782 5459 2837 5504 et
2858 5466 3034 5505 caveae
3062 5453 3419 5510 clandestinus
3448 5458 3681 5511 inclusit.
3712 5459 3806 5513 Vir
3845 5470 4022 5515 tamen

2467 5539 2555 5593 ille
2582 5540 2797 5607 pietatis
2833 5543 3081 5611 operibus
3120 5544 3357 5600 intentus
3394 5558 3755 5603 consueverat
3780 5566 3926 5616 esse,
3973 5561 4026 5606 et

2466 5630 2733 5699 praecipue
2768 5632 3151 5687 humanitatem
3179 5637 3477 5707 peregrinis
3512 5651 3564 5692 et
3602 5640 3904 5709 huSpitibus
3942 5657 4026 5698 se-

2470 5719 2619 5774 dulus
2646 5720 2949 5778 exhibebat.
2982 5724 3147 5796 698
3178 5726 3383 5787 Interea
3424 5730 3573 5786 adest
3611 5731 3760 5789 dives
3785 5731 3941 5791 Jesus
3970 5735 4023 5791 in

4146 1974 4349 2043 piosior
4414 1972 4585 2043 gratia
4641 1989 4788 2043 purae.
4844 1990 4907 2029 ac
4952 1990 5055 2030 non
5112 1986 5368 2045 suspectae
5419 1974 5698 2029 charitatis

4147 2063 4471 2125 ostenditur,
4513 2063 4557 2115 si
4603 2063 4864 2133 quidquid
4898 2064 5043 2119 venit
5088 2063 5139 2121 in
5182 2073 5430 2131 mentem,
5462 2080 5566 2120 non
5599 2075 5697 2122 tam

4149 2152 4353 2207 urbane
4384 2166 4545 2222 quam
4568 2152 4886 2223 simpliciter
4912 2152 5198 2221 proferam.

4750 2242 4975 2301 CAPUT
5017 2244 5103 2299 Vl.

4150 2336 4437 2392 Pambouis
4476 2337 4700 2392 Romani
4730 2338 4928 2408 furtum
4978 2338 5119 2408 furto
5161 2338 5402 2394 divinitus
5442 2340 5697 2408 punitum.

4217 2429 4375 2484 Certe
4411 2430 4490 2483 vir
4517 2430 4756 2499 quidam,
4791 2431 5006 2485 nomine
5040 2428 5265 2494 Pambo,
5290 2429 5464 2484 clarus
5490 2430 5699 2499 quidem

4148 2534 4366 2587 genere,
4406 2519 4498 2571 sed
4542 2518 4717 2571 tenuis
4751 2515 5025 2581 facultate,
5056 2515 5237 2571 Romte
5274 2516 5619 2579 constitutus,
5649 2516 5697 2571 in

4150 2620 4255 2657 uno
4292 2619 4499 2658 mecum
4536 2603 4857 2657 versabatur
4886 2604 5137 2673 hospitio,
5159 2618 5277 2657 cum
5306 2603 5586 2658 Heinricus
5605 2606 5698 2673 pia:

4148 2695 4423 2748 memoria:
4462 2708 4577 2756 rex,
4626 2708 4882 2748 coronam
4928 2694 5163 2761 suscepit
5206 2692 5430 2761 imperii.
5474 2691 5531 2746 In
5574 2693 5697 2762 ipsis

4147 2795 4327 2837 autem
4358 2783 4555 2853 vigiliis
4586 2783 4879 2837 Dominicse
4908 2782 5230 2845 Nativitatis,
5256 2782 5566 2851 propinquae
5589 2781 5695 2850 jam

4147 2873 4289 2926 nocti
4322 2872 4725 2926 imminentibus
4766 2872 5019 2934 tenebris,
5047 2886 5151 2926 non
5184 2886 5377 2939 parvus
5415 2884 5693 2938 porcorum

4148 2976 4278 3033 grex
4319 2978 4415 3032 per
4447 2964 4659 3033 iungant
4699 2964 5055 3018 nundinarum
5090 2963 5350 3033 porticum
5389 2960 5693 3015 ducebatur.

4150 3051 4299 3107 Tunc
4328 3053 4581 3122 prtcfatus
4612 3054 4817 3108 Pambo
4862 3054 5001 3108 inter
5040 3068 5205 3123 Opaca
5246 3050 5504 3106 venalium
5538 3065 5692 3104 unum

4146 3157 4177 3197 e
4208 3144 4387 3211 porcis
4416 3143 4952 3213 irrueusarpaxavit,
4986 3142 5169 3198 fauces
5210 3158 5274 3197 ne
5302 3142 5579 3211 grunniret
5607 3143 5695 3194 ob-

4144 3234 4392 3297 strinxit;
4420 3235 4606 3302 sicque
4639 3235 5064 3304 gratulabundus
5096 3234 5162 3288 ad
5190 3234 5381 3298 socios,
5408 3242 5467 3285 ut
5498 3231 5551 3284 in
5581 3245 5694 3285 cra-

4144 3322 4343 3375 stinum
4391 3330 4695 3390 pararetur,
4740 3323 4980 3377 abduxit.
5026 3322 5362 3378 lllucescente
5403 3324 5582 3389 itaque
5614 3334 5693 3373 sa-

4144 3419 4425 3463 crosancta
4457 3412 4817 3475 solemnitate,
4852 3428 4948 3466 suo
4976 3412 5170 3466 fruitur
5194 3412 5408 3475 scelere,
5450 3422 5503 3466 et
5539 3411 5693 3465 satia-

4145 3506 4230 3554 tus
4274 3500 4510 3555 eXsultat
4552 3502 4623 3555 de
4670 3502 4749 3556 sui
4797 3501 5037 3556 criminis
5084 3501 5413 3570 impunitate.
5472 3499 5693 3553 Putabat

4142 3590 4287 3641 enim
4321 3588 4568 3652 fortasse,
4602 3591 4742 3657 quod
4776 3590 4877 3645 hoc
4922 3606 5024 3643 non
5066 3589 5363 3644 attenderet
5395 3589 5560 3652 Deus;
5602 3588 5691 3642 sed

4143 3680 4507 3747 subsequente
4547 3680 4788 3748 proxima
4820 3687 4997 3742 nocte,
5031 3678 5213 3733 didicit
5243 3680 5362 3745 quia
5394 3693 5552 3747 super
5574 3692 5689 3731 eum

4141 3768 4319 3823 divina
4352 3770 4631 3823 retributio
4672 3768 4927 3838 vigilavit.
4968 3768 5098 3822 Nam
5141 3768 5263 3823 dum
5307 3783 5497 3837 equum
5538 3780 5689 3821 suum

4141 3858 4283 3911 male
4325 3859 4636 3913 custodiens
4678 3859 5027 3924 obdormiret,
5069 3858 5243 3912 subito
5286 3856 5369 3911 fur
5410 3857 5689 3917 habenam,

4142 3962 4301 4015 quam
4334 3946 4422 4000 ille
4446 3947 4560 4001 suis
4587 3948 4901 4000 innexuerat
4930 3948 5190 4009 manibus,
5212 3954 5389 3999 astute
5419 3943 5688 4007 subduxit,

4141 4050 4445 4105 equumque
4472 4051 4592 4090 cum
4630 4035 4782 4090 freno
4807 4037 4991 4100 sumit,
5023 4044 5077 4090 et
5118 4035 5299 4091 sellam
5347 4035 5690 4103 transposuit.

4142 4126 4419 4195 Evigilans
4462 4128 4643 4196 itaque
4671 4127 4849 4181 subtili
4879 4142 4937 4182 se
4971 4128 5137 4181 sensit
5166 4125 5440 4180 multatum
5465 4124 5687 4192 judicio,

4140 4218 4264 4285 quia
4310 4232 4373 4271 ex
4415 4218 4603 4271 eadem
4642 4232 4801 4271 manu
4829 4232 4933 4286 qua
4973 4231 5189 4288 porcum
5234 4224 5503 4285 rapuerat,
5530 4224 5691 4269 aucto

4136 4304 4322 4361 fenore
4362 4307 4629 4361 caballum
4669 4307 4767 4363 sibi
4799 4308 5107 4377 subreptum
5137 4322 5253 4363 esse
5287 4308 5551 4375 cognovit.
5583 4306 5689 4361 Sed

4135 4395 4381 4464 quamvis
4422 4395 4475 4448 in
4521 4396 4621 4449 hoc
4652 4397 4864 4450 homine
4899 4411 4929 4451 e
4971 4398 5195 4466 vestigio
5234 4398 5303 4450 sit
5338 4397 5467 4450 ultio
5505 4405 5689 4451 secuta

4137 4496 4258 4554 post
4278 4486 4508 4554 culpam,
4539 4501 4643 4539 non
4664 4488 4858 4540 mirum
4891 4488 5031 4556 quod
5057 4503 5085 4539 a
5111 4486 5424 4555 quibusdam
5450 4487 5689 4554 reprobis

4135 4578 4421 4644 aliquando
4448 4590 4609 4644 poena
4638 4576 4906 4640 differtur,
4935 4577 5150 4644 suisque
5177 4576 5463 4631 sceleribus
5490 4577 5691 4632 diutius

4136 4664 4504 4734 perfruuntur.
4541 4664 4689 4718 Sicut
4714 4665 4854 4718 enim
4887 4664 5159 4733 Scriptura
5192 4671 5415 4719 testatur
5444 4704 5457 4725 ,
5514 4682 5531 4715 ι
5584 4665 5689 4718 Du-

4135 4762 4265 4807 cunt
4290 4752 4340 4805 in
4381 4753 4534 4807 bonis
4566 4754 4680 4807 dies
4708 4769 4851 4818 suos,
4882 4764 4935 4807 et
4964 4755 5014 4808 in
5050 4764 5246 4824 puncto
5268 4756 5331 4807 ad
5360 4753 5565 4809 inferna
5590 4756 5686 4810 de-

4137 4840 4398 4895 scendunt
4424 4841 4543 4899 (Job
4572 4843 4707 4910 ut).
4742 4861 4760 4893 ι

4730 4932 4954 4987 CAPUT
4996 4932 5100 4987 VII.

4208 5020 4437 5075 Clericus
4467 5022 4767 5075 luxuriosus
4796 5039 4911 5075 cum
4952 5021 5131 5091 pellice
5173 5021 5403 5074 incendio
5435 5024 5611 5090 periit.

4207 5110 4423 5163 Memini
4452 5111 4624 5179 plane,
4656 5109 4778 5179 quia
4802 5125 4920 5165 cum
4945 5112 5084 5180 apud
5110 5110 5399 5165 Parmense
5427 5114 5681 5182 oppidum

4134 5198 4433 5252 liberalium
4475 5200 4669 5253 artium
4700 5200 4891 5253 studiis
4914 5200 5180 5255 docendus
5210 5201 5528 5265 insisterem,
5555 5203 5679 5256 dum

4133 5290 4308 5343 adhuc
4340 5289 4583 5343 videlicet
4617 5289 4667 5341 in
4702 5290 4815 5357 ipso
4846 5290 5217 5345 adolescentia:
5253 5292 5401 5353 llore,
5445 5300 5499 5345 et
5544 5309 5676 5345 nova

4130 5378 4383 5445 pubertas
4428 5377 4672 5430 indueret
4706 5378 4870 5447 699
4907 5377 5120 5441 faelem,
5151 5390 5205 5433 et
5244 5389 5403 5433 {estus
5442 5379 5679 5435 libidinis

4132 5467 4448 5521 aecendcret
4473 5480 4709 5529 carnem,
4740 5468 4963 5523 clericus
4985 5469 5221 5536 quidam,
5254 5467 5563 5524 Zeuzolinus
5587 5487 5677 5525 no-

4132 5556 4293 5617 mine,
4319 5556 4561 5626 pellicem
4585 5572 4733 5614 suam
4752 5559 4903 5628 juxta
4929 5576 5102 5613 meum
5128 5560 5671 5630 habebathnspitium.

4132 5654 4189 5699 ut
4216 5646 4382 5708 aiunt,
4412 5656 4627 5715 aspectu
4653 5647 4907 5703 lubricam
4957 5660 5007 5703 et
5037 5649 5311 5704 inhonesto
5336 5652 5463 5704 satis
5486 5653 5674 5706 decore

4130 5748 4429 5792 venustam.
4477 5736 4572 5791 Hic
4612 5740 4790 5809 itaque
4831 5740 5104 5805 nitidnlus,
5137 5750 5188 5799 ct
5226 5757 5427 5811 semper
5457 5753 5672 5797 ornatus
