5882 6602
831 419 937 476 673

1448 412 1689 469 OPUSC.
1735 409 1888 466 XLII.
1928 441 1996 450 —
2037 409 2126 466 DE
2165 406 2302 464 NON
2335 404 2703 464 FALLENDA
2740 407 2896 462 FIDE
2936 406 3073 463 DEO
3107 404 3514 464 OBSTIIICTA.

3979 403 4083 457 674

835 546 994 602 atque
1019 531 1342 599 conspicuus
1378 525 1683 587 incedebat,
1726 523 1798 576 ita
1829 531 1889 574 ut
1925 527 2086 590 caput
2112 519 2228 590 ejus
2256 533 2397 573 nun-
2427 519 2474 578 Α
2504 513 2616 568 luto
2644 514 3014 569 conversionis
3055 522 3158 568 tua:
3191 513 3396 579 debito,
3440 513 3494 566 in
3547 511 3696 568 soliis
3721 509 4081 602 judicantiuni

833 638 994 696 quam
1039 621 1144 676 nisi
1187 617 1488 690 gibellinira
1538 605 1706 684 pellis.
1732 614 2034 680 obtegeret,
2088 609 2398 664 indumenta

827 712 1136 774 'carbasina,
1166 719 1329 778 atque
1362 706 1600 760 niventia
1643 702 1819 772 siligio
1847 715 1946 769 per
1970 710 2142 754 artem
2183 697 2401 752 fullonis

833 799 1099 863 inliceret,
1131 797 1348 852 calceus
1386 799 1660 864 postremo
1693 791 1758 843 ad
1805 787 2024 856 aquilini
2072 784 2231 839 rostri
2282 800 2402 852 spe-

835 889 977 945 ciem
1019 901 1124 941 non
1163 883 1394 938 falleret.
1427 879 1558 934 Erat
1608 877 1681 932 illi
1726 885 1986 945 praeterea
2019 888 2120 926 vox
2158 873 2400 942 gracilis,

833 975 1021 1030 suavis
1044 988 1109 1028 ac
1138 969 1361 1033 tinnula,
1387 969 1520 1022 adeo
1567 975 1627 1020 ut
1659 965 1709 1018 in
1731 961 1962 1018 ecclesia
1994 961 2274 1015 modulans
2302 971 2402 1013 au-

836 1064 1098 1119 dientium
1129 1061 1293 1116 corda
1324 1057 1599 1118 mulceret,
1639 1063 1693 1108 et
1726 1053 2017 1107 astantium
2050 1050 2103 1102 in
2134 1065 2194 1104 se
2233 1049 2405 1119 plebis

832 1170 934 1211 ora
962 1159 1320 1208 converteret.
1347 1149 1608 1204 Amuebat
1627 1153 1851 1210 uterque
1880 1141 2110 1204 deliciis,
2141 1139 2407 1194 rubebant

834 1257 935 1298 ora
965 1239 1324 1302 ﬂammantia;
1372 1234 1608 1306 quotidie
1649 1231 1931 1287 cachinnis
1978 1229 2206 1284 invicem
2245 1236 2408 1297 atque

834 1330 1112 1395 ludibriis,
1136 1329 1412 1384 oculorum
1433 1323 1648 1378 nutibus
1687 1329 1740 1376 et
1768 1319 2116 1375 scurrilitatis
2139 1317 2406 1373 illecebris

835 1419 1050 1478 festivis
1078 1415 1491 1488 applaudebant.

915 1509 1011 1564 His
1043 1523 1170 1576 ergo
1206 1506 1360 1560 furiis
1391 1521 1452 1559 ae
1479 1505 1705 1573 perditis.
1742 1502 1999 1565 moribus,
2033 1500 2154 1570 quia
2182 1512 2407 1566 corpore

836 1600 1124 1668 contiguus
1155 1597 1396 1659 aderam,
1445 1603 1624 1648 mente
1660 1593 1984 1661 longinquus
2014 1604 2132 1644 esse
2169 1604 2274 1641 non
2313 1601 2408 1656 po-

836 1701 1035 1744 teram.
1069 1687 1203 1753 Quid
1236 1684 1446 1740 dicam?
1484 1683 1609 1751 quia
1637 1683 1763 1736 dum
1813 1682 1926 1734 haec
1951 1693 2252 1741 cernerem,
2285 1676 2412 1730 titil-

832 1778 1004 1834 lantis
1051 1777 1275 1831 luxurias
1325 1773 1598 1828 molestias
1646 1771 1862 1840 pertuli,
1907 1785 2028 1825 cum
2071 1770 2231 1824 etiam
2264 1776 2412 1838 post-

836 1882 1004 1938 quam
1031 1867 1095 1920 ad
1122 1879 1361 1920 eremum
1390 1863 1535 1928 veni,
1565 1862 1805 1930 ejusdem
1853 1859 2102 1915 lenocinii
2144 1859 2408 1913 memoria
2440 1862 2483 1922 Β

836 1971 931 2011 me
973 1955 1164 2024 smpius
1206 1953 1546 2022 colaphizare
1589 1967 1692 2005 non
1741 1951 1978 2014 destitit;
2010 1963 2174 2018 saepe,
2217 1947 2407 2011 fateor,

835 2044 976 2102 mihi
1007 2044 1268 2112 malignus
1298 2044 1469 2096 hostis
1504 2043 1602 2096 hoc
1630 2041 1847 2095 schema
1882 2039 2177 2108 proposuit,
2206 2048 2262 2092 et
2292 2039 2413 2092 illos

833 2151 964 2192 esse
993 2133 1174 2190 felices
1201 2149 1265 2186 ac
1308 2133 1665 2194 beatissimos,
1708 2131 1799 2200 qui
1837 2138 1943 2183 tam
1978 2130 2214 2198 jucunde
2263 2129 2410 2183 vive-

834 2233 989 2290 rent,
1036 2223 1361 2293 persuadere
1412 2221 1655 2274 tcntavit.
1704 2219 1811 2274 Sed
1858 2217 2018 2286 hujus
2065 2218 2414 2273 beatitudinis

835 2314 1056 2370 initium
1086 2311 1338 2377 diximus,
1371 2319 1766 2378 consequenter
1791 2310 1956 2364 etiam
1994 2324 2102 2378 quo
2140 2308 2246 2363 fine
2283 2323 2414 2363 con-

835 2401 1102 2457 cluserint
1143 2408 1464 2454 attexamus.
1515 2399 1652 2452 Nam
1700 2399 1825 2452 dum
1873 2412 1969 2466 per
2011 2397 2251 2466 quinque
2299 2396 2414 2452 fere

838 2505 1105 2547 annorum
1135 2489 1299 2544 lustra
1327 2489 1377 2542 in
1399 2489 1501 2543 hac
1531 2487 1805 2541 luxuriosa
1830 2487 2103 2555 voluptate
2131 2487 2411 2550 vixissent,

839 2589 971 2635 ante
1007 2595 1229 2644 annum,
1273 2594 1394 2633 cum
1441 2592 1724 2632 commune
1761 2577 1928 2646 ipsius
1963 2577 2112 2630 urbis
2160 2575 2415 2644 ﬂagraret

840 2672 1174 2734 incendium,
1207 2671 1257 2722 in
1287 2686 1390 2723 una
1417 2672 1574 2724 domo
1600 2670 1822 2738 reperti,
1848 2681 2074 2736 uterque
2105 2668 2264 2722 simul
2291 2670 2414 2737 igne

840 2760 1147 2828 consumpti
1198 2769 1345 2814 sunt.
1400 2760 1487 2813 Sic
1537 2759 1616 2812 sic
1666 2758 1918 2810 nimirum
1973 2756 2184 2810 flamma
2240 2757 2414 2810 libidi-

842 2851 930 2904 nis
989 2849 1164 2918 ignem
1222 2848 1418 2902 meruit
1468 2847 1896 2910 combustionis;
1947 2857 1999 2900 et
2056 2847 2185 2913 quid
2242 2846 2412 2899 dulcis

841 2939 957 2992 vita
992 2937 1298 3002 contulerit,
1331 2951 1573 2994 amarus.
1603 2937 1737 3006 proh
1772 2934 1951 2989 dolor!
1991 2938 2169 2990 exitus
2194 2937 2414 2990 demon-

838 3029 1057 3082 stravit.

913 3119 1024 3173 Sed
1057 3118 1120 3172 ut'
1141 3119 1207 3174 ad
1247 3135 1368 3174 reos
1401 3119 1636 3182 redeam,
1675 3118 1764 3187 qui
1799 3117 2208 3173 conversionem
2257 3131 2409 3172 suam

2503 605 2724 666 sedeas;
2760 602 2842 657 vel
2871 619 2978 657 non
3011 603 3210 668 soluto,
3239 613 3368 660 ante
3405 602 3641 656 tribunal
3665 601 3966 671 aequissimi
3995 601 4085 670 ju-

2503 693 2640 747 dicis
2690 693 2954 748 rationem
3021 693 3329 748 redditurus
3393 693 3620 747 assistas
3671 692 3888 763 (Matth.
3943 692 4080 764 xu).

2505 781 2680 837 Unum
2706 787 2838 849 scio,
2865 783 2993 854 quia
3023 783 3066 838 si
3098 799 3126 836 a
3158 782 3344 837 mundi
3371 783 3706 838 vanitatibus
3749 784 3854 838 ulla
3889 798 4080 854 passos

2504 873 3002 938 rationeconverti,
3043 873 3202 929 fleres
3234 873 3424 944 procul
3452 873 3615 928 dubio
3656 889 3720 928 os
3750 873 3868 939 Dei,
3901 889 4084 943 prtem

2503 959 2724 1025 Christi,
2770 963 2894 1015 tuba
2942 961 3179 1017 coslesﬁs
3219 962 3417 1032 eloquii
3445 1003 3458 1023 ,
3507 963 3817 1016 destructor
3858 962 4083 1026 diaboli,

2504 1048 2715 1102 aedificii
2764 1048 3018 1103 fundator
3067 1051 3296 1114 aeterni;
3364 1065 3512 1105 esses
3570 1063 3848 1119 posuemo
3902 1050 4084 1104 lumen

2506 1138 2783 1205 Ecclesiae,
2831 1153 2896 1195 ac
2945 1155 3133 1196 murus
3181 1139 3617 1211 inexpugnabilis
3675 1139 3883 1195 militia:
3926 1138 4084 1195 Chri-

2507 1227 2717 1282 stianze.

2834 1417 3360 1480 DISSERTATIO
3405 1421 3751 1494 ALTERA,

2704 1554 2786 1596 DE
2827 1554 3149 1597 SERVANDA
3190 1556 3336 1598 FIDE
3369 1556 3490 1600 1)Εο
3532 1558 3877 1604 Ριιεετιτλ.

2505 1655 2898 1730 Ᾱκίξυκεκτῐξκ.
2924 1687 2994 1698 -
3035 1657 3274 1730 Attonem
3307 1661 3587 1730 quemdam
3626 1661 3952 1728 professions
3985 1661 4084 1730 ίαν

2579 1725 2970 1798 risconsultum,
3014 1728 3103 1798 qui
3150 1744 3269 1780 cum
3317 1725 3423 1781 Deo
3457 1745 3512 1782 se
3551 1725 3783 1781 dirarum
3830 1725 4089 1798 reliquum

2581 1796 2700 1847 vita:
2726 1797 2779 1848 in
2815 1797 3128 1867 monasterio
3161 1807 3400 1850 acturum
3426 1800 3588 1851 verbis
3612 1799 3867 1867 conceptis
3889 1796 4095 1867 pellici-

2581 1872 2665 1916 tus
2709 1874 2858 1927 esset,
2903 1864 3060 1930 ﬁdem
3097 1866 3251 1935 impie
3293 1877 3541 1933 praestare
3570 1864 4092 1935 recusabatfperiu-

2584 1935 2820 2004 riumque
2861 1949 3013 2004 suum
3044 1933 3473 2004 cavillationibus
3519 1936 3833 2004 quibusdam
3870 1933 3946 2002 (ut
3991 1933 4093 1991 Itu-

2571 1999 2808 2072 jusmodi
2837 1999 3000 2072 solent
3033 2002 3288 2072 homines)
3314 2013 3359 2055 et
3385 1999 3632 2069 captiosis
3664 1999 4094 2072 argumentorum

2582 2069 2778 2142 laqueis
2801 2069 3080 2136 defendere
3103 2069 3399 2142 nitebatur;
3425 2090 3456 2124 ιι
3487 2083 3601 2142 tam,
3624 2069 3826 2142 nefario
3859 2073 4096 2142 facinore

2582 2139 2860 2210 deterrere_
2884 2149 3105 2191 conatur
3145 2149 3193 2192 et
3233 2139 3399 2208 culpa:
3428 2141 3812 2208 magnitudine,
3847 2139 3898 2195 et
3941 2156 4096 2210 pana

2583 2217 2704 2260 ante
2741 2206 2918 2259 oculos
2953 2210 3244 2276 proposita.

2580 2294 2795 2348 ATTONI
2826 2294 3099 2348 causidico
3148 2294 3360 2350 Psrncs
3385 2303 3642 2364 peccator
3667 2297 3966 2352 monachus
4005 2311 4099 2354 sa-

2513 2383 2678 2438 lutem
2713 2385 2764 2438 iu
2795 2383 3040 2437 Domino.

2583 2475 2807 2530 Constat
2837 2486 2906 2539 te,
2947 2481 3032 2529 vlr
3071 2476 3316 2542 illustris,
3345 2477 3546 2541 domini
3583 2477 3845 2535 Mainardi
3885 2478 4102 2535 abbatis

2515 2565 2764 2619 manibus
2796 2575 2986 2634 sponte
3015 2567 3390 2630 commissum,
3420 2577 3473 2622 et
3513 2583 3611 2636 pro
3639 2568 3849 2625 ccelesti
3881 2568 4099 2625 deside-

2516 2659 2597 2711 rio
2621 2659 2994 2714 monachicum
3023 2659 3302 2714 devovisse
3331 2662 3664 2730 propositum
3697 2678 3711 2716 :
3737 2676 3882 2718 nunc
3912 2670 4096 2717 autem

2520 2759 2699 2805 mente
2733 2761 2958 2812 mutata,
2991 2752 3129 2806 sicut
3153 2753 3366 2814 dicitur,
3412 2769 3518 2808 non
3565 2754 3724 2809 modo
3762 2764 3948 2809 votum
3979 2755 4095 2808 vio-

2516 2841 2627 2892 lare
2651 2841 2912 2908 disponis,
2939 2841 3031 2894 sed
3057 2850 3111 2893 et
3140 2841 3190 2893 id
3224 2842 3342 2893 fieri
3376 2857 3534 2909 posse
3587 2857 3685 2910 per
3714 2841 3912 2895 multas
3939 2856 4101 2911 argu-

2517 2939 2822 2983 mentorum
2851 2929 3120 2984 versutias
3147 2928 3438 2983 cavillaris.
3470 2930 3604 2983 llinc
3630 2938 3734 2996 est,
3773 2930 3914 2999 quod
3937 2944 4094 2984 eum-

2516 3019 2635 3073 dem
2680 3018 2928 3072 abbatem
2980 3019 3084 3072 hoc
3129 3020 3446 3086 conspuisse
3487 3018 3673 3090 jurgio
3721 3019 4098 3074 stomachatus

2515 3109 2775 3162 asset-eris
2808 3121 2822 3160 :
2855 3106 3115 3167 Ostende.
3145 3107 3416 3176 inquiens,
3449 3108 3576 3160 mihi
3606 3107 3928 3162 authentica:
3954 3107 4105 3166 Scri-t

840 3217 894 3262 et
928 3209 1269 3277 pollicentur,
1299 3217 1352 3263 et
1379 3207 1587 3270 fallunt,
1625 3209 1908 3277 presbyter
1937 3208 2154 3275 quidam
2195 3206 2410 3261 Maurus
2439 3193 2483 3252 Ο
2519 3207 2687 3265 Ρῑυΐίὲ
2718 3198 3064 3263 θεηίθηιίιιιιι.
3097 3212 3202 3265 qua
3235 3213 3344 3261 me:
3371 3196 3452 3250 "el
3479 3197 3676 3250 ῖηυηάυ
3699 3197 3860 3266 digne
3890 3196 4099 3252 calum‘

839 3297 1086 3360 nomine,
1113 3306 1234 3350 ante
1259 3313 1426 3350 annos
1449 3312 1647 3366 paucos
1675 3312 1733 3351 se
1757 3297 1884 3350 mihi
1908 3298 2100 3350 devote
2123 3297 2410 3360 commisit,

839 3399 1040 3455 tneque
1069 3396 1296 3448 certum,
1327 3388 1450 3454 quia
1479 3388 1775 3440 monachus
1797 3388 1848 3439 in
1873 3402 2055 3440 eremo
2089 3387 2260 3449 fieret,
2294 3388 2416 3440 red-

839 3473 1008 3539 didit;
1053 3474 1209 3542 paulo
1254 3484 1375 3543 post
1404 3484 1664 3528 mutatum
1698 3485 1780 3530 est
1821 3490 1914 3530 cor
1950 3476 2086 3544 ejus,
2130 3492 2193 3531 ac
2239 3475 2415 3531 foedus

839 3564 984 3631 quod
1032 3577 1131 3632 pro
1161 3578 1244 3615 me
1271 3579 1395 3617 cum
1446 3564 1553 3616 Deo
1599 3566 1894 3633 pepigerat,
1927 3566 2168 3636 violavit.
2213 3565 2319 3619 Sed
2356 3574 2414 3618 ut

839 3655 1063 3707 caecitas
1092 3652 1284 3706 mentis
1325 3663 1629 3721 erumperet
1663 3655 1712 3706 in
1755 3655 2096 3723 superficiem
2127 3656 2332 3717 carnis,
2361 3665 2416 3709 et

840 3741 1019 3811 caligo
1052 3756 1173 3809 quas
1210 3741 1411 3796 latebat
1461 3741 1663 3812 liquido
1688 3744 2001 3812 pingeretnr
2030 3744 2081 3796 iu
2121 3744 2319 3806 fronte,
2359 3743 2410 3797 in

837 3831 957 3900 cjus
982 3829 1142 3884 oculo
1169 3838 1389 3906 repente
1411 3830 1600 3884 vulnus
1615 3829 1879 3896 oboritur,
1903 3831 2044 3900 quod
2069 3846 2214 3897 eum,
2241 3833 2414 3887 donec

839 3921 1066 3977 advixit.
1098 3920 1383 3973 inhonesta
1417 3919 1760 3974 deformitate
1792 3919 2024 3974 ftedavit.
2059 3920 2410 3975 Postmodum

837 4023 970 4063 vero
994 4009 1121 4061 dum
1142 4008 1402 4062 orationis
1430 4009 1606 4061 studio
1629 4007 1851 4061 Romam
1877 4018 2148 4076 pergeret,
2172 4025 2412 4064 amnem-

835 4114 945 4170 que
1000 4098 1178 4151 tenuis
1230 4099 1513 4151 admodum
1563 4099 1791 4168 gurgitis
1849 4100 2238 4165 transvatleret,
2289 4114 2411 4154 cum

833 4185 1024 4242 caeteri
1084 4200 1270 4239 omnes
1322 4187 1515 4240 vadum
1571 4186 1720 4241 illaesi
1772 4197 2205 4253 trausmearent,
2265 4191 2410 4245 solus

834 4289 1012 4347 equus
1041 4275 1184 4331 illius
1211 4275 1386 4331 subito
1410 4277 1527 4331 sine
1553 4292 1762 4332 sessore
1795 4289 2038 4348 repertus
2073 4289 2174 4334 est.
2211 4281 2412 4349 Requi-

835 4373 1024 4420 rentcs
1070 4365 1229 4434 igitur
1274 4379 1417 4429 eum,
1463 4367 1588 4420 dum
1632 4382 1728 4435 per
1769 4367 1978 4422 alveum
2025 4367 2260 4424 fluminis
2306 4373 2409 4426 huc

833 4453 1077 4524 illucque
1121 4448 1444 4518 disCttrrunt,
1487 4455 1643 4508 undis
1690 4457 1830 4508 hunc
1870 4457 2120 4510 obrutmn
2161 4461 2408 4515 exanime

2516 3287 2680 3340 nieris
2707 3288 3060 3351 abstractum,
3092 3287 3172 3340 vel
3200 3289 3512 3340 monasticm.
3540 3287 3739 3358 regulae
3758 3286 3884 3356 jure
3910 3287 4087 3345 fatea-

2516 3377 2590 3429 ris
2631 3377 2943 3430 olmoxinm.
2987 3375 3056 3429 Ut
3085 3376 3250 3445 igitur
3280 3377 3413 3445 legis
3443 3377 3615 3446 perito
3658 3379 3776 3433 viro
3814 3378 3870 3433 In
3901 3379 4099 3449 primis

2513 3467 2580 3520 de
2595 3465 2791 3518 forensi
2814 3465 2934 3534 jure
2959 3465 3335 3533 respondeam,
3355 3465 3622 3542 [Romanis
3646 3466 3854 3535 legibus
3874 3476 4095 3522 cautum

2512 3564 2616 3618 est,
2666 3563 2725 3608 ut
2759 3555 2901 3623 quod
2943 3553 3108 3609 semel
3140 3568 3169 3607 a
3199 3553 3360 3607 dante
3384 3554 3719 3621 conceditur,
3751 3554 3897 3610 nullo
3937 3556 4098 3612 modo

2514 3656 2815 3699 I'CVOCCIIII’.

3026 3734 3254 3790 CAPUT
3296 3735 3580 3791 PRIMUM.

2655 3843 2807 3907 Quod
2839 3843 2929 3897 Dei
2954 3854 3070 3898 vota
3092 3862 3152 3897 ac
3180 3848 3439 3915 promissa
3470 3848 3665 3902 violare
3691 3848 3838 3917 nefas
3860 3850 3950 3903 sit.

2583 3930 2716 3985 Cum
2747 3947 2876 4001 ergo
2905 3931 3018 3985 haue
3050 3934 3190 4000 apud
3219 3934 3466 3990 homines
3492 3923 3750 4005 iubeatur
3773 3937 3944 3992 forma
3973 3953 4094 3994 ser-

2511 4023 2652 4088 vari,
2684 4031 2890 4088 quanto
2923 4022 3093 4089 magis
3123 4023 3267 4089 apud
3312 4023 3479 4078 Deum
3519 4025 3678 4080 debet
3715 4026 4097 4083 inviolabiliter

2511 4109 2813 4162 custodiri!
2882 4110 3052 4162 llomo
3099 4109 3279 4178 itaqtie
3334 4127 3438 4167 non
3497 4115 3702 4179 amittit
3744 4117 3886 4185 quod
3931 4118 4099 4172 semel

2513 4199 2724 4266 accepit
2752 4217 2764 4251 :
2801 4199 2942 4254 Deus
2971 4207 3150 4253 autem
3183 4202 3542 4275 possessionis
3571 4218 3682 4258 sua:
3719 4202 3843 4271 iure
3871 4203 4092 4261 frauda-

2510 4289 2692 4343 bitur?
2724 4288 2977 4345 Terrenaa
3012 4292 3219 4346 militiae
3248 4294 3431 4357 duces,
3462 4309 3557 4349 eos
3585 4295 3689 4349 sibi
3722 4297 3813 4366 qui
3845 4297 4094 4353 militiam

2511 4378 2735 4448 professi
2782 4389 2927 4444 sunt,
2973 4381 3280 4446 vindicant;
3329 4397 3427 4438 nos
3475 4384 3526 4438 in
3566 4385 3731 4439 divini
3772 4389 4084 4455 procinctus

2512 4481 2662 4520 arma
2705 4467 2973 4536 juramus,
3021 4470 3394 4524 characterem
3435 4471 3591 4526 nobis
3624 4473 3828 4529 militiae
3857 4476 4097 4533 cazlestis

832 4545 1073 4598 cadaver
1118 4542 1411 4596 inveniunt.
1459 4542 1570 4598 Hoc
1617 4545 1796 4613 itaque
1846 4548 2000 4600 modo
2043 4548 2171 4601 dum
2221 4559 2407 4604 sancto
2441 4529 2487 4588 θ
2516 4557 2898 4625 imprimimus,
2928 4567 2982 4611 et
3013 4569 3194 4612 notam
3240 4561 3394 4613 nobis
3422 4560 3638 4616 inurere
3670 4566 3957 4636 transfugii
3986 4583 4092 4621 non

832 4632 1118 4704 proposito
1190 4633 1486 4700 vagationis
1556 4650 1666 4688 sua:
1736 4637 2057 4705 quisquilias
2129 4641 2403 4707 praetulit,

832 4725 1120 4792 utriusque
1149 4721 1347 4776 laboris
1382 4725 1630 4777 meritum
1661 4726 1878 4780 delusus
1905 4729 2105 4782 amisit.

904 4813 1113 4867 Verum
1141 4827 1239 4879 ego
1269 4813 1393 4866 dum
1420 4815 1700 4870 dulcedine
1735 4825 1836 4870 tuae
1864 4819 2149 4874 charitatis
2173 4821 2400 4887 illectus,

831 4916 1144 4958 sermonem
1173 4903 1373 4957 diutius
1401 4905 1676 4971 protraho,
1711 4922 1812 4960 non
1841 4907 1979 4962 clam
2017 4926 2100 4963 me
2127 4921 2231 4975 est,
2262 4916 2403 4981 quod

832 4994 1056 5046 modum
1110 4990 1219 5058 jam
1267 4994 1566 5062 compendii
1604 4996 1908 5064 epistolaris
1963 5003 2187 5056 excedo.
2241 5003 2409 5057 Porro

830 5096 1015 5141 autem
1058 5096 1164 5136 non
1202 5097 1300 5150 ego
1338 5095 1388 5136 te
1417 5086 1645 5152 peritum
1687 5089 1836 5142 rudis
1865 5091 2148 5158 admoneo,
2200 5109 2304 5146 non
2344 5095 2408 5148 de

831 5169 1138 5240 Scripturis
1174 5171 1416 5240 exempla
1451 5188 1709 5241 propono,
1746 5179 1838 5231 sed
1880 5188 2133 5246 tanquam
2175 5183 2408 5239 rusticus

830 5276 922 5316 res
952 5269 1168 5314 tantum
1199 5259 1515 5315 domesticas
1542 5264 1728 5325 retuli;
1767 5274 1822 5317 ut
1853 5268 2182 5334 qnotidianis
2208 5283 2407 5325 stoma-

828 5349 992 5403 chum
1023 5347 1278 5416 dapibus,
1301 5348 1547 5404 hebetem
1581 5352 1773 5405 vilibus
1795 5356 1859 5405 atl
1884 5356 2147 5410 edendum
2170 5359 2402 5428 siliquis,

829 5439 912 5493 vel
956 5440 1146 5494 herbis
1176 5437 1469 5493 virentibus
1514 5441 1827 5494 excitarem.
1877 5445 1959 5497 Ad
2007 5456 2108 5498 ture
2152 5448 2314 5516 igitur
2354 5461 2404 5506 te

833 5529 1054 5582 remitto
1100 5528 1295 5580 mentis
1333 5530 1641 5592 armarium,
1676 5533 1761 5583 ubi
1800 5545 1946 5587 certe
1989 5535 2234 5604 plurimm
2277 5554 2406 5592 con-

833 5617 1035 5671 duntur
1063 5617 1274 5686 pagina:
1317 5616 1736 5687 Scripturarnm.
1783 5621 1894 5676 Illic
1934 5626 2216 5690 prudentia
2247 5628 2407 5698 700

834 5717 918 5759 tua
959 5706 1198 5761 solerter
1227 5705 1480 5775 inquirat,
1513 5710 1640 5778 quid
1684 5713 1874 5765 melius
1905 5713 1995 5768 sit.
2029 5730 2095 5768 an
2128 5725 2185 5769 ttt
2220 5731 2408 5785 perso-

2514 4647 2802 4700 timemus?
2832 4647 3037 4700 Dedisti
3071 4647 3181 4701 Deo
3207 4663 3312 4701 non
3349 4664 3561 4714 aurum,
3597 4667 3701 4705 non
3734 4668 3957 4722 equum,
3987 4671 4095 4710 non

2512 4733 2745 4800 denique
2771 4732 3027 4798 alienum,
3059 4733 3200 4802 quod
3229 4744 3385 4789 extra
3412 4746 3484 4801 te,
3515 4738 3607 4792 scd
3642 4741 4012 4810 temetipsum,
4041 4753 4096 4796 et

2511 4837 2656 4876 nunc
2679 4824 2999 4876 subtrahere
3022 4823 3250 4878 niteris?
3274 4825 3445 4890 Quam
3467 4842 3597 4896 ergo
3616 4844 3852 4884 mercem
3877 4833 3991 4885 vice
4017 4835 4094 4886 tui

2512 4911 2738 4966 Domino
2773 4913 3141 4981 permutabis?
3174 4933 3190 4965 ι
3222 4914 3392 4980 Quam
3421 4920 3566 4971 enim
3605 4923 4086 4977 commutationem

2513 5003 2660 5056 dabit
2678 5005 2836 5056 homo
2858 5019 2954 5072 pro
2977 5006 3154 5058 anima
3179 5006 3309 5059 sua?
3333 5006 3545 5076 (Matth.
3572 5013 3708 5078 xw.)
3731 5031 3748 5061 ι
3777 5010 4098 5082 Quanquam

2514 5089 2724 5159 Moyses
2749 5091 2800 5143 in
2827 5092 2938 5161 lege
2961 5093 3262 5160 prmcipial:
3295 5111 3313 5144 ‹
3346 5093 3540 5158 Ilomo,
3567 5098 3759 5164 inquit,
3786 5099 3878 5167 qui
3910 5110 4094 5155 votum

2513 5180 2707 5234 fecerit
2737 5192 2791 5234 et
2811 5184 3158 5251 spoponderit
3175 5183 3280 5237 Deo
3297 5186 3533 5238 animam
3556 5202 3734 5251 suam,
3761 5187 4100 5243 subaeStima-

2515 5271 2658 5323 tione
2681 5271 2836 5339 701
2855 5271 3004 5324 dabit
3024 5274 3253 5341 pretium
3273 5273 3456 5342 (Levii.
3473 5277 3666 5345 xxvn).
3691 5295 3708 5328 ι
3741 5276 3839 5331 Ubi
3871 5278 4100 5333 solerter

2512 5363 2893 5416 attendetulntr.
2946 5365 3196 5430 estquod
3252 5365 3408 5433 paulo
3437 5368 3664 5420 inferius
3712 5367 4051 5423 subinf‘rtur
4084 5389 4096 5425 :

2519 5472 2534 5501 ι
2569 5451 2736 5504 Omne
2757 5451 2900 5519 quod
2933 5451 3156 5506 Domino
3185 5465 3553 5520 consecratur,
3587 5457 3698 5510 sive
3723 5457 3883 5511 homo
3911 5457 4098 5524 fuerit,

2513 5542 2624 5594 sive
2659 5541 2881 5606 animal,
2912 5543 3022 5596 sive
3053 5560 3200 5612 ager,
3255 5563 3359 5599 non
3388 5548 3565 5609 vendi,
3602 5562 3698 5602 nec
3730 5550 3920 5605 redimi
3949 5562 4102 5620 pote-

2515 5632 2613 5695 rit;
2648 5631 2906 5700 quidquid
2948 5634 3090 5687 enim
3137 5637 3301 5691 semel
3331 5636 3494 5691 fuerit
3534 5647 3934 5706 consecratum,
3967 5657 4096 5697 san-

2514 5733 2658 5777 ctum
2691 5736 2999 5779 sanctorum
3031 5728 3132 5780 erit
3181 5729 3405 5783 Domino
3439 5729 3646 5800 (Ibid.).
3679 5751 3696 5783 ι
3743 5732 3880 5786 Audi
3909 5735 4097 5803 etiam,
