5882 6650
322 31 2374 245 -ι--ς

321 6436 828 6548 ξ

2489 482 2590 540 679

2945 481 3004 538 S.
3043 480 3245 538 PETRI
3287 478 3561 535 DAMAS!
3597 476 3748 534 ΟΙῬ.
3790 477 4026 535 TOIUS
4059 476 4189 534 εει]
4227 474 4407 531 PARS
4442 472 4981 534 [IL—OPUSCULA
5023 472 5271 560 VAltlA..
5604 473 5691 531 680

2524 653 5676 684 MM

2592 799 3708 920 7°57°GOPUSCULUM
3801 809 4926 936 QUADBAGESIMUM
4985 807 5592 916 TERTIUM.

2835 1024 2941 1084 DE
3001 1021 3267 1083 LAUDE
3328 1017 3920 1081 FLAGELLOLUM
3996 1018 4124 1091 ET,
4179 1017 4281 1078 UT
4340 1016 4848 1093 LOQUUNTUR,
4905 1014 5386 1082 DlSClPLINE.

2483 1294 2871 1352 Διοιιιιιιιιτιιιι.
2897 1324 2966 1336 --
2999 1293 3366 1348 intermissam
3405 1303 3436 1344 a
3473 1287 3703 1344 emnobii
3733 1285 4042 1341 Casinensis
4073 1283 4352 1338 monachis
4389 1283 4615 1354 singulis
4649 1284 4803 1338 diebu

3356 1307 3366 1344 I
3405 1303 3436 1344 a
3473 1287 3703 1344 emnobii
3733 1285 4042 1341 Casinensis
4073 1283 4352 1338 monachis
4389 1283 4615 1354 singulis
4649 1283 4989 1354 diebus,gqni
5027 1281 5331 1354 Sabbatum
5370 1283 5679 1354 pmcedunt.

2552 1367 2860 1420 verberibus
2887 1364 2937 1416 in
2969 1370 3255 1430 conspectu
3295 1360 3533 1414 omnium
3569 1372 3764 1426 corpus
3792 1353 4077 1410 alliictandi
4127 1352 4567 1407 consuetudinem
4621 1352 4975 1407 revocandam
5017 1367 5156 1419 esse,
5187 1352 5683 1410 ntultis'rationibus

2562 1448 2786 1488 conatur
2807 1432 3111 1487 ostendere.

2551 1565 2762 1620 Sanctis
2788 1563 3047 1617 fratribus
3096 1562 3148 1616 in
3174 1556 3357 1616 Casini
3397 1560 3596 1614 montis
3621 1558 3823 1615 ccelesti
3853 1557 4035 1614 schola
4066 1563 4110 1618 Α
4140 1572 4237 1627 per
4258 1573 4354 1614 ora
4376 1551 4750 1629 quorumdam,
4792 1562 5044 1625 tanquam
5075 1569 5172 1626 per
5202 1563 5445 1611 vasorum
5469 1567 5681 1614 suorum

2477 1652 2815 1723 degentibus,
2876 1649 3087 1705 Penes
3143 1656 3395 1718 peccator
3453 1647 3746 1702 monachus
3807 1646 4037 1700 servitu-

2479 1750 2605 1795 tem.

2545 1827 2860 1883 Observatio
2907 1835 3070 1880 sexta:
3107 1824 3273 1886 ferire,
3325 1824 3681 1888 dilectissimi,
3729 1824 3812 1877 cui
3857 1831 4033 1877 vestra

2474 1928 2660 1974 sancta
2685 1917 2896 1972 devotio
2917 1916 3202 1978 dedicavit,
3225 1925 3278 1970 et
3292 1916 3477 1985 jejunii
3499 1914 3753 1969 salutaris
3785 1914 4034 1976 inediam,

2476 2016 2530 2062 et
2557 2007 2969 2076 apostolicorum
2993 2006 3269 2058 verberum
3311 2006 3666 2074 disciplinam,
3692 2013 3822 2072 quot
3859 2004 4032 2058 homi-

2473 2111 2600 2150 num
2626 2095 2986 2149 multitudines
3013 2096 3077 2148 ad
3107 2094 3405 2162 exemplum
3437 2095 3625 2148 salutis
3651 2094 3956 2157 attraxerit,
3982 2103 4036 2148 et

2475 2195 2728 2251 tanquam
2761 2183 2963 2237 novella
2994 2184 3185 2238 divinae
3214 2184 3564 2253 plantationis
3592 2183 3728 2237 oliva
3757 2185 3808 2237 in
3835 2184 4036 2240 exube-

2476 2276 2705 2328 rantium
2745 2276 3044 2342 germinum
3093 2275 3412 2343 propagines
3458 2274 3820 2342 pullulaverit,
3868 2282 4032 2327 testes

2473 2372 2598 2418 sunt
2623 2378 2726 2416 non
2752 2363 2907 2416 modo
2940 2363 3259 2416 monasteria
3290 2371 3486 2425 vestra,
3510 2363 3610 2415 hoc
3636 2370 3738 2424 est,
3763 2377 3879 2430 qua:
3904 2376 4034 2414 suo-

2474 2467 2593 2506 rum
2640 2451 2870 2520 gaudent
2897 2451 3094 2504 imitari
3135 2451 3354 2520 vestigia
3393 2452 3790 2520 magistrorum,
3834 2451 3927 2505 sed
3981 2459 4036 2504 et

2472 2540 2842 2595 multitudines
2864 2539 3076 2593 urbium
3127 2549 3288 2608 atque
3343 2539 3608 2603 villarum,
3660 2554 3861 2607 quisse
3891 2553 4034 2592 com.

2473 2630 2708 2684 muniter
2759 2631 3059 2700 ingerentes
3104 2643 3263 2696 atque
3301 2629 3546 2682 laetantes
3585 2627 3814 2696 idipsum
3840 2627 4037 2696 plausi-

2473 2715 2652 2770 biliter
2697 2718 2962 2785 arripiunt
3009 2717 3307 2770 institutum
3360 2718 3506 2769 Adeo
3549 2724 3608 2769 ut
3652 2716 3890 2784 plerique
3928 2730 4036 2783 prie

2473 2806 2767 2861 devotimiis
2813 2805 3005 2858 ardore
3053 2814 3334 2873 concepto,
3379 2806 3476 2858 nisi
3523 2806 3840 2872 quantocius
3876 2805 4034 2873 hujus

4139 1665 4359 1720 organa,
4414 1649 4566 1704 vobis
4611 1658 4916 1718 concrepat,
4950 1648 5174 1703 dicens:
5219 1647 5425 1716 Jejunio
5474 1649 5680 1719 quidem

4138 1755 4245 1794 non
4294 1740 4505 1810 penitus
4544 1738 4946 1808 improbandum
4975 1746 5056 1792 est
5092 1752 5284 1807 corpus
5307 1748 5566 1804 atterere,
5594 1737 5682 1796 sed

4140 1839 4295 1900 turpe
4335 1831 4495 1884 nimis
4519 1838 4574 1884 et
4611 1828 4950 1883 inhonestum
4977 1836 5059 1881 est
5085 1836 5206 1889 ante
5251 1835 5325 1881 tot
5355 1825 5576 1882 fratrum
5604 1827 5682 1882 in-

4140 1920 4399 1974 tuentium
4429 1918 4612 1974 oculos
4639 1918 4878 1971 membra
4926 1917 5146 1971 nudare.
5183 1916 5251 1972 Et
5288 1916 5424 1972 unde
5458 1931 5559 1972 vox
5587 1917 5681 1972 ista

4137 2008 4397 2078 procedit,
4430 2007 4531 2060 nisi
4585 2005 4652 2060 ab
4706 2005 4798 2061 illo
4830 2005 4922 2074 qui
4973 2014 5221 2074 parentes
5267 2006 5473 2075 generis
5519 1995 5684 2061 nostri

4138 2096 4434 2150 nuditatem
4491 2094 4813 2149 erubescere
4867 2089 5168 2161 compulit?
5232 2089 5382 2162 (Cen.
5428 2092 5512 2161 ιι.)
5555 2094 5686 2148 Ante

4135 2200 4317 2240 vocem
4394 2185 4590 2253 quippe
4652 2182 4914 2252 serpentis
4953 2221 4970 2246 ,
5037 2181 5114 2236 ait
5162 2179 5474 2250 Scriptura:
5558 2180 5681 2234 Erat

4136 2286 4360 2343 uterque
4410 2275 4604 2336 nudus,
4635 2272 4803 2326 Adam
4833 2271 5041 2325 scilicet
5095 2279 5151 2324 et
5178 2284 5310 2324 uxor
5342 2270 5475 2339 ejus,
5507 2279 5561 2323 et
5584 2277 5681 2322 non

4136 2362 4544 2417 erubescebant.
4596 2361 4669 2414 At
4695 2368 4978 2429 postquam
5024 2358 5104 2414 eis
5158 2365 5412 2414 venenata
5468 2357 5683 2413 consilia

4136 2452 4310 2508 callidi
4341 2451 4592 2505 draconis
4640 2449 4917 2505 instiliavit
4967 2447 5184 2514 astutia,
5235 2447 5470 2517 protinus
5518 2447 5681 2516 scrip-

4136 2551 4248 2596 tum
4302 2548 4383 2594 est
4437 2557 4449 2592 :
4515 2557 4533 2591 ι
4586 2539 4825 2607 Cumque
4885 2537 5258 2608 cognovissent
5311 2549 5370 2590 se
5418 2543 5536 2590 esse
5590 2549 5681 2588 nn-

4137 2635 4254 2695 dos,
4298 2638 4628 2685 consuerunt
4670 2628 4796 2684 folia
4838 2627 4992 2693 licus,
5022 2635 5076 2682 et
5102 2626 5340 2681 fecerunt
5363 2625 5462 2680 sibi
5490 2625 5682 2693 perizo-

4138 2732 4279 2774 mata
4321 2720 4473 2791 (Gen.
4520 2721 4602 2784 ιι).
4640 2738 4658 2770 ι
4698 2719 4973 2773 Audenter
4993 2717 5188 2780 dicam,
5225 2715 5549 2772 dilectissimi
5576 2711 5679 2768 fra-

4139 2818 4246 2862 tres
4285 2810 4407 2869 inci,
4441 2809 4564 2876 quia
4617 2807 4879 2876 quisquis,
4932 2813 4988 2859 ut
5037 2805 5429 2874 compatiantur
5452 2804 5680 2867 Christo.

2471 2897 2820 2950 observantiae
2848 2897 3141 2963 suscipiant
3177 2894 3431 2964 regulam,
3483 2912 3589 2950 non
3628 2895 3794 2949 levem
3836 2910 3896 2949 se
3948 2911 4017 2949 re-
4059 2890 4102 2946 Β
4132 2897 4319 2951 nudati
4353 2897 4586 2950 vestibus
4613 2895 4903 2960 erubescit,
4931 2894 5017 2948 hic
5044 2892 5227 2962 procul
5254 2892 5411 2948 dubio
5432 2893 5682 2962 serpentis

2470 2994 2660 3054 putent
2687 2984 2913 3052 propria:
2959 2983 3146 3036 salutis
3182 2981 3746 3051 perierrejacturam;
3803 2983 4028 3035 nullateo

2473 3087 2574 3126 nus
2621 3072 2968 3139 ambigentes,
3025 3070 3147 3139 quia
3187 3071 3311 3122 dum
3345 3070 3429 3123 die
3463 3070 3640 3123 crucis
3669 3084 3762 3138 per
3786 3084 4036 3138 corpora-

2472 3159 2578 3213 lem
2603 3158 2972 3212 alimentorum
2995 3172 3052 3211 se
3078 3157 3457 3211 continentiam
3488 3166 3744 3222 mactant,
3767 3158 4032 3226 passionis

2473 3247 2846 3316 Redemptoris
2897 3248 2950 3300 in
3001 3249 3222 3300 veritate
3280 3247 3707 3312 communicant;
3763 3258 3924 3316 atque
3966 3249 4032 3302 ad

2476 3338 2764 3391 Dominicas
2816 3338 3228 3404 resurrectionis
3254 3335 3476 3405 gloriam
3509 3353 3566 3392 se
3606 3339 3886 3408 pervenire
3926 3355 4032 3394 non

2470 3429 2697 3482 inaniter
2724 3429 2941 3482 credunt
2967 3445 2982 3492 ;
3017 3427 3161 3490 dum,
3191 3423 3408 3484 Christo
3461 3430 3513 3482 in
3539 3445 3700 3483 cruce
3748 3430 4030 3498 pendente,

2473 3520 2570 3588 ipsi
2601 3533 2810 3586 quoque
2837 3533 2943 3572 suae
2971 3519 3149 3572 carnis
3179 3517 3458 3572 illecebras
3484 3533 3582 3587 per
3606 3518 3880 3587 abnegata:
3902 3520 4036 3572 refe-

2471 3607 2662 3662 ctionis
2707 3607 3000 3676 patibulum
3056 3607 3397 3676 cruciligunt.
3449 3606 3584 3661 Hinc
3629 3616 3713 3661 est
3761 3609 3903 3676 quod
3961 3609 4034 3659 ait

2471 3694 2756 3763 Apostolus
2798 3713 2811 3748 ε
2849 3713 2866 3744 ι
2920 3695 2975 3749 Si
3019 3695 3404 3764 compatimur,
3439 3702 3492 3748 et
3539 3696 4027 3765 conregnabimus;

2477 3785 2522 3838 si
2550 3785 2948 3847 commorimur,
2981 3795 3033 3836 et
3075 3787 3419 3838 convivemus
3476 3782 3561 3854 (Il
3597 3782 3729 3836 Tim.
3761 3785 3842 3854 ιι).
3885 3803 3903 3836 ι
3969 3786 4033 3838 Ει

2475 3875 2709 3928 iterum:
2760 3892 2777 3922 ι
2814 3872 2868 3926 Si
2896 3873 3238 3940 complautati
3288 3873 3412 3925 facti
3462 3887 3646 3926 sumus
3695 3874 4030 3927 similitudini

2479 3968 2667 4021 mortis
2714 3964 2862 4033 ejus,
2912 3965 3144 4018 simulet
3175 3965 3582 4019 resurrectionis
3610 3967 3811 4019 erimus
3854 3966 4028 4035 (Rom.

2473 4059 2569 4127 vi).
2608 4077 2625 4108 ι
2656 4057 2719 4110 Et
2742 4057 2898 4124 paulo
2927 4066 3078 4124 post:
3117 4072 3135 4104 ι
3175 4055 3229 4108 Si
3271 4064 3446 4107 autem
3475 4055 3671 4107 mortui
3700 4071 3882 4108 sumus
3911 4069 4030 4108 cuin

2471 4149 2707 4210 Christo,
2743 4147 3008 4200 credimus
3055 4146 3178 4214 quia
3224 4145 3382 4199 simul
3427 4146 3585 4198 etiam
3637 4145 3877 4198 vivemus
3911 4160 4030 4198 cum

2474 4239 2587 4307 ipso
2617 4235 2823 4299 (Ibid.).
2871 4253 2889 4287 ι
3537 4303 3540 4307 λ

2972 4323 3196 4379 CAPUT
3236 4323 3520 4379 PRIMUM.

2874 4412 3130 4467 Da’monis
3170 4414 3362 4465 astutia
3407 4422 3621 4481 quanta.

2543 4502 2646 4556 Sed
2673 4500 2940 4556 sciendum
2973 4511 3053 4554 est
3088 4503 3228 4568 quod
3259 4502 3474 4553 immani
3524 4501 3735 4570 generis
3761 4499 4027 4561 inimicus,

2475 4592 2597 4644 dum
2633 4599 2800 4643 totum
2841 4589 3157 4642 sacrificium
3191 4603 3295 4640 non
3328 4588 3467 4640 valet
3512 4589 3576 4639 de
3623 4589 3869 4640 manibus
3898 4586 4028 4638 clie-

2473 4681 2700 4732 rentiui'u
2738 4692 2943 4745 rapere,
2975 4692 3120 4730 more
3147 4678 3297 4744 quasi
3332 4677 3583 4745 liarpyite,
3614 4686 3817 4744 partem
3843 4676 4027 4728 saltent

2473 4769 2766 4837 quamlibet
2827 4778 3044 4819 conatur
3091 4766 3321 4820 auferre.
3390 4767 3520 4819 llitic
3570 4777 3672 4829 est,
3723 4768 3860 4834 quod
3910 4782 4026 4818 eum

2472 4856 2740 4908 Abi-aliam
2787 4853 2895 4906 Deo
2943 4853 3261 4906 sacriﬁcium
3323 4868 3388 4904 ex
3440 4854 3663 4907 diversis
3711 4854 4029 4907 animalibus

2472 4945 2775 5006 obtuiisset,
2825 4943 3079 5009 scriptum
3107 4951 3189 4993 est
3222 4956 3233 4992 :
3272 4960 3287 4989 ι
3325 4940 3584 5005 Quoniam
3642 4941 4029 5009 descendortml

2473 5033 2710 5088 volures
2758 5048 2916 5098 super
2954 5047 3008 5084 ea
3035 5033 3235 5094 hvera,
3268 5040 3320 5084 et
3355 5031 3599 5098 abigi-luit
3627 5046 3717 5082 eas
3758 5005 4026 5082 Λιιιυτιιιεδιι

2476 5112 2622 5191 ((ἱιῖη.
2661 5124 2767 5190 xv).
2807 5141 2824 5172 ›
2872 5121 3039 5188 ςιιξιοι·
3098 5130 3328 5173 mactata
3380 5124 3572 5189 quippe
3621 5122 3879 5172 Ctt'avcra
3941 5121 4029 5172 θυ-

2475 5211 2734 5263 scctiduut
2785 5215 3041 5273 votui-req
3089 5211 3214 5262 dum
3249 5212 3312 5263 ad
3342 5212 3647 5276 rapicndum
3705 5207 4027 5262 saci'iﬁciiun

2478 5299 2788 5352 uidit-torum
2829 5315 3108 5365 corporum
3132 5308 3456 5364 noszt'oruui,
3491 5317 3656 5355 aereae
3683 5317 3737 5354 se
3785 5304 4028 5369 prrecipi-

2480 5397 2588 5438 tant
2621 5396 2905 5453 potestates
2938 5403 2952 5451 ;
3007 5396 3061 5439 ιιι
3101 5388 3178 5439 vel
3205 5398 3367 5441 totum
3398 5392 3458 5443 de
3488 5394 3729 5444 manilius
3761 5392 4026 5443 litantinin

2479 5479 2701 5541 rapiant,
2729 5476 2807 5527 vel
2830 5487 3030 5540 partem
3064 5488 3377 5544 prmraptam
3406 5477 3471 5547 [ί.
3506 5481 3854 5551 puri-plain]
3897 5491 4027 5547 qua-

2479 5564 2521 5614 si
2571 5564 2632 5614 «ie
2678 5564 2939 5617 manubiis
2990 5566 3091 5618 sibi
3141 5566 3372 5618 via-terit}:
3424 5569 3757 5635 triuinpi».lis
3815 5572 4028 5637 applau-

2479 5652 2621 5705 dant.

2548 5747 2676 5805 liinc
2698 5758 2798 5813 est,
2841 5749 2980 5818 quod
3010 5758 3195 5804 auctor
3226 5752 3457 5820 antiqua:
3502 5755 3762 5823 superbiae
3809 5757 4027 5826 spiritus

4133 2988 4293 3040 verba
4337 2987 4537 3039 audivit
4567 3003 4581 3050 ;
4606 2995 4658 3040 et
4677 2986 4801 3055 quia
4829 2985 4895 3038 de
4929 2999 5023 3037 sua
5049 2985 5288 3038 nuditate
5323 2983 5679 3047 confunditur,

4135 3078 4304 3130 instar
4350 3077 4519 3144 primi
4547 3076 4803 3143 parentis.
4832 3089 4862 3128 a
4895 3073 5110 3139 divinis,
5159 3082 5217 3127 ιιι
5249 3073 5319 3128 ita
5363 3072 5569 3142 loquar,
5598 3089 5677 3127 as-

4135 3165 4382 3233 pectibus
4412 3164 4712 3218 occultatur
4746 3181 4758 3214 τ
4815 3180 4833 3213 ι
4869 3161 5080 3226 Vocem,
5121 3162 5308 3230 inquit,
5342 3171 5483 3214 tuam
5511 3161 5678 3215 audivi

4134 3256 4186 3307 in
4217 3256 4484 3321 paradiso,
4527 3264 4580 3307 et
4629 3253 4778 3307 timui
4808 3268 4872 3307 eo
4924 3253 5066 3322 quod
5104 3264 5279 3307 essem
5305 3251 5493 3316 nudus,
5519 3261 5573 3307 et
5598 3251 5683 3305 ab-

4133 3343 4314 3396 scondi
4348 3357 4431 3395 ine
4461 3340 4670 3412 (Ibid.).
4704 3359 4721 3392 ι
4757 3341 4824 3394 Ει
4871 3354 5056 3394 revera
5087 3341 5200 3394 sine
5221 3339 5378 3394 dubio
5405 3339 5607 3394 celatur
5648 3354 5674 3390 a

4132 3430 4266 3484 lseie
4283 3432 4370 3483 Dei
4396 3431 4485 3498 qui
4511 3440 4723 3498 portare
4750 3429 5065 3500 dedignatur
5084 3427 5678 3498 improperiumeristi,

4134 3533 4253 3569 cum
4299 3518 4582 3585 Apostolus
4611 3517 4798 3570 dicat:
4840 3534 4858 3566 ι
4896 3517 5156 3571 Exeamus
5201 3516 5361 3584 igitur
5390 3522 5540 3569 extra
5590 3529 5674 3568 ca-

4133 3615 4241 3660 stra
4273 3607 4338 3659 ad
4388 3622 4534 3671 eum,
4580 3606 4961 3678 iuiproperium
5008 3606 5123 3676 ejus
5179 3611 5448 3675 portantes
5501 3601 5663 3674 (Hebr

4133 3696 4276 3764 ιιιιι).
4318 3717 4335 3747 .

4203 3782 4430 3838 llumilis
4463 3798 4591 3854 ergo
4615 3782 4783 3839 frater
4804 3791 5154 3838 extra’castra
5178 3797 5298 3838 cum
5333 3779 5495 3835 Paulo
5525 3781 5681 3835 sintut

4137 3872 4426 3940 egreditur,
4465 3880 4516 3925 et
4563 3881 4778 3940 portare
4815 3869 5107 3924 Salvatoris
5155 3869 5530 3938 impropcrium
5579 3883 5679 3920 non

4134 3973 4381 4027 veretur;
4411 3964 4672 4032 superbus
4728 3969 4906 4016 autem
4957 3970 5009 4014 et
5053 3973 5304 4029 arrogans
5348 3958 5500 4028 707
5541 3957 5682 4026 quis.

4131 4069 4234 4123 que
4264 4055 4394 4121 petit
4422 4068 4541 4106 cum
4587 4053 4761 4121 primo
4801 4059 5020 4121 parente
5054 4047 5354 4111 latibulum,
5409 4055 5467 4098 ut
5503 4046 5679 4100 omnia

4133 4142 4404 4195 cernentis
4428 4141 4520 4196 Dei
4549 4141 4680 4195 vitet
4707 4147 5023 4210 aSpectum;
5055 4138 5299 4192 nimirum
5337 4149 5403 4188 ex
5454 4134 5557 4222 iliis
5600 4142 5682 4189 est

4059 4210 4103 4271 C
4133 4231 4327 4300 quibus
4356 4232 4554 4285 dicitur
4597 4249 4610 4286 :
4650 4249 4668 4282 ι
4705 4230 4968 4284 Discedite
4989 4245 5019 4282 a
5050 4243 5156 4292 me,
5184 4226 5407 4297 operarii
5434 4210 5682 4293 iniq'uita-

4135 4323 4222 4384 tis,
4246 4323 4368 4390 quia
4417 4321 4598 4375 nescio
4650 4335 4744 4375 vos
4785 4319 4934 4391 (Luc.
4986 4319 5126 4387 xm).
5167 4337 5185 4370 ι
5236 4316 5443 4381 Nescio,
5488 4317 5679 4386 inquit,

4129 4411 4254 4479 quia
4283 4427 4373 4465 vos
4410 4410 4671 4478 fugientes
4701 4426 4730 4463 a
4776 4425 4985 4465 menon
5017 4410 5144 4475 vidi,
5172 4409 5273 4463 hoc
5300 4416 5398 4462 est.
5432 4406 5680 4466 elationis

4129 4511 4319 4556 vestrm
4347 4500 4650 4569 superbiam
4680 4500 4984 4569 reprobavi.

4747 4588 4971 4643 CAPUT
5009 4587 5070 4641 ll.

4444 4681 4544 4745 Qui
4576 4684 4815 4733 dicantur
4854 4681 5010 4733 celari
5033 4697 5062 4730 τι
5096 4679 5228 4746 facie
5256 4676 5370 4732 Dei.

4201 4773 4363 4824 Porro
4384 4786 4501 4823 cum
4520 4771 4567 4822 in
4584 4770 4734 4822 initio
4747 4769 4991 4822 salutaris
5005 4767 5159 4835 hujus
5169 4767 5440 4820 observant
5452 4764 5516 4818 ite
5526 4779 5684 4820 unus-

4129 4861 4355 4930 quisque
4385 4869 4618 4912 vestrum
4657 4868 4707 4911 et
4734 4857 5065 4925 disciplinam
5105 4855 5274 4908 nudus
5314 4853 5601 4920 acciperet,
5628 4862 5678 4908 et

4130 4944 4385 5005 nudiiatis
4427 4949 4769 5016 ignominiam
4819 4962 4921 5000 non
4970 4947 5217 5008 timeret;
5255 4944 5372 5011 quis
5407 4957 5502 4997 vos
5531 4954 5678 5010 post-

4131 5038 4344 5092 modum
4377 5038 4657 5092 faseinavit
4708 5049 4761 5089 et
4791 5035 4988 5089 Christi
5016 5035 5332 5102 pas<ionem,
5361 5047 5476 5100 qua:
5499 5032 5677 5085 mundi

4130 5131 4310 5191 deeius,
4364 5141 4414 5182 et
4449 5129 4590 5181 salus
4635 5137 4714 5178 est
4767 5127 5062 5189 hominum,
5112 5123 5422 5177 erubescere
5462 5122 5679 5175 docuit?

4130 5220 4477 5272 Aiisitauteni
4521 5216 4765 5274 utvobis.
4813 5213 5040 5264 dominis
5069 5210 5310 5264 videlicet
5342 5225 5494 5272 meis,
5546 5210 5675 5262 illud

4130 5312 4325 5365 inferre
4352 5305 4845 5377 prtesumain,quod
4868 5303 5065 5357 Calatis
5092 5300 5366 5368 Apostolus
5387 5299 5461 5351 ait
5483 5316 5496 5351 :
5522 5317 5537 5347 ι
5564 5297 5673 5362 Sic,

4131 5401 4332 5469 inquit,
4374 5397 4519 5450 stulti
4555 5396 4684 5447 estis
4706 5433 4720 5456 ,
4751 5403 4804 5446 ut
4839 5407 4956 5446 cum
4988 5391 5171 5458 Spiritu
5215 5387 5502 5454 cmperitis,
5539 5400 5677 5438 nunc

4132 5481 4740 5541 carneconsun'imemini
4760 5478 4900 5552 (Gal.
4917 5480 5016 5547 ιιι).
5041 5499 5056 5526 ι
5074 5477 5202 5530 illud
5219 5486 5391 5528 tamen
5429 5475 5677 5527 audacter

4135 5578 4328 5635 dicam.
4359 5575 4497 5641 quod
4529 5573 4821 5626 Corinthiis
4846 5568 5195 5637 exprobrans.
5211 5567 5338 5618 dicit
5371 5583 5383 5617 :
5413 5582 5428 5612 ι
5464 5562 5594 5628 Quia
5619 5563 5675 5614 li-

4133 5666 4323 5718 benter
4344 5663 4575 5718 sull'ertis
4603 5662 4932 5729 insipientes,
4970 5673 5088 5712 cum
5112 5657 5227 5710 sitis
5265 5656 5366 5724 ipsi
5395 5657 5670 5722 sapientes.

4136 5753 4420 5808 Smtinctis
4445 5753 4584 5806 enim
4611 5752 4652 5803 si
4685 5752 4802 5818 quis
4847 5764 4940 5802 vos
4978 5748 5029 5800 in
5055 5746 5361 5801 servitutem
5388 5744 5594 5812 redigit,
5632 5742 5668 5795 si
