4380 6402
729 377 833 435 885

1205 370 1263 426 S.
1291 364 1492 424 PETRI
1528 355 1806 418 DAIIIANI
1837 354 1986 413 OPP.
2020 347 2256 410 Τοκυὸ
2293 345 2422 402 εει]
2462 343 2641 399 PARS
2671 343 2755 396 III.
2779 371 2848 384 --
2870 338 3236 398 OPUSCULA
3269 334 3503 392 VAIIIA.

3884 334 4007 384 εει

731 493 865 552 sbtio
911 486 1305 562 prasideutem,
1334 490 1390 537 et
1431 493 1591 536 omne
1651 487 1819 546 genus
1871 453 2163 524 humanum
2209 480 2289 516 ie-
2325 472 2505 527 Astus
2569 456 2844 524 discipulis
2902 453 3154 508 deliciose
3201 448 3516 503 viventibus
3578 441 4008 516 quodammodo

1748 560 1756 562 _
1822 557 1851 562 μ
2023 557 2025 559 .
2082 555 2105 562 -
2145 551 2186 562 -.
2517 547 2533 562 ι
2603 548 2614 558 υ
2732 547 2799 562 n-
2832 546 2988 562 ηςμκ-
3039 542 3149 562 s:-:.
3237 557 3250 562 Α
3283 537 3534 562 βίη-...ηρ
3566 532 3695 562 -..ιιὲ
3734 534 3854 562 Lm
3901 533 4008 562 Ag-

731 551 821 639 cto
849 551 1117 649 aequitatis
1141 572 1388 629 examine
1412 563 1721 622 terribiliter
1742 555 2106 628 iudicantem?
2145 551 2294 604 Tunc

733 674 814 728 sol
841 637 1232 725 obscurabitur,
1256 661 1382 713 luna
1413 653 1649 710 tenebris
1679 649 1998 711 involvetur,
2032 641 2198 696 steilte
2229 637 2296 692 de

735 762 872 816 calo
907 758 1131 817 cadent,
1163 750 1510 804 fundamenta
1549 741 1810 795 montium
1862 729 2294 790 contremiscent,

737 852 859 908 coeli
906 847 1149 902 tristibus
1196 841 1363 896 radiis
1413 832 1797 891 coruscabunt,‘
1852 836 1996 880 terra
2042 818 2201 875 simul
2243 823 2300 871 et

739 958 832 998 ser
878 937 1109 994 ﬂammis
1161 934 1213 987 in
1266 927 1478 985 excelsa
1538 920 1839 976 furentibus
1883 911 2296 972 cremabantur,

739 1040 793 1087 et
843 1029 1108 1084 elementa
1157 1021 1362 1089 pariter
1415 1015 1593 1070 omnia
1639 1005 2031 1064 confundentur
2075 997 2299 1067 (Matth.

742 1120 918 1190 xxiv);
949 1124 1004 1169 et
1044 1123 1098 1167 tu
1128 1088 1346 1170 ornate,
1381 1115 1433 1159 tu
1471 1099 1700 1155 molliter
1729 1104 1783 1176 et
1823 1094 2074 1147 decenter
2101 1088 2300 1147 indute,

742 1172 884 1266 intra
911 1203 1008 1262 is'la
1039 1205 1163 1273 quid
1189 1197 1387 1254 facies?
1412 1196 1525 1260 Qua
1553 1172 1761 1248 fronte,
1784 1199 1888 1253 qua
1927 1176 2300 1250 praesumptio-

869 1265 1098 1372 audaci—a
1156 1290 1299 1343 illius
1351 1272 1592 1355 gloriam
1623 1271 1955 1347 participare
2019 1265 2302 1336 sperabis,

742 1368 895 1458 Cujus
963 1393 1180 1454 portare
1242 1354 1624 1445 contumeliam
1702 1355 2168 1434 et'ignomlniam'
2210 1354 2304 1408 de-

745 1464 966 1550 spexisti
983 1476 1006 1527 2

747 1681 898 1748 Quod
923 1675 1115 1733 Christi
1139 1675 1352 1728 uulnera
1380 1678 1500 1727 sunt
1523 1675 1769 1728 sensuum
1800 1665 2095 1712 nostrorum
2139 1649 2310 1705 medi-

1406 1744 1663 1790 camenta.

819 1843 950 1909 Quis
1005 1849 1062 1892 te
1118 1834 1401 1899 delicatum
1455 1837 1618 1892 atque
1679 1817 1933 1874 tenellum
2005 1804 2390 1882 aggregabitB

749 1934 972 2000 collegio
1005 1937 1322 1995 martyrum,
1355 1922 1408 1973 in
1440 1930 1666 1987 quorum
1691 1909 2006 1979 corporibus
2049 1903 2310 1957 Videbun-

751 2035 841 2078 tur
873 2026 921 2074 in
953 2020 1118 2090 gloria
1169 2015 1429 2068 universa:
1487 2023 1590 2060 non
1625 2004 1782 2058 modo
1813 2001 2083 2080 virgarum
2117 1993 2318 2046 vibices

754 2113 850 2167 sed
882 2122 932 2162 et
961 2099 1432 2161 innumerabilium
1479 2095 1760 2147 vulnerum
1811 2073 2128 2141 cicatrices?
2164 2079 2318 2135 Chri-

754 2213 870 2255 stus
896 2199 1072 2251 erucis
1098 2210 1201 2247 non
1231 2189 1444 2244 erubuit
1476 2183 1890 2252 turpitudinem;
1925 2187 1979 2231 et
2026 2185 2079 2227 tu
2124 2170 2320 2241 putida:

757 2293 934 2348 carnis
959 2300 1060 2343 tuat-
1086 2277 1356 2338 vermibus
1377 2277 1696 2332 devorandae
1743 2267 2086 2324 confunderis
2110 2261 2318 2316 nudita-

761 2393 832 2451 te,
884 2381 975 2433 Ille
1004 2378 1254 2436 nudatur,
1302 2371 1542 2430 caeditur,
1574 2364 1806 2418 nectitur
1853 2356 2100 2418 vinculis,
2131 2351 2326 2407 oblini-

759 2480 847 2523 tur
871 2468 1064 2535 sputis,
1087 2457 1523 2531 quinquepartito
1546 2453 1774 2506 ‘vulnere
1804 2449 1946 2502 illius
1985 2458 2112 2498 caro
2149 2440 2327 2512 perfo-

762 2561 928 2622 ditur,
955 2565 1129 2608 utnos
1162 2567 1188 2604 a
1220 2550 1496 2608 vitiorum,
1536 2558 1654 2611 qua:
1694 2543 1745 2594 in
1795 2553 1895 2593 nos
1942 2550 2040 2604 per
2091 2533 2329 2600 quinque

765 2662 958 2704 sensus
1016 2642 1429 2713 ingrediuntur,
1471 2632 1769 2699 irruptione
1813 2636 2095 2687 curemur;
2159 2630 2213 2675 et
2273 2629 2326 2672 tu

772 2738 1024 2794 lascivus,
1058 2741 1110 2784 tu
1147 2738 1363 2787 unctus,
1410 2734 1462 2777 tu
1489 2719 1793 2793 petulculus
1821 2730 1885 2770 ac
1934 2710 2190 2773 tenellus,
2221 2722 2328 2761 non

763 2815 844 2882 vis
873 2830 1182 2881 thesaurum
1209 2818 1388 2874 carnis
1418 2825 1520 2869 tua:
1545 2810 1851 2866 hominibus
1872 2803 2068 2872 detegi,
2098 2816 2164 2854 ne
2189 2814 2332 2852 mor—

767 2920 892 2973 talis
935 2915 1016 2969 vel
1080 2924 1314 2972 terrena,
1347 2906 1488 2975 quod
1519 2899 1707 2957 absitl
1760 2897 1852 2951 sed
1895 2905 2146 2963 magnum
2206 2887 2337 2956 quid

764 3012 957 3065 debeat
986 3003 1265 3061 aastimari?
1295 2998 1491 3052 Paulus
1520 2991 1794 3062 apostolus
1838 2996 1921 3052 ter
1943 2982 2112 3051 virgis
2145 2981 2199 3034 in
2241 2993 2338 3046 pu-

771 3085 911 3155 blico
937 3088 1182 3155 caeditur,
1225 3105 1321 3145 nec
1353 3094 1596 3146 veretur;
1642 3075 1928 3149 quinquies
1963 3070 2337 3140 quadragenas

773 3207 876 3245 una
916 3189 1096 3240 minus
1143 3185 1195 3235 in
1222 3178 1425 3250 judicio
1472 3173 1686 3242 accipit,
1722 3177 1776 3222 et
1802 3166 2047 3226 l'mtatur;
2078 3166 2336 3228 praeterea

770 3280 1004 3350 gaudere
1053 3288 1113 3328 sc
1158 3244 1286 3325 dicit
1343 3269 1397 3320 'm
1444 3265 1643 3333 frigore
1677 3267 1731 3314 et
1769 3255 2013 3310 nuditate
2049 3247 2155 3320 .(u
2215 3244 2337 3299 Cor.

772 3339 862 3439 ξ).
905 3367 1097 3421 Petrus
1137 3370 1275 3418 "eum
1323 3354 1650 3426 coapostolis
1697 3347 1948 3404 omnibus
2009 3339 2340 3409 ﬂagellatur,

774 3458 1024 3512 atteritur
1061 3455 1113 3508 in
1170 3442 1398 3506 concilio
1429 3439 1858 3501 Pharismnrum;
1902 3442 1957 3488 et
2001 3444 2189 3486 omnes
2235 3427 2348 3496 glo-

779 3548 992 3601 riantur
1013 3551 1175 3610 atque
1203 3537 1514 3608 tripudiant,
1537 3531 1662 3602 quia
1692 3524 1942 3596 dignatus
1970 3529 2054 3576 est
2074 3533 2168 3574 eos
2191 3517 2347 3572 Iesus

774 3650 872 3704 pro
905 3645 1006 3687 suo
1041 3605 1658 3684 nominecoutumelias
1703 3615 1812 3685 pati
1862 3613 2005 3683 (Act.
2038 3610 2123 3679 v).
2181 3605 2346 3662 David

778 3696 1012 3795 propriis
1041 3717 1370 3775 indumentis
1401 3722 1620 3782 exutus,
1660 3717 1715 3764 et
1738 3705 1921 3775 Epliod
1951 3696 2098 3764 lineo
2121 3699 2348 3769 precin-

783 3792 924 3878 ctus,
955 3821 1082 3866 ante
1134 3824 1315 3863 arcam
1365 3803 1573 3860 Domini
1626 3799 1756 3863 totis
1803 3795 2009 3850 viribus
2044 3792 2246 3851 ’saltat;
2298 3795 2352 3841 et

780 3923 888 3963 non
934 3919 1086 3958 suam
1141 3901 1232 3954 sed
1263 3898 1357 3952 Dei
1409 3895 1632 3966 gloriam
1685 3902 1956 3958 quwrens,
2004 3892 2167 3949 atque
2202 3895 2230 3932 a
2270 3894 2353 3930 re-

783 3997 916 4069 galis
945 3994 1086 4064 genii
1123 3990 1384 4060 gravitate
1432 3984 1729 4043 declinans,
1759 3980 1813 4031 in
1850 3976 1942 4033 Dei
1967 3970 2353 4039 omnipotentis

783 4058 992 4143 honore
1018 4058 1328 4149 conj—ubilat.
1359 4075 1456 4130 Cui
1483 4070 1676 4128 Michol
1707 4072 1735 4123 :f
1764 4088 1780 4118 ι
1819 4066 1989 4133 Quam
2035 4063 2196 4132 710
2245 4058 2355 4128 glo-

784 4176 984 4236 riosus,
1015 4147 1202 4236 inquit.
1235 4165 1391 4220 hodie
1415 4162 1515 4216 fuit
1563 4175 1656 4213 rex
1714 4151 1909 4217 Israel,
1958 4147 2354 4218 discoopcriens

787 4282 846 4321 se
867 4259 1239 4318 auteancillas
1280 4267 1559 4310 servorum
1587 4260 1806 4322 suorum
1897 4250 1953 4320 et
1987 4227 2225 4295 nudatus
2251 4244 2351 4298 est.

788 4319 943 4424 quasi
974 4353 1018 4405 si
1069 4333 1313 4401 nudetur
1345 4355 1507 4416 unus.
1537 4341 1602 4394 de
1635 4319 1843 4392 sCurris
1897 4319 1978 4402 (II
2034 4328 2162 4398 Reg.
2196 4325 2290 4394 vi).
2333 4341 2353 4375 s

792 4418 1020 4514 superbi
1045 4437 1251 4494 scilicet
1277 4433 1419 4503 regis
1445 4431 1561 4510 lilia.
1587 4425 1945 4481 humilitatem
1992 4418 2094 4472 viri
2141 4423 2356 4485 portare

792 4505 898 4589 non
923 4530 1115 4602 potuit,
1141 4537 1300 4594 atque
1324 4523 1523 4577 idcirco
1551 4505 1830 4582 nuditatis,
1853 4526 1973 4582 qua:
2008 4509 2237 4565 Domino
2257 4505 2357 4560 mi-

796 4623 1083 4683 nistrabat,
1113 4617 1334 4685 gloriam
1360 4629 1464 4666 non
1495 4607 1764 4678 cognovit.

866 4711 1053 4765 Talem
1105 4719 1237 4776 ergo,
1289 4708 1564 4756 merentur
1612 4697 1814 4767 habere
1885 4690 2197 4761 magistram
2264 4685 2361 4754 qui

797 4817 1016 4859 carnem
1059 4812 1211 4854 suam
1235 4807 1421 4850 coram
1447 4781 2050 4859 ,fratribusiperhibent
2094 4794 2199 4841 non
2236 4790 2366 4831 esse

799 4892 1130 4949 nudandam.
1176 4883 1532 4954 thuonism
1580 4877 1692 4941 isti,
1747 4876 2060 4931 arescentes
2100 4871 2155 4922 in
2185 4867 2366 4920 radice

803 4981 1093 5051 superbiae,
1117 4953 1389 5043 nunquam
1411 4953 1746 5039 spiritualem
1778 4962 2083 5034 germinant
2111 4958 2367 5018 fructum,

805 5048 894 5130 his
923 5071 1117 5130 merito
1155 5064 1403 5135 congruit
1429 5061 1572 5131 quod
1605 5059 1670 5112 de
1716 5055 1804 5110 illa
1837 5066 2054 5123 quoque
2092 5048 2370 5116 Scriptura

807 5170 1057 5225 testatur,
1081 5157 1265 5211 dicens
1292 5171 1306 5206 :
1343 5170 1362 5202 ε
1393 5149 1557 5220 Igitur
1585 5144 1777 5200 Micbol
1810 5143 1932 5196 ﬂlize
1959 5139 2087 5194 Saul
2129 5153 2232 5191 non
2289 5143 2374 5188 est

807 5251 1160 5312 natus‘ﬂlius
1211 5259 1381 5313 usque
1437 5243 1489 5295 in
1539 5239 1679 5294 diem
1731 5233 1917 5289 mortis
1961 5228 2308 5298 su:e(lbid.).
2349 5246 2366 5277 ι

811 5345 947 5403 Nam
975 5351 1029 5396 et
1051 5341 1137 5394 isti
1176 5337 1368 5391 merito
1395 5332 1650 5388 deberent
1679 5341 1710 5380 a
1733 5324 1884 5378 vobis
1911 5336 2032 5376 cum
2060 5318 2375 5374 austeritate

813 5435 1022 5507 repelli,
1055 5432 1197 5486 sicut
1223 5428 1367 5481 illam
1394 5421 1561 5477 David
1587 5417 1700 5474 suis
1728 5412 2161 5482 responsionibus
2183 5409 2373 5476 fregit:

822 5549 842 5582 ι
877 5499 1024 5582 -Vivit
1069 5521 1344 5581 Dominus,
1374 5517 1482 5578 ait,
1529 5511 1655 5581 quia
1685 5507 1864 5562 ludam
1893 5512 2018 5557 ante
2073 5499 2374 5560 Dominum,

717 5670 734 5680 ..
817 5630 875 5675 et
902 5619 1023 5672 vilis
1057 5615 1181 5670 fiam
1209 5610 1491 5680 plusquam
1520 5603 1693 5657 factus
1715 5611 1857 5661 sum,
1889 5603 1944 5648 et
1968 5607 2061 5648 ero
2085 5589 2300 5646 humilis
2324 5589 2377 5640 in

818 5711 988 5771 oeulis
1018 5709 1152 5764 meis
1180 5702 1387 5769 (Ibid.).
1437 5718 1454 5752 ι
1487 5697 1583 5752 Cui
1615 5691 1816 5749 scilicet
1844 5684 2036 5741 lichol
2077 5681 2233 5737 simul
2257 5694 2378 5735 cum

2395 564 2490 618 per
2515 547 2707 601 Isaiam
2732 546 2993 599 Dominus
3024 542 3156 595 dicit
3179 580 3192 592 .
3231 557 3250 588 ι
3282 537 3535 591 Et‘nunc
3564 532 3697 588 andi
3734 534 3879 595 haec,
3901 533 4011 585 de-

2394 639 2553 692 licata
2590 644 2647 689 et
2699 635 2949 688 nabitans
2991 629 3342 687 confidenter,
3373 639 3495 694 quae
3525 622 3671 679 dicis
3722 621 3780 674 in
3834 619 4010 674 corde

2396 736 2488 782 tuo
2519 743 2533 782 :
2582 726 2700 795 Ego
2726 740 2863 780 sum.
2896 731 2948 777 et
2975 736 3078 775 non
3122 726 3206 773 est
3237 725 3549 786 przeter-me
3591 713 3863 781 amplius,
3889 721 4011 762 non

2397 816 2592 872 sedebo
2626 814 2824 876 “vidua,
2853 820 2908 866 et
2936 825 3040 864 non
3091 807 3286 862 videbo
3337 803 3724 865 sterilitatem;
3773 800 4014 854 venient

2400 905 2494 959 tibi
2525 905 2640 957 hac
2678 904 2785 956 duo
2823 901 3002 956 subito
3032 899 3212 952 inuno
3258 895 3376 957 die.
3399 892 3683 948 sterilitas
3719 897 3784 945 et’
3822 888 4012 942 vidui-

2400 1003 2484 1048 tas
2503 992 2652 1062 (Isa.
2680 991 2876 1059 xrvn).
2900 1004 2930 1041 ‘s
2978 985 3143 1041 David
3167 986 3358 1056 plane,
3395 991 3454 1037 ut
3485 983 3665 1035 nudus
3694 979 4008 1047 incederet.

2403 1092 2620 1136 sanctus
2665 1081 2756 1149 qui
2809 1080 2861 1132 in
2925 1093 2990 1132 eo
3037 1085 3158 1130 erat
3201 1072 3438 1142 Spiritus
3469 1068 3746 1137 ‘impulit;
3803 1063 4014 1119 llichoI

2401 1185 2532 1224 vero
2556 1179 2812 1238 paternus
2839 1165 2925 1219 ille
2947 1178 3250 1234 possessor,
3295 1168 3355 1213 ut
3385 1174 3510 1212 eum
3561 1153 3878 1209 insolenter
3917 1166 4018 1205 ar—

2405 1268 2612 1329 gueret,
2643 1257 2909 1312 incitavit.
2943 1256 3020 1308 De
3051 1267 3161 1322 quo
3181 1251 3456 1305 videlicet
3497 1256 3835 1317 possessore
3866 1242 4020 1295 dici-

2410 1361 2531 1405 tur:
2562 1370 2580 1401 t
2615 1349 2747 1416 Quia
2777 1347 2986 1401 insiluit
3024 1345 3247 1413 spiritus
3291 1341 3507 1396 Domini
3550 1338 3732 1418 malus
3775 1338 3832 1389 in
3875 1330 4020 1390 Saul

2411 1440 2462 1512 (1
2499 1440 2622 1510 Reg.
2649 1440 2783 1508 xvi).
2835 1456 2855 1488 ι
2901 1437 3131 1505 Ideoque
3162 1435 3280 1488 sine
3327 1431 3438 1486 ulla
3482 1429 3839 1485 dubitatione
3887 1441 4018 1480 cre-

2406 1530 2644 1586 ‘dondum
2701 1536 2785 1580 est
2830 1525 2954 1594 quia
3005 1522 3390 1578 divinus’eum
3442 1519 3687 1587 Spiritus
3745 1515 4025 1585 provocat

2411 1619 2506 1689 Qui
2534 1619 2600 1672 ad
2638 1619 2897 1671 honbrem
2940 1614 3120 1667 crucis
3148 1609 3350 1665 Christi
3406 1624 3465 1663 se
3497 1606 3789 1660 humiliter
3821 1603 4020 1667 nudat,

2412 1715 2469 1761 et
2495 1706 2584 1760 ille
2617 1704 2832 1773 snperbi
2858 1700 2988 1755 Saul
3031 1700 3223 1770 spiritu
3255 1700 3307 1751 in
3355 1695 3738 1763 arrogantiam
3780 1689 4025 1745 tumoris

2420 1795 2702 1855 attollitur,
2756 1793 2847 1860 qui
2879 1806 2968 1851 ‘sc,
3006 1800 3067 1842 ut
3114 1787 3376 1842 c'ruciiixo
3419 1784 3641 1839 Christo
3695 1781 4024 1850 participet.

2415 1894 2617 1942 exuere
2647 1883 2988 1951 dedignatur.
3032 1879 3163 1944 Qua:
3191 1874 3729 1946 profectrsuprrbia
3763 1875 3847 1927 sic
3889 1887 4026 1926 eum

2419 1977 2485 2031 ab
2513 1977 2627 2043 ipso
2672 1971 2994 2026 humilitatis
3030 1977 3267 2021 auctore
3305 1965 3507 2024 divisit.
3557 1971 3620 2016 ut
3673 1979 3746 2016 ne
3799 1959 4028 2014 Samuel

2419 2063 2634 2134 quidem
2663 2061 2766 2114 sibi
2795 2060 3008 2113 veniam
3033 2054 3609 2126 impetrare‘potuerit.

2495 2153 2784 2222 Egregium
2842 2151 3232 2218 prophetarum
3287 2145 3478 2198 Isaiam
3540 2141 3765 2212 publice
3825 2153 4028 2194 coram

2421 2246 2565 2300 omni
2603 2243 2799 2311 pupulo
2838 2243 3044 2308 nudum
3081 2237 3330 2291 incedere
3354 2234 3618 2299 Dominus
3675 2232 3943 2300 imperat,
3975 2240 4035 2285 et

2431 2318 2896 2402 monaclius,,qni',
2932 2329 3086 2382 utita
3113 2328 3333 2395 loquar,
3365 2324 3528 2379 unius
3577 2323 3810 2378 Stateris
3850 2322 4036 2392 impar

2426 2435 2526 2485 est.
2567 2421 2758 2479 nudari
2785 2435 2966 2474 coram
2991 2417 3180 2486 paucis
3201 2414 3465 2484 fratribus
3485 2413 3772 2467 e'rubcs'cit
3800 2429 3814 2465 τ
3856 2429 3880 2461 s
3924 2411 4035 2464 Va.

2427 2515 2512 2578 de,
2540 2496 2709 2579 inqriit
2737 2550 2752 2574 .
2781 2510 2927 2564 solve
2952 2511 3172 2561 saccum
3199 2502 3267 2559 de
3311 2501 3511 2556 lumbis
3537 2501 3664 2554 tuis.
3701 2509 3759 2554 et
3804 2499 4034 2554 calcea-

2429 2611 2608 2660 menta
2631 2601 2759 2655 tolle
2790 2600 2855 2653 de
2881 2595 3111 2666 pedibus
3157 2594 3295 2657 tuis;
3333 2611 3352 2644 s
3387 2605 3623 2658 moxque
3669 2587 4035 2654 subiunctum

2431 2701 2558 2750 est:
2598 2709 2615 2742 ι
2649 2691 2720 2746 Et
2748 2689 2877 2744 fecit
2919 2687 3018 2751 sic,
3057 2684 3264 2752 vadens
3321 2682 3500 2736 nudus
3548 2687 3606 2733 et
3659 2679 4039 2733 discalceatus

2433 2782 2564 2852 (ιω.
2599 2792 2713 2850 ιι).
2758 2798 2776 2830 s
2839 2777 2906 2831 Et
2950 2775 3246 2830 notandum
3292 2772 3420 2840 quia
3465 2785 3572 2823 non
3626 2768 3794 2822 molle
3835 2767 4036 2822 carba-

2435 2874 2634 2932 sinum.
2666 2885 2772 2924 non
2811 2863 3137 2922 stamineum
3169 2863 3488 2925 delicatum:
3541 2859 3658 2921 scd,
3725 2857 3829 2922 ait,
3886 2855 4038 2911 solve

2437 2979 2654 3019 saccum
2684 2961 2748 3015 de
2777 2958 2974 3012 lumbis
2996 2956 3117 3009 tuis.
3149 2953 3222 3009 Ut
3241 2957 3307 3007 e‘x
3330 2951 3498 3005 vestis
3525 2948 3757 3002 mollitie
3806 2947 4040 3017 colligas

2439 3068 2598 3123 quam
2622 3050 2870 3112 delicate,
2926 3061 3089 3122 quam
3125 3043 3362 3112 molliter
3393 3039 3647 3094 ‘vixerint
3671 3043 4043 3108 quoscunque

2367 3135 2408 3195 C
2439 3145 2602 3198 etiam
2635 3139 2735 3194 sub
2777 3138 2896 3206 lege
2945 3133 3118 3189 veteri
3165 3131 3402 3200 Spirittts
3452 3127 3707 3181 veritatis
3767 3123 3902 3192 impl
3938 3123 4040 3178 vlt.

2440 3232 2616 3299 Reges
2659 3229 2823 3298 igitur
2850 3241 2915 3279 ac
2955 3221 3262 3292 prophetae,
3289 3209 3707 3277 imo‘Salvator,
3741 3216 3960 3283 pariter
3987 3216 4045 3265 et

2445 3319 2672 3390 apostoli
2703 3328 3041 3385 nequaquam
3069 3309 3224 3366 veriti
3253 3317 3383 3364 sunt
3414 3305 3633 3372 nudari,
3664 3321 3792 3358 cum
3827 3305 4043 3364 idordo

2443 3404 2836 3480 persecutionis
2860 3400 3112 3470 expetiit;
3145 3404 3202 3452 et
3243 3404 3323 3460 tu,
3347 3394 3504 3464 quasi
3540 3394 3859 3446 dominicus
3902 3391 4042 3445 deli-

2446 3507 2622 3560 catus,
2651 3483 2811 3548 tinies
2831 3493 3006 3546 nudus
3043 3488 3234 3558 aspici,
3266 3501 3334 3541 ne
3363 3485 3724 3556 tecomingat
3757 3483 3938 3537 oculis
3961 3482 4044 3534 vi-

2446 3587 2684 3644 dentium
2713 3580 3009 3636 fasciuari!
3046 3579 3111 3632 Et
3147 3592 3333 3632 revera
3382 3573 3583 3629 fratres
3616 3575 3696 3625 tui
3734 3571 3867 3641 pdlli
3915 3576 4046 3626 sunt

2447 3693 2733 3736 corvorum
2763 3675 2853 3744 qui
2885 3671 3095 3727 Domini
3127 3669 3208 3724 sui
3249 3675 3467 3737 portare
3493 3664 3809 3735 gloriantur
3835 3676 4013 3733 oppro

2447 3773 2660 3833 brium;
2696 3737 2952 3829 lin-Sidi".
2987 3763 3206 3824 dicitur,
3235 3759 3377 3812 [ilius
3397 3758 3609 3828 gallinae
3639 3754 3804 3816 alixe,
3836 3737 4044 3824 gaudes

2451 3869 2676 3918 ornatus
2713 3873 2776 3912 ac
2811 3853 3068 3909 nitidulus
3104 3863 3386 3921 apparere.
3425 3846 3532 3902 Sed
3570 3847 3701 3900 dum
3749 3850 4042 3899 corvorum

2453 3950 2755 4008 contemnis
2810 3942 3173 4014 superbiendo
3223 3939 3582 4008 nigredinem,
3640 3935 3836 4004 leprtc,
3866 3940 4044 4002 quam

2455 4043 2538 4097 lex
2563 4039 2780 4094 antioua
2809 4034 3117 4092 denuntiat,
3143 4027 3376 4083 incurris
3397 4025 3658 4080 alborem.
3706 4061 3707 4064 η

2949 4120 3123 4192 711
3165 4113 3392 4172 CAPUT
3434 4114 3517 4168 vt.

2774 4208 3026 4278 Corporis
3059 4208 3222 4261 nostri
3250 4205 3422 4260 uilitas
3451 4219 3514 4257 ac
3549 4204 3708 4272 fetor.

2525 4308 2659 4379 Age,
2697 4305 2886 4364 frater,
2922 4299 3051 4370 quid
3099 4307 3183 4352 est
3233 4312 3363 4351 caro
3413 4296 3539 4358 ista,
3568 4309 3736 4362 quam
3791 4291 4049 4352 videlicet

2462 4406 2572 4451 tam
2610 4392 2852 4464 diligenti
2899 4401 3048 4444 cura
3089 4386 3329 4440 vestibus
3388 4383 3654 4453 contegis,
3686 4391 3742 4437 et
3782 4393 4047 4454 tanquam

2376 4473 2435 4530 ’Π
2461 4488 2664 4557 regiam
2700 4481 2944 4542 sobolem
2980 4477 3220 4531 molliter
3262 4473 3470 4556 nutri‘s?
3514 4472 3704 4528 Nonne
3727 4469 4052 4545 ‘massa'pu-

2460 4577 2719 4636 tredinis?
2756 4587 2938 4656 nonne
2965 4571 3193 4632 vermis,
3223 4568 3401 4639 pulvis
3431 4583 3497 4622 ac
3543 4568 3726 4622 cinis?
3755 4568 3868 4622 Nec
3923 4569 4049 4629 iste.

2461 4666 2554 4740 qui
2583 4681 2728 4721 nunc
2751 4671 2854 4726 est,
2879 4661 3178 4730 asapiente
3204 4658 3323 4713 viro
3363 4657 3666 4711 attenditur
3692 4696 3708 4720 ,
3737 4657 3835 4710 sed
3865 4659 4049 4726 potius

2465 4760 2684 4828 dignum
2747 4761 2830 4809 est
2875 4761 2934 4828 ut
2985 4751 3186 4814 sanies,
3239 4750 3412 4811 virus,
3471 4748 3632 4811 fetor,
3686 4758 3742 4799 et
3798 4748 4053 4801 obscena:

2467 4845 2835 4926 corruptionis
2867 4843 3103 4904 illuvies,
3153 4854 3275 4909 qua:
3325 4838 3672 4907 postmodum
3708 4835 3902 4906 futura
3948 4846 4050 4902 est,

2470 4922 2853 5008 perpendatur.
2901 4932 3044 4998 Quas
3073 4943 3204 4998 ergo
3235 4927 3442 4997 gratias
3487 4925 3584 4980 tibi
3638 4922 3885 4978 referent
3933 4939 4054 4980 ver-

2471 5039 2628 5089 mes,
2663 5023 2758 5092 qui
2796 5019 3040 5076 voraturi
3083 5027 3212 5072 sunt
3251 5015 3460 5070 ’carncs
3507 5028 3646 5082 quas
3707 5012 3950 5068 molliter
3994 5027 4055 5067 ac

2472 5103 3039 5171 straviter'enutris'ti?
3094 5109 3238 5177 Age,
3298 5106 3538 5175 inquam,
3584 5119 3682 5158 cur
3721 5117 3920 5174 passus
3974 5113 4055 5160 est

2473 5203 2755 5269 Christus?
2778 5204 2860 5256 An
2892 5208 2952 5254 ut
2973 5196 3224 5268 proprios
3252 5201 3436 5249 reatus
3477 5191 3741 5255 ablueret,
3780 5199 3842 5255 ῃ
3865 5206 4056 5247 exces-

2475 5311 2567 5350 sus
2593 5293 2674 5349 sui
2698 5290 2988 5348 commissa
3015 5283 3266 5341 deleret?
3304 5281 3414 5337 Sed
3439 5281 3560 5334 audi
3603 5279 3824 5334 Petrum
3867 5281 3938 5335 de
3968 5279 4056 5334 illo

2478 5388 2746 5443 dicentem
2790 5401 2803 5438 :
2848 5396 2867 5433 ι
2927 5381 3028 5446 Qui
3077 5382 3359 5446 peceatum
3408 5388 3514 5447 non
3549 5371 3701 5434 fecit,
3748 5385 3850 5426 nec
3904 5370 4056 5426 dolus

2479 5475 2728 5532 inventus
2769 5474 2943 5528 estin
2987 5483 3082 5524 ore
3127 5465 3246 5535 ejus
3297 5462 3384 5535 (Η
3422 5459 3569 5516 Patr.
3604 5463 3690 5531 ιι).
3732 5479 3751 5512 ι
3799 5460 3881 5514 Ad
3933 5459 4056 5532 quid

2479 5590 2608 5645 ergo
2655 5585 2847 5643 passus
2893 5568 3012 5624 est?
3059 5565 3251 5619 Adhuc
3302 5561 3493 5616 Petrus
3547 5560 3665 5629 ipse
3716 5557 4053 5626 respondet:

2487 5686 2505 5720 ι
2542 5667 2810 5733 Christus,
2834 5664 2929 5729 ait,
2953 5674 3145 5734 passus
3168 5664 3250 5712 est
3269 5669 3369 5727 pro
3393 5652 3566 5714 nobis,
3583 5649 3737 5706 vobis
3749 5648 4058 5719 relinquens
