4380 6394
174 404 284 455 683

1035 388 1270 441 OPUSC.
1315 385 1499 439 XLlV.
1537 415 1604 423 —
1645 382 1732 436 DE
1771 383 1998 440 DECEM
2038 383 2314 440 IEGYPTI
2353 383 2615 439 PLAGlS.

3342 387 3446 442 686

173 509 494 581 exemplum
526 517 582 565 ut
609 506 912 577 sequamini
934 505 1160 570 vestigia
1188 515 1302 570 ejus
1328 499 1412 565 (11
1447 496 1590 551 Ρειτ.
1615 506 1695 568 ιι).
1736 516 1754 546 i
1789 503 1834 559 Α
1867 500 2059 552 futurae
2088 511 2308 565 praziuia
2339 498 2711 552 retributionis
2737 495 3164 566 contemplatur,
3199 513 3295 552 nec
3321 515 3447 569 per-

182 602 450 658 Cbristus
480 613 610 667 ergo
631 599 807 665 primo
839 607 1028 662 passus
1055 599 1159 652 est.
1191 603 1349 657 quem
1374 589 1615 655 protinus
1645 600 1770 653 apo-

174 692 303 747 stoli
334 700 465 744 sunt
499 688 705 748 secuti,
739 699 968 753 quorum
1019 689 1072 734 et
1112 695 1210 734 nos
1257 677 1478 746 vestigia
1528 676 1769 744 praecipi-

175 796 304 836 mur
340 780 571 835 imitari,
601 777 739 829 sicut
790 787 927 825 unus
962 784 1149 824 eorum
1198 766 1326 820 dicit
1357 784 1369 817 :
1408 784 1424 814 ι
1462 765 1768 818 liiiitatores

174 872 284 925 mei
334 878 534 930 estote,
563 866 704 918 sicut
732 873 786 916 et
820 879 920 931 ego
964 859 1164 916 Christi
1209 857 1264 928 (1
1311 855 1434 912 Cor.
1470 857 1569 915 ιι).
1623 875 1641 905 ι
1685 856 1766 908 Ad

172 957 310 1027 quid
338 970 476 1024 ergo
501 954 779 1007 Christum
807 952 1034 1021 legimus
1064 962 1302 1017 passum,
1332 947 1432 999 nisi
1475 956 1533 999 ut
1571 944 1688 1012 ejus
1735 960 1767 997 e

174 1045 414 1108 vestigio
439 1056 836 1111 piosequamur
860 1035 1200 1104 exemplum?

246 1130 502 1185 Obsecro
537 1132 718 1197 itaque
746 1144 863 1189 vos,
889 1124 1225 1179 dilectissimi
1251 1165 1266 1187 ,
1300 1138 1460 1178 aures
1501 1131 1707 1176 vestras
1733 1137 1762 1175 a

171 1220 521 1290 serpentiiiis
571 1233 823 1286 perversa
873 1214 1207 1283 loquentium
1257 1213 1432 1267 sibilis
1481 1214 1716 1267 claudite
1745 1254 1761 1278 ,

167 1325 380 1377 easque
411 1310 464 1362 iii
499 1307 842 1376 simplicitate
889 1304 1139 1373 pauperis
1191 1313 1246 1356 et
1293 1302 1535 1356 cruciﬁxi
1562 1301 1761 1356 Christi

165 1397 301 1452 Jesu
333 1397 582 1466 virgines
604 1395 900 1455 custodite;
936 1407 1157 1445 aureum
1182 1391 1468 1459 Babylonis
1488 1391 1758 1459 poculum,

169 1497 228 1540 et
251 1486 490 1540 calicem
546 1485 639 1541 ira:
692 1484 808 1547 Dei,
854 1483 945 1552 qui
996 1482 1146 1534 vobis
1193 1480 1386 1534 blande
1441 1481 1758 1550 porrigitur,

169 1579 243 1630 ab
280 1591 382 1629 ore
431 1584 615 1630 vestro
662 1575 939 1644 repellite;
991 1572 1241 1642 pestifera
1295 1573 1650 1639 superborum
1707 1581 1762 1624 et

169 1668 606 1722 adulterandum
641 1667 866 1720 verbum
919 1666 1009 1717 Dei
1053 1679 1256 1718 venena
1292 1666 1480 1717 vitate.
1539 1666 1612 1718 De
1644 1665 1761 1732 qui-

169 1756 273 1808 bus
307 1757 379 1808 ad
423 1755 768 1808 Timotheum
809 1753 1099 1821 Apostolus
1135 1753 1265 1806 dicit
1309 1771 1320 1804 :
1379 1771 1397 1803 ι
1445 1752 1676 1806 Profana
1706 1763 1761 1805 et

1870 589 2139 643 horrescit
2168 588 2445 657 plagarum
2478 588 2577 642 sub
2609 597 2885 641 momento
2919 587 3187 642 volantem
3231 592 3441 660 asperi-

1869 689 2033 733 tatem
2063 681 2150 748 qui
2198 681 2420 748 provide
2466 680 2772 732 considerat
2807 694 2926 732 eam
2971 693 3092 747 qua:
3143 680 3244 734 sibi
3297 696 3446 734 coni-

1866 771 2139 837 pensanda
2172 778 2254 822 est
2283 768 2567 823 suavitatis
2595 777 2810 821 aeterna:
2838 767 3197 822 dulcedinem.

1937 859 1982 914 0
2012 858 2519 929 quamjucundum!
2551 875 2585 913 o
2608 875 2767 930 quam
2799 860 3009 929 insigne
3038 861 3441 930 spectaculum!

1864 968 1986 1007 cum
2017 967 2284 1023 supernus
2312 951 2483 1006 Judex
2533 954 2598 1006 de
2626 953 2766 1005 cmlo
2812 962 3146 1021 prospectat,
3191 963 3243 1008 et
3282 954 3446 1008 homo

1861 1045 2209 1114 semetipsum
2243 1044 2294 1096 in
2327 1044 2676 1097 inferioribus
2702 1059 2801 1112 pro
2833 1044 2944 1097 suis
2976 1044 3188 1098 delictis
3228 1047 3439 1097 mittat!

1864 1133 1964 1188 Ubi
1993 1150 2116 1187 reus
2145 1135 2347 1202 ipse,in
2375 1136 2608 1203 pcctoris
2631 1137 2714 1188 sui
2742 1135 3102 1190 tribunalibus
3124 1137 3444 1204 prasideiis,

1862 1222 2132 1276 trifarium
2183 1232 2326 1276 tenet
2355 1221 2619 1289 ollicium;
2654 1225 2710 1278 in
2756 1225 2916 1278 corde
2944 1239 3003 1278 se
3054 1225 3326 1278 constituit
3355 1226 3444 1292 ju—

1862 1313 2057 1376 ilicein,
2089 1328 2239 1366 reum
2271 1313 2325 1365 iii
2353 1328 2599 1380 corpore,
2637 1315 2885 1367 manibus
2910 1329 2967 1366 se
2994 1315 3191 1383 gaudet
3218 1315 3444 1368 exhibe-

1862 1419 1921 1456 re
1956 1414 2246 1468 tortorem;
2295 1418 2357 1455 ac
2389 1404 2432 1456 si
2487 1403 2596 1456 Deo
2645 1414 2870 1458 sanctus
2923 1405 3194 1473 pmnitcns
3247 1404 3440 1458 dicat;

1860 1493 1975 1548 Non
2025 1509 2162 1561 opus
2215 1502 2319 1556 est,
2379 1492 2625 1555 Domine,
2677 1503 2733 1544 ut
2774 1492 2950 1547 ollicio
2987 1501 3081 1546 tuo
3117 1508 3202 1546 me
3249 1493 3445 1561 punire

1858 1584 2173 1653 praecipias;
2209 1598 2316 1636 non
2353 1583 2569 1650 expedit
2607 1591 2665 1635 ut
2707 1583 2819 1651 ipse
2868 1597 2954 1636 me
2993 1581 3123 1648 justi
3170 1582 3440 1636 examinis

1859 1675 2066 1728 ultione
2108 1673 2406 1742 percellas;
2450 1673 2562 1742 ipse
2591 1673 2722 1738 milii
2754 1689 2944 1727 manus
2971 1674 3175 1742 injicio,
3203 1675 3318 1742 ipse
3371 1678 3439 1728 de

1863 1779 1950 1818 me
1977 1763 2272 1818 vindictam
2299 1764 2474 1834 capio,
2503 1743 2787 1831 vicemque
2818 1767 2952 1816 meis
2976 1767 3214 1833 peccatis
3249 1765 3435 1819 reddo.

171 1845 501 1913 vaniloquia
545 1845 758 1898 devita:
794 1844 1020 1896 multum
1061 1845 1205 1898 enim
1247 1844 1535 1911 proﬁciunt
1564 1844 1628 1897 ad
1658 1845 1759 1897 im-
1793 1843 1836 1902 Β
1864 1855 1901 1910 Ε

1707 1860 1759 1897 [ι-
1793 1843 1836 1902 B
1864 1855 1929 1910 Et
1963 1855 2065 1909 lioe
2100 1862 2186 1909 est
2220 1854 2464 1923 profecto
2506 1854 2649 1922 quod
2696 1853 2886 1908 Petrus
2929 1854 3203 1922 apes-loliis
3250 1855 3437 1907 admo-

169 1934 470 2002 pietatem;
532 1941 588 1987 et
633 1949 813 1986 sermo
859 1949 1045 1986 eorum
1095 1942 1152 1986 ut
1195 1948 1394 1987 cancer
1444 1935 1610 2003 serpit
1659 1933 1756 2002 (11

171 2023 309 2076 Tim.
338 2027 424 2093 ιι).
477 2041 494 2073 ι
532 2023 606 2076 Ne
629 2024 781 2076 vobis
818 2033 873 2076 et
911 2023 1073 2084 mibi,
1121 2024 1260 2091 quod
1309 2024 1442 2076 absit
1479 2026 1490 2076 !
1545 2025 1754 2092 gemina

165 2110 413 2164 formido
464 2113 779 2178 contingat,
809 2127 971 2178 quam
1003 2110 1291 2177 Apostolus
1332 2111 1560 2164 diversis
1609 2111 1761 2178 ponit

173 2200 226 2250 in
257 2198 434 2249 locis:
477 2216 494 2245 ‹
534 2195 694 2248 Vobis
737 2197 952 2265 quidem
996 2197 1159 2250 timeo
1207 2211 1295 2260 ne,
1345 2198 1487 2250 sicut
1533 2211 1759 2266 serpens

173 2287 342 2339 Evam
375 2286 596 2339 seduxit
622 2286 818 2338 astutia
846 2300 966 2348 sua,
997 2285 1069 2337 ita
1113 2294 1527 2353 corrumpantur
1567 2300 1757 2338 sensus

166 2376 377 2437 vestri,
419 2383 477 2427 et
507 2376 759 2428 excidant
787 2389 817 2427 a
855 2374 1200 2442 simplicitate
1237 2390 1355 2443 qua:
1382 2387 1466 2428 est
1501 2375 1552 2428 in
1594 2375 1752 2429 Chri-

169 2473 258 2516 sto
285 2464 416 2517 Jesu
445 2481 460 2527 ;
493 2463 620 2516 iiiilii
663 2472 842 2516 autem
887 2463 1012 2516 illud
1042 2464 1206 2517 timeo
1236 2479 1304 2517 ne
1351 2465 1468 2517 sine
1491 2477 1654 2522 causa
1679 2466 1759 2517 la-

168 2553 486 2608 boraverim
553 2553 602 2603 i‘n
660 2553 808 2606 vobis
852 2552 1022 2620 (Gen.
1053 2567 1145 2618 in;
1187 2551 1246 2606 II
1290 2551 1410 2606 Cor.
1448 2551 1562 2621 xi).
1618 2572 1636 2604 i
1681 2555 1757 2608 De

172 2642 276 2695 illis
318 2643 489 2696 etiam
519 2643 649 2695 dicit
680 2659 690 2694 ε
727 2643 886 2711 712
923 2662 939 2693 ι
982 2642 1113 2695 Nam
1167 2644 1430 2712 ejusmodi
1489 2646 1756 2712 pseudoa-

167 2731 371 2800 postoli
427 2739 556 2785 sunt
605 2733 841 2798 operarii
899 2731 1142 2795 subdoli,
1203 2732 1650 2801 transfigurantes
1699 2749 1759 2787 se

165 2822 226 2875 in
279 2823 564 2890 apostolos
623 2824 846 2886 Christi,
902 2841 1128 2892 quorum
1162 2824 1284 2878 ﬁnis
1315 2827 1755 2881 eritsecundum

159 2927 331 2981 opera
389 2929 585 2966 eorum
621 2913 706 2979 (ll
739 2914 858 2966 Cor.
898 2917 996 2980 xi).
1035 2935 1054 2965 i
1088 2914 1200 2968 Non
1232 2931 1361 2985 ergo
1383 2932 1536 2970 mens
1567 2927 1754 2970 sancta

167 3003 504 3071 participare
559 3017 770 3056 crucem
819 3002 1022 3056 Christi
1080 3005 1131 3056 in
1168 3005 1484 3058 verberibus
1523 3013 1752 3069 metuat,

170 3107 276 3146 non
325 3092 448 3158 ejus
505 3093 884 3146 contumeliam
931 3095 985 3146 in
1033 3093 1275 3147 nuditate
1323 3096 1563 3163 corporis
1621 3109 1751 3150 eru-

165 3184 392 3247 bescat,
455 3199 579 3237 cum
615 3185 726 3251 ipse
782 3186 926 3243 dicat
965 3202 977 3236 :
1026 3204 1044 3234 ι
1077 3184 1176 3249 Qui
1221 3199 1307 3238 me
1365 3187 1644 3239 erubuerit
1699 3173 1826 3239 etC

172 3290 321 3329 meos
367 3290 690 3338 sermones,
751 3276 895 3328 hunc
941 3274 1108 3328 Filius
1158 3274 1392 3327 hominis
1445 3277 1748 3339 erubescet,

170 3380 293 3420 eam
327 3367 545 3420 venerit
573 3366 627 3418 iii
657 3367 932 3434 majestate
961 3381 1052 3419 sua
1074 3405 1088 3426 ,
1132 3375 1186 3418 et
1225 3364 1423 3428 Patris,
1453 3375 1508 3419 et
1535 3381 1750 3422 saneto-

171 3469 289 3506 rum
321 3454 641 3525 angelorum
669 3454 820 3522 (Luc.
853 3455 949 3523 ix).
993 3474 1009 3504 i
1046 3453 1330 3523 Nunquam
1371 3455 1527 3522 plane
1573 3458 1637 3509 de
1665 3457 1747 3509 sui

167 3547 418 3613 corporis
450 3546 695 3598 nuditate
723 3543 1071 3599 confunditur
1100 3546 1188 3612 qui
1214 3545 1359 3597 clara
1407 3546 1604 3598 mentis
1634 3546 1748 3599 acie

1859 1955 1972 2010 net,
2006 1947 2194 2000 dicens
2227 1962 2240 1997 :
2279 1965 2297 1997 ι
2336 1944 2507 1998 Nemo
2543 1955 2777 1997 vestrum
2813 1945 3048 2012 patiatur
3074 1945 3226 2012 quasi
3259 1944 3435 1997 lionii-

1859 2037 2001 2099 cida,
2031 2044 2124 2089 aut
2144 2033 2251 2099 fur,
2282 2046 2374 2088 aut
2407 2034 2728 2097 maledicus,
2765 2043 2854 2086 aut
2897 2034 3195 2088 alienorum
3228 2035 3438 2106 appeti-

1859 2138 1989 2194 tor;
2064 2129 2109 2183 si
2182 2138 2362 2182 autem
2424 2139 2481 2182 ut
2531 2126 2920 2193 Christianus,
2976 2145 3081 2182 non
3146 2129 3438 2182 erubescat

1859 2216 1912 2290 (1
1946 2218 2095 2274 Patr.
2127 2219 2224 2288 iv).
2273 2238 2292 2270 ι
2329 2219 2619 2272 Enimvero
2650 2217 2740 2271 ubi
2785 2217 2889 2270 hoc
2936 2217 3014 2282 lit,
3045 2215 3318 2270 daemones
3362 2216 3440 2270 fii-

1857 2313 2042 2384 giunt.
2093 2321 2150 2366 et
2191 2309 2334 2380 quod
2375 2310 2442 2362 ad
2494 2307 2695 2362 Christi
2747 2307 2972 2376 {loriam
3024 2321 3324 2374 eorumque
3380 2306 3441 2360 lit

1858 2405 2232 2474 ignominiam,
2274 2414 2496 2454 cernere
2533 2399 2979 2467 perhorrescunt.
3031 2396 3168 2450 Huic
3212 2404 3438 2450 econtra

1847 2495 2170 2566 spectaculo
2202 2493 2465 2548 assiStunt
2497 2490 2690 2560 angeli,
2724 2491 2813 2558 qui
2864 2489 3098 2559 gaudent
3141 2489 3206 2539 de
3253 2502 3441 2553 pecca-

1860 2597 1974 2640 tore
2001 2598 2263 2642 converso
2285 2582 2434 2650 (Lac.
2464 2582 2590 2648 xv);
2615 2593 2669 2635 et
2705 2581 2806 2634 hoc
2845 2580 2954 2632 Deo
2991 2577 3289 2647 gaudentes
3341 2591 3440 2629 an-

1857 2675 2128 2733 uuntiant.
2155 2689 2278 2728 cum
2309 2672 2421 2738 jam
2448 2669 2734 2725 invisibilis
2755 2667 2927 2723 Judex
2953 2667 3002 2720 id
3046 2668 3218 2735 ipsum
3251 2682 3348 2736 per
3379 2682 3440 2720 se

1858 2765 2255 2820 delectabiliter
2282 2773 2492 2818 cernat.
2546 2762 2673 2815 Hinc
2695 2772 2778 2814 est
2812 2761 2986 2814 bostia
3016 2774 3136 2827 quae
3165 2759 3282 2811 viva
3318 2772 3440 2811 ma-

1857 2856 2153 2918 ctatur,ad
2179 2854 2349 2909 Deum
2391 2868 2488 2922 per
2536 2851 2758 2919 angelos
2813 2850 2992 2903 oblata
3050 2848 3324 2909 defertur;
3383 2859 3442 2902 et

1857 2945 1938 3001 sic
1975 2945 2198 3000 humani
2269 2941 2518 3011 ceiporis
2562 2941 2781 2994 victima
2833 2940 2904 2992 illi
2961 2940 3121 2993 unico
3169 2939 3441 2994 sacriﬁcio

1859 3036 2005 3105 quod
2035 3034 2088 3086 iii
2127 3048 2222 3086 ara
2261 3033 2442 3086 ciucis
2488 3030 2729 3084 oblatum
2778 3039 2882 3094 est,
2942 3030 3284 3084 invisibiliter
3315 3043 3441 3096 pcr-

1859 3125 2148 3188 miscetur;
2183 3132 2240 3177 et
2287 3122 2452 3176 sicin
2509 3136 2616 3176 uno
2648 3124 2901 3176 thesauro
2951 3122 3277 3176 sacriﬁcium
3325 3137 3437 3174 om-

1857 3228 1924 3270 ne
1983 3213 2329 3276 reconditur,
2380 3212 2632 3266 videlicet
2689 3221 2743 3265 et
2807 3212 2951 3280 quod
3011 3209 3437 3278 unumquodque

1852 3305 2188 3364 membrum,
2240 3309 2294 3354 et
2347 3301 2490 3370 quod
2549 3309 2712 3370 caput
2771 3300 3013 3354 omnium
3068 3299 3266 3353 obtulit
3318 3301 3432 3354 cle-

1853 3405 2086 3448 ctorum.

2178 3481 2257 3535 Sit
2295 3497 2478 3534 nomen
2521 3480 2727 3532 Domini
2767 3479 3112 3533 benedictum.

2457 3745 3402 3773 ————-—-———————_~

232 3877 600 3952 πει-⁷η
652 3897 1428 4002 OPUSCULUM
1491 3895 2627 4020 QUADBAGESIMUM
2687 3894 3364 4021 QUARTUM.

809 4099 915 4158 DE
953 4098 1224 4160 DECEM
1266 4086 1585 4160 EGYPTI
1642 4102 1958 4174 PLAGIS,
2016 4102 2284 4174 ATQUE
2329 4101 2784 4163 DECALOGO.

1739 4289 1998 4301 -—_

166 4417 567 4471 Αιςυιεκτυιι.
600 4442 667 4450 -
692 4409 999 4462 Perniciosa
1032 4408 1275 4481 quaedam
1304 4416 1358 4481 et
1389 4408 1661 4461 teterrima
1694 4409 1844 4481 vitia,
1889 4424 2010 4481 quae
2049 4409 2117 4462 ab
2143 4408 2433 4481 omnibus,
2472 4418 2524 4481 ct
2553 4409 2822 4478 praecipue
2869 4397 2937 4464 ab
2974 4410 3042 4465 iis
3086 4413 3178 4481 qui
3227 4413 3430 4468 arctius

234 4489 356 4540 vita:
388 4486 696 4538 institutum
722 4481 1083 4545 arripuerunt,
1119 4478 1381 4550 evitanda
1398 4493 1541 4550 esse,
1576 4493 1671 4550 per
1704 4476 1923 4546 ASgypti
1954 4479 2138 4550 plagas
2167 4479 2389 4550 iudicari
2418 4496 2431 4540 ;
2469 4476 2564 4543 iis,
2607 4476 2864 4548 tauquam
2909 4476 3173 4546 antidota,
3219 4497 3341 4550 qua:
3369 4486 3421 4537 iii

235 4556 503 4624 [)ecalogo
529 4544 877 4605 continentur
907 4558 1172 4617 praecepta
1211 4547 1418 4614 singula
1441 4549 1669 4616 singulis
1695 4563 1757 4598 ex
1792 4544 2066 4602 diametro
2090 4549 2286 4618 apponi
2319 4550 2496 4602 docet.

229 4715 596 4772 Dilectissimo
625 4709 777 4762 fratri
805 4707 989 4762 Joxnm
1016 4706 1128 4772 jam
1151 4721 1254 4760 non
1282 4705 1566 4767 Laudensi,
1594 4704 1739 4759 ideo-
1767 4709 1816 4769 ι)
1845 4706 1953 4760 rica
1983 4707 2246 4768 munitus,
2294 4716 2345 4760 et
2388 4706 2782 4782 insurgentium
2831 4706 3066 4761 hostium
3110 4705 3292 4772 jacula
3333 4723 3422 4762 re-

163 4825 266 4880 que
293 4804 552 4862 laudabili
602 4803 739 4864 viro,
795 4800 1009 4853 l‘ersus
1040 4808 1290 4868 peccator
1325 4798 1619 4852 monachus
1647 4814 1736 4850 viii-

165 4911 329 4956 ternae
364 4893 672 4953 dilectionis
700 4891 968 4944 allectum.

229 4984 618 5054 Contempsisti
657 4997 844 5049 nuper,
884 4981 980 5044 (ili,
1026 4980 1381 5040 Pharaonem,
1440 4989 1492 5033 et
1521 4980 1739 5048 superbi

165 5079 306 5148 regis
358 5092 422 5130 ae
467 5072 824 5143 opprimentis
862 5071 1078 5140 ,λεωριί
1119 5071 1278 5125 simul
1311 5070 1650 5125 abominatus
1679 5086 1738 5124 es

165 5169 480 5223 servitutem
508 5180 522 5227 ;
549 5175 769 5216 necesse
796 5169 881 5214 est
917 5176 1046 5229 ergo
1076 5175 1220 5214 nunc
1259 5169 1339 5223 ut,
1366 5159 1616 5228 gradiens
1645 5174 1742 5226 per

165 5260 465 5320 desertum,
520 5253 686 5310 multa
727 5253 1080 5306 tentationuin
1111 5266 1309 5320 genera
1347 5251 1579 5312 subeas,
1621 5250 1740 5304 sitis

166 5363 226 5403 ac
257 5347 416 5401 famis
443 5344 680 5413 inopiam
712 5342 974 5411 perferas,
1007 5350 1063 5394 et
1083 5343 1164 5395 sic
1189 5356 1286 5409 per
1314 5354 1614 5393 aerumnosa
1647 5355 1737 5408 pe-

167 5437 332 5492 ricula
390 5436 728 5500 diversaeque
775 5430 1100 5485 calamitatis
1129 5431 1405 5499 angustias
1433 5429 1499 5482 ad
1539 5441 1734 5482 terram

168 5524 600 5595 npromissionis
633 5522 884 5590 attingas.
918 5519 1142 5588 Oportet
1166 5535 1294 5590 ergo
1326 5531 1377 5572 te
1407 5520 1472 5573 :id
1499 5528 1734 5573 montem

169 5611 310 5669 Sinni
331 5629 454 5670 cum
487 5610 753 5666 llebraico
792 5609 985 5677 populo
1015 5607 1299 5666 festinare.
1327 5618 1381 5664 et
1413 5608 1522 5660 illic
1544 5608 1737 5659 divina:

169 5702 295 5773 legis
318 5703 572 5759 mandata
602 5700 897 5768 percipere,
935 5707 1014 5762 ut,
1045 5700 1126 5750 bis
1147 5706 1398 5765 tamquam
1427 5696 1546 5749 telis
1568 5713 1626 5749 ac
1679 5715 1736 5749 u-

1840 4812 2004 4866 spuas
2036 4807 2091 4850 et
2142 4797 2518 4866 ingruentibus
2549 4798 2878 4865 quibuslibet
2906 4798 3298 4853 adversitatuiu
3331 4815 3423 4854 ca—

1841 4886 1989 4940 sibus
2022 4902 2126 4939 iion
2171 4885 2512 4940 succimibas.
2559 4887 2662 4940 Sed
2695 4887 2808 4940 haec
2844 4887 2928 4940 lex
2960 4889 3080 4941 data
3109 4899 3191 4941 est
3227 4889 3424 4957 pop-.ilo

1840 4977 2286 5046 quinquagesimo
2320 4977 2404 5030 die
2447 4987 2731 5046 postquam
2760 4980 2959 5046 egressi
3013 4990 3136 5033 sunt
3159 4996 3224 5034 ex
3249 4981 3422 5050 Egy-

1843 5076 1952 5132 pto.
2009 5066 2500 5136 Quinquagesimus
2547 5079 2726 5122 autem
2782 5085 3038 5124 numerus
3091 5073 3424 5138 paiiiteiitiie

1843 5155 2143 5220 dedicatur,
2172 5158 2308 5210 sicut
2335 5171 2432 5226 per
2471 5157 2636 5210 multa
2660 5157 3060 5226 Scripturarum
3103 5173 3419 5228 argumenta

1848 5246 2140 5315 colligitur.
2188 5246 2339 5312 Quod
2396 5256 2452 5301 et
2493 5246 2753 5302 Jubilaius
2807 5250 3077 5317 significat
3117 5265 3312 5314 anuus,
3369 5261 3415 5304 rt

1840 5337 2317 5405 quinquagesimus
2373 5335 2459 5390 ille
2511 5337 2770 5406 psalmus,
2824 5354 2987 5406 quem
3030 5339 3199 5393 David
3246 5341 3427 5408 pumi-

1843 5427 2002 5479 teudo
2027 5427 2337 5496 descripsit.
2373 5428 2440 5480 Et
2461 5429 2603 5483 sicut
2629 5429 2702 5482 illi
2727 5430 2780 5482 in
2807 5429 3098 5500 Evangelio
3121 5430 3420 5495 debitores.

1841 5532 2070 5585 quorum
2119 5517 2259 5570 alter
2302 5519 2650 5588 quingentos,
2699 5520 2835 5574 alter
2877 5522 3112 5576 debebat
3155 5522 3424 5592 quinqua-

1837 5606 1983 5672 ginta
2035 5606 2286 5660 denarios
2315 5605 2468 5672 (Luc.
2502 5610 2638 5675 vii);
2697 5610 2768 5662 ita
2818 5624 3033 5680 quoque
3072 5612 3164 5680 qui
3194 5612 3420 5666 debebat

1841 5700 2053 5750 centum
2079 5697 2240 5751 cados
2266 5695 2392 5761 olei,
2427 5699 2814 5768 quinquaginta
2843 5700 3081 5755 sﬂlbere
3114 5701 3302 5771 jussus
3339 5702 3433 5758 est
