5882 6642
12 0 2456 254 γ

11 6303 865 6634 hu»

2491 474 2594 530 687

2954 475 3010 532 S.
3036 474 3236 532 PETRI
3273 473 3554 537 DAXIANI
3591 472 3743 532 OPP.
3777 471 4011 532 TOHUS
4051 472 4182 530 SEU
4219 471 4398 529 PARS
4435 471 4523 528 ΙΙΙ.
4551 505 4619 514 -
4659 472 5017 532 οιτιιδειιιηι
5056 477 5277 534 VADIA.

5627 479 5715 540 638

2489 590 2642 664 (Luc.
2679 590 2810 660 xvi).
2855 587 2983 656 Quae
3015 589 3262 644 videlicet
3303 589 3482 644 omnia
3513 588 3848 658 pmnitentize
3867 597 4060 643 oaora-
4094 591 4140 648 Α
4167 583 4242 639 illi
4271 587 4363 654 qui
4391 590 4700 643 vulneratus
4723 604 4751 642 a
4786 589 5089 644 latronibus
5120 595 5315 659 luerat,
5345 591 5580 662 alligavit
5610 596 5715 646 vul-

2489 687 2672 736 menta
2700 676 2990 733 salubriter
3016 677 3243 744 spirant,
3277 677 3322 730 si
3352 692 3457 731 non
3489 676 3667 731 desint
3707 691 3866 730 nares
3905 673 4063 728 intel-

2487 769 2741 842 ligentize.
2787 782 2904 837 quas
2935 767 3174 836 mysterii
3214 767 3568 838 fragrantiam
3612 770 3878 839 sagaciter
3899 775 4066 819 attra-

2487 861 2641 916 hant.
2673 859 2744 915 Ut
2790 874 2918 930 ergo
2954 866 3149 927 (lignus
3177 859 3253 913 sis
3281 861 3478 914 divina:
3515 861 3648 930 legis
3686 861 3860 914 edicta
3893 860 4064 913 susci-

2487 963 2638 1020 pere,
2676 959 2726 1002 te
2751 962 2847 1017 per
2869 949 3237 1016 paenitentiam
3286 949 3518 1019 corrige,
3577 948 3833 1018 praeteriti
3882 957 4063 1002 reatus

2485 1039 2786 1110 nequitiam
2814 1037 3102 1101 confitere;
3132 1048 3184 1092 et
3214 1040 3313 1104 sic,
3346 1041 3484 1094 intra
3514 1041 3841 1109 ptenitentize
3872 1055 4061 1094 nume-

2486 1143 2604 1181 rum
2638 1141 2883 1188 currens,
2919 1142 2983 1181 ex
3024 1126 3362 1183 confessione
3413 1127 3615 1195 peccati
3662 1128 3947 1195 pervenies
3995 1127 4061 1181 ad

2487 1227 2724 1272 montem
2761 1217 2875 1271 Dei.
2905 1217 2974 1270 Et
2995 1217 3095 1272 hoc
3120 1218 3395 1287 aptissime
3421 1218 3669 1284 congruit
3705 1217 3848 1286 quod
3907 1233 4062 1271 mons

2487 1308 2575 1363 ille
2614 1307 2766 1362 Sinai
2823 1307 3039 1371 dicitur,
3099 1308 3242 1377 quod
3287 1308 3446 1360 rubus
3501 1308 3905 1376 interpretatur.
3960 1307 4062 1361 Per

2486 1397 2679 1451 rubum
2713 1412 2861 1459 sane,
2909 1397 3000 1466 qui
3034 1397 3202 1465 spinis
3232 1398 3467 1465 undique
3509 1398 3763 1467 cingitur,
3814 1410 4061 1468 peccato-

2483 1503 2603 1540 rum
2634 1497 2962 1550 nostrnrum,
3013 1501 3130 1555 qua:
3161 1485 3446 1540 Dominum
3490 1496 3754 1558 pungunt,
3794 1490 4058 1556 asperitas

2483 1578 2812 1644 designatur.
2873 1576 3024 1630 Unde
3073 1592 3168 1646 per
3203 1576 3495 1632 Jeremiam
3544 1580 3782 1633 dicitur:
3822 1599 3837 1629 ι
3875 1581 4056 1648 Spinis

2480 1677 2827 1734 peccatorum
2873 1681 3091 1720 suorum
3147 1667 3504 1721 circumdedit
3556 1683 3639 1722 me
3688 1669 3914 1736 populus
3968 1670 4056 1722 hic
4099 1727 4106 1742 Ι,

2482 1755 2698 1826 (Thren.
2726 1758 2831 1826 ιιι).
2867 1775 2884 1808 ι
2933 1757 3001 1810 Ει
3027 1759 3080 1810 in
3105 1758 3424 1828 Apocalypsi
3473 1759 3702 1828 legitur:
3744 1779 3762 1811 ι
3797 1760 3933 1826 Quia
3978 1762 4056 1814 vi-

2483 1849 2629 1902 debit
2663 1864 2783 1901 eum
2816 1849 2991 1902 omnis
3033 1849 3237 1912 oculus,
3277 1859 3330 1903 et
3357 1852 3446 1917 qui
3497 1864 3616 1903 eum
3669 1863 4050 1921 pupugerunt;

2485 1947 2539 1991 et
2569 1939 2822 2008 plangent
2850 1954 2908 1992 se
2938 1953 3098 2007 super
3146 1955 3203 1992 se
3230 1955 3418 1993 omnes
3450 1942 3620 1994 tribus
3658 1951 3814 1995 terrm
3867 1944 4048 2012 (Apoc.
4084 1927 4126 1985 Β

2483 2027 2542 2094 ι).
2582 2045 2600 2077 ι
2636 2026 2732 2080 llic
2757 2032 2938 2094 itaque
2968 2042 3118 2081 mons
3140 2037 3379 2081 sanetam
3411 2030 3718 2098 prreligurat
3739 2031 4056 2094 Ecclesium,

2481 2115 2536 2168 in
2579 2131 2681 2185 qua
2728 2116 2783 2168 lit
2812 2127 2866 2169 et
2899 2114 3165 2170 confessio
3215 2117 3371 2170 simul
3423 2127 3478 2170 et
3530 2120 3775 2172 remissio
3804 2117 4057 2189 peceato-

2482 2219 2624 2257 rum.
2655 2203 2787 2257 Nam
2818 2204 3028 2274 Moyses
3057 2206 3106 2257 in
3132 2205 3264 2259 rubo
3300 2206 3581 2259 Dominum
3607 2208 3758 2269 vidit,
3794 2209 3882 2275 qui
3910 2210 4056 2262 vide-

2484 2297 2608 2351 licet
2631 2298 2796 2352 rubus
2823 2298 3148 2362 Ecclesium,
3190 2299 3240 2352 iu
3269 2315 3372 2367 qua
3406 2300 3661 2352 Dominus
3693 2300 3921 2361 videtur,
3958 2317 4055 2353 cx-

2479 2387 2696 2456 pressit.
2734 2385 2882 2441 Unde
2918 2397 2970 2439 et
3000 2389 3136 2441 idem
3167 2388 3375 2458 Moyses
3405 2403 3525 2441 eum
3559 2399 3797 2455 peteret,
3829 2391 4013 2442 dicens
4041 2407 4054 2441 :

2488 2495 2506 2526 ι
2563 2476 2621 2530 Si
2665 2477 2839 2531 inveni
2877 2479 3105 2546 gratiam
3150 2488 3272 2530 ante
3317 2489 3400 2539 te,
3434 2479 3654 2531 ostende
3706 2479 3834 2531 mihi
3871 2489 4059 2532 temet-

2479 2566 2655 2634 ipsum
2694 2565 2999 2630 manifeste,
3028 2577 3085 2619 ut
3110 2567 3319 2621 videam
3359 2579 3408 2620 te
3437 2568 3634 2634 (Exod.
3661 2576 3876 2635 xum).
3916 2589 3933 2620 ι
3960 2569 4054 2622 Cui

2483 2669 2798 2723 responsum
2837 2664 2920 2708 est
2963 2665 3020 2709 ut
3051 2671 3211 2725 supra
3244 2668 3451 2726 petram
3482 2667 3672 2721 staret,
3721 2671 3772 2710 et
3797 2660 3920 2711 inde
3951 2659 4057 2713 Do-

2483 2745 2612 2798 mini
2670 2747 2966 2814 posteriora
3011 2747 3372 2814 conspiceret.
3440 2747 3598 2800 Petra
3664 2748 3918 2800 nimirum
3965 2748 4054 2801 illa

2481 2833 2614 2888 fides
2643 2844 2743 2896 est,
2795 2850 2958 2904 super
2997 2851 3160 2904 quam
3206 2836 3443 2889 Ecclesia
3481 2835 3751 2890 catholica
3783 2839 4052 2891 construi-

2480 2934 2591 2986 tur,
2631 2923 2773 2978 unde
2806 2924 3061 2977 Dominus
3091 2925 3325 2977 videtur.

2996 3011 3222 3067 CAPUT
3257 3011 3542 3067 PRIMUM.

2597 3105 2750 3171 Quod
2776 3105 2948 3157 divina
2987 3103 3070 3157 lex
3093 3106 3158 3158 sit
3184 3107 3612 3158 medicamentum
3639 3105 3933 3174 plagarum.

2549 3194 2630 3248 Ab
2672 3195 2770 3248 hoc
2800 3210 2926 3262 ergo
2954 3203 3132 3246 monte
3159 3193 3522 3246 necessarium
3545 3205 3628 3246 est
3656 3196 4050 3248 medicamenta

4167 688 4295 728 nera
4326 674 4471 743 ejus,
4503 677 4789 732 infundens
4813 677 4988 732 oleum
5022 689 5074 734 et
5105 680 5284 735 viuum
5309 679 5456 750 (Luc.
5491 685 5565 751 κ).
5597 682 5717 738 lline

4166 771 4248 818 est
4294 765 4436 832 quod
4458 781 4554 834 per
4581 765 4914 820 Ezecliieletn
4943 768 5245 836 pollicetur,
5276 769 5456 824 dicens
5481 788 5494 823 :
5523 790 5541 822 ι
5577 772 5717 838 Quod

4165 855 4400 925 perierat
4451 858 4747 925 requiram,
4804 869 4858 912 et
4890 861 5031 928 quod
5068 859 5333 927 abjectum
5368 859 5538 916 fuerat
5570 862 5715 916 redu-

4165 960 4282 998 cam
4307 983 4322 1009 ,
4374 953 4427 998 et
4453 947 4594 1014 quod
4625 946 4959 1001 confractum
4983 949 5160 1002 fuerat
5188 950 5411 1019 alligabo
5433 990 5447 1014 ,
5491 960 5543 1004 et
5588 951 5716 1018 quod

4164 1037 4438 1090 infirmum
4486 1039 4664 1091 fuerat
4694 1039 5038 1094 eonsolidabo
5070 1034 5285 1110 (li'zerli.
5332 1049 5460 1110 ην).
5491 1061 5510 1093 ι
5555 1041 5716 1110 Plagis

4164 1127 4327 1197 igitur
4353 1126 4510 1182 facta:
4555 1139 4678 1181 sunt
4718 1131 4772 1183 in
4804 1128 5058 1202 Egypto,
5085 1132 5210 1200 quia
5253 1131 5498 1186 humanm
5535 1131 5716 1185 animai

4163 1215 4383 1268 vulnera
4410 1215 4725 1283 inlliguntur
4771 1218 4825 1271 in
4874 1221 5094 1272 mundo.
5144 1218 5374 1275 Necesse
5411 1229 5491 1275 est
5521 1234 5642 1289 ergo
5664 1228 5717 1273 ut

4163 1308 4430 1362 vulnerati
4464 1310 4664 1378 quique
4697 1311 4762 1365 ad
4794 1324 5029 1367 montem
5065 1314 5243 1376 Siuai,
5283 1314 5386 1368 hoc
5412 1325 5494 1368 est
5531 1315 5596 1368 ad
5621 1314 5714 1368 Ec-

4161 1399 4404 1462 clesiam,
4452 1403 4706 1465 veniant,
4758 1412 4814 1456 ut
4861 1418 5046 1458 eorum
5082 1404 5298 1458 vulnera
5344 1413 5715 1474 praeceptorum

4159 1486 4461 1542 cmlestium
4516 1505 4686 1544 nexus
4725 1492 5046 1561 astringant.
5082 1491 5214 1546 Nam
5249 1502 5375 1562 quot
5422 1492 5585 1563 plaga
5613 1493 5719 1546 fue-

4160 1588 4302 1644 rant,
4347 1590 4424 1633 tot
4473 1594 4736 1650 praecepta
4792 1593 4917 1636 sunt
4969 1584 5226 1639 divinitus
5266 1584 5617 1654 promulgata,
5665 1592 5719 1638 ut

4158 1678 4288 1735 quot
4317 1678 4442 1722 sunt
4485 1671 4700 1724 vulnera
4739 1673 4919 1725 cordis
4962 1673 5170 1743 mgroti,
5209 1675 5428 1728 totidem
5471 1675 5578 1727 sint
5611 1688 5714 1727 mc-

4157 1757 4462 1811 dicamenta
4523 1774 4642 1828 qua:
4674 1759 4778 1814 illis
4806 1760 5017 1815 valeant
5043 1761 5306 1816 adhiberi.

4782 1892 5008 1947 CAPUT
5051 1892 5113 1947 ll.

4486 2004 4564 2058 De
4592 2005 4784 2059 divina!
4813 2006 4938 2074 legis
4964 2006 5398 2076 promulgatione.

4232 2116 4334 2170 Sed
4367 2125 4654 2183 antequam
4687 2117 4750 2170 de
4793 2116 5067 2185 plagarum
5109 2131 5172 2170 ac
5223 2116 5466 2185 legalium
5509 2117 5721 2171 manda-

4161 2215 4335 2262 torum
4367 2207 4621 2260 concordi
4657 2221 4880 2259 numero
4916 2208 5270 2275 disputemus,
5324 2207 5602 2261 dicendum
5643 2217 5720 2260 est

4159 2298 4302 2364 quia,
4327 2297 4465 2349 sicut
4510 2298 4951 2365 quinquagesimo
4983 2297 5099 2359 die,
5130 2306 5408 2366 postquam
5464 2297 5719 2364 paschalis

4161 2403 4328 2454 agnus
4359 2388 4569 2439 occisus
4599 2396 4681 2438 est
4730 2386 4925 2455 (Exod.
4962 2402 5052 2444 xu,
5096 2401 5205 2450 xix,
5275 2385 5362 2452 xx)
5392 2426 5406 2449 ,
5436 2384 5721 2438 Hebraicus

4158 2478 4387 2546 pupulas
4440 2476 4634 2545 legitur
4669 2480 4940 2545 accepisse
4970 2476 5289 2545 Decalogum
5316 2493 5330 2537 ;
5359 2479 5428 2529 ita
5460 2476 5721 2531 nihilomi-

4162 2585 4260 2621 nus
4291 2585 4317 2621 a
4344 2570 4735 2622 resurrectione
4770 2569 4976 2622 Domini
5011 2569 5453 2638 quinquagesimo
5479 2569 5720 2623 similiter

4163 2661 4248 2713 die
4277 2660 4511 2728 Spiritus
4547 2670 4763 2712 sanctus
4794 2674 4956 2727 super
4983 2659 5250 2727 apostolos
5281 2659 5420 2712 visus
5445 2670 5527 2713 est
5557 2660 5609 2713 iu
5638 2675 5719 2712 va-

4160 2750 4350 2802 rietate
4387 2749 4688 2815 linguarum
4721 2750 4856 2816 (Art.
4889 2751 4969 2816 ιι).
5016 2749 5128 2803 Illic
5159 2752 5324 2819 digito
5366 2750 5454 2803 Dei
5488 2749 5569 2802 lex
5599 2763 5717 2818 per-

4158 2839 4371 2892 hibetur
4398 2839 4562 2892 fuisse
4587 2840 4878 2907 descripta,
4911 2851 4963 2892 et
4993 2839 5229 2909 Spiritus
5259 2851 5494 2900 sanctus,
5528 2843 5616 2910 qui
5643 2843 5719 2893 die

4154 2926 4501 2982 Pentecostes
4550 2928 4824 2996 discipulis
4879 2930 5032 2980 datus
5082 2939 5185 2990 est,
5224 2930 5418 2999 digitus
5467 2929 5555 2982 Dei
5598 2931 5719 2984 dici-

4162 3025 4267 3077 tur,
4296 3018 4436 3068 sicut
4475 3017 4587 3083 ipse
4613 3016 4866 3069 Dominus
4886 3018 4959 3070 ait
4995 3031 5008 3069 :
5047 3036 5064 3067 ι
5105 3018 5158 3070 Si
5188 3018 5237 3071 in
5271 3020 5431 3088 «igito
5457 3020 5546 3072 Dei
5571 3021 5720 3088 ejieio

4158 3107 4440 3168 diemonia,
4470 3105 4710 3173 profecto
4733 3105 4972 3174 pervenit
5002 3107 5052 3158 in
5082 3121 5172 3159 vos
5209 3123 5424 3176 regnum
5457 3108 5546 3161 Dei
5577 3107 5718 3176 (Luc.

4160 3201 4256 3267 xi).
4288 3219 4305 3251 ι
4356 3200 4519 3254 Audit
4551 3200 4659 3253 illic
4688 3202 4914 3268 populus
4947 3215 5102 3255 voces
5142 3211 5302 3269 atque
5328 3201 5554 3254 toui'ura
5585 3202 5724 3253 elan-

2479 3285 2784 3352 SUSCipel‘e.
2817 3298 2936 3352 quae
2978 3293 3028 3337 le
3067 3283 3277 3335 valeant
3305 3283 3372 3336 ab
3415 3299 3480 3338 eo
3522 3300 3682 3352 quem
3719 3286 3770 3337 in
3816 3285 4049 3355 [Egypto
4078 3276 4121 3336 C
4154 3307 4448 3362 goremque
4504 3291 4745 3345 bttceinm
4787 3302 5252 3360 perstrepentem;
5297 3292 5482 3361 aspicit
5532 3293 5725 3356 lampa-

2478 3382 2829 3428 eontraxeras
2887 3371 3144 3442 languore
3197 3388 3412 3426 sanare.
3477 3372 3615 3438 Quid
3664 3376 3808 3427 enim
3882 3377 4051 3445 plagze

2477 3481 2598 3534 quae
2634 3465 2685 3518 in
2712 3461 2946 3535 Aigypto
2990 3463 3147 3517 factae
3187 3473 3336 3527 sunt,
3388 3465 3488 3518 nisi
3543 3465 3810 3519 vulnera?
3840 3479 3893 3521 et
3922 3470 4049 3536 quid

2479 3556 2564 3610 lex
2591 3555 2679 3608 illa
2709 3555 2964 3617 caelestis,
3012 3555 3114 3607 nisi
3141 3557 3452 3608 eorumdem
3498 3555 3598 3610 fuit
3624 3558 3904 3612 vulnerum
3935 3575 4048 3613 me-

2479 3645 2702 3700 dicina?
2745 3645 2911 3700 Debet
2938 3647 3081 3699 enim
3113 3661 3207 3714 per
3234 3646 3626 3702 confessionem
3662 3661 3911 3718 peccator
3935 3653 4049 3705 cln—

2480 3738 2619 3790 vieni
2652 3736 2732 3789 sui
2764 3744 2943 3788 reatus
2980 3749 3248 3798 evomere,
3292 3746 3348 3789 et
3384 3739 3462 3790 sic
3508 3741 3835 3806 pmnitentim
3887 3759 4050 3810 pocu-

2482 3824 2590 3877 lum
2617 3825 2685 3878 de
2717 3824 2934 3878 vasculo
2966 3825 3162 3878 divina:
3191 3825 3321 3892 legis
3353 3826 3592 3882 haurire.
3627 3828 3721 3883 llic
3751 3833 3892 3885 enim
3941 3849 4055 3886 sor-

2479 3917 2636 3969 betur
2655 3913 2948 3978 antidotus,
2983 3923 3039 3966 ut
3066 3915 3258 3968 anima:
3289 3915 3591 3986 languentis
3613 3920 3874 3986 aegritudo
3898 3938 4055 3978 sane—

2480 4013 2589 4056 tur.
2618 4003 2786 4059 Porro
2815 4012 2995 4058 autem
3036 4005 3227 4058 anima:
3247 4007 3554 4061 carnalibus
3581 4008 3848 4066 illecebris
3876 4015 4050 4068 disso-

2482 4095 2609 4147 luta:
2669 4109 2766 4162 per
2822 4093 3154 4162 voluptatum
3216 4110 3432 4149 suarum
3510 4115 3729 4169 campos
3791 4113 3846 4157 et
3903 4115 4054 4173 prata

2480 4186 2812 4248 discurrunt,
2842 4194 2918 4249 et,
2943 4196 3196 4254 tanquam
3220 4183 3447 4240 effrenes
3471 4190 3612 4256 equi,
3637 4207 3730 4259 per
3754 4192 4061 4247 lenocinan-

2482 4281 2555 4334 tis
2577 4278 2882 4348 petulantize
2921 4278 3287 4332 blandimenta
3320 4279 3624 4334 lasciviunt.
3692 4282 4061 4339 Cohortantur

2455 4364 2627 4426 enim
2654 4387 2713 4426 se
2738 4371 3010 4434 vicissim,
3058 4372 3198 4425 sicut
3229 4372 3362 4425 liber
3391 4371 3683 4441 Sapientia:
3721 4386 3973 4442 testatur,
4007 4388 4062 4432 et

2484 4463 2712 4516 dicunt:
2749 4479 2767 4513 ι
2802 4460 3012 4525 Venite,
3062 4471 3115 4515 et
3147 4461 3390 4516 fruamur
3437 4464 3591 4520 bonis
3635 4483 3754 4535 qua:
3797 4479 3946 4533 sunt,
4005 4481 4061 4525 et

2483 4563 2701 4608 utamur
2749 4561 2995 4606 creatura
3045 4561 3295 4619 tanquam
3350 4555 3401 4607 in
3447 4554 3729 4623 juventute
3774 4560 4054 4628 celeriter;

2479 4647 2610 4699 vino
2658 4643 2896 4712 pretioso
2948 4652 3003 4697 et
3050 4644 3208 4714 715
3265 4649 3549 4714 unguentis
3588 4665 3685 4703 nos
3715 4651 4055 4721 impleamus,
4089 4629 4135 4687 θ

2483 4743 2536 4787 ct
2578 4748 2685 4787 non
2711 4741 2995 4802 praetereat
3033 4749 3126 4786 nos
3159 4735 3256 4787 llos
3292 4738 3584 4806 temporis;
3615 4755 3934 4799 coronemus
3962 4764 4059 4803 nos

2486 4818 2652 4880 rosis,
2707 4828 2989 4886 antequam
3046 4832 3413 4886 marcescant;
3469 4825 3669 4878 nullum
3730 4838 3940 4895 pratum
3988 4838 4060 4889 sit

2483 4908 2632 4977 quod
2664 4923 2766 4961 non
2800 4919 3134 4977 pertranseat
3158 4911 3363 4967 luxuria
3394 4924 3600 4979 nostra,
3628 4934 3787 4972 nemo
3819 4934 4059 4980 nostrum

2487 5002 2558 5053 sit
2631 5014 2820 5054 exsors
2871 5001 3096 5055 luxuria:
3152 5014 3386 5067 nostrze;
3443 5007 3642 5077 ubique
3696 5011 4067 5081 relinquamus

2488 5094 2644 5161 signa
2685 5091 2883 5144 laetitias
2912 5092 3063 5163 (Sep.
3101 5095 3183 5164 ιι).
3219 5113 3237 5146 i
3291 5096 3379 5150 lsti
3413 5099 3665 5155 nimirum
3720 5101 4075 5162 lascivientes'

2487 5193 2543 5237 et
2589 5182 2897 5237 hiunientes
2937 5185 3059 5253 equi
3105 5195 3305 5253 quanto
3350 5189 3646 5259 pinguioris
3693 5197 3894 5250 arvinae
3941 5209 4064 5252 sunt

2490 5275 2686 5328 robore
2733 5273 2936 5338 validi,
2990 5284 3138 5330 tanto
3194 5278 3513 5335 intrinsecus
3563 5283 3843 5341 deterioris
3889 5293 4060 5344 morbi

2491 5372 2792 5418 noscuntur
2826 5365 3146 5434 aegritudine
3175 5367 3449 5434 dissoluti;
3484 5381 3684 5428 etcum
3720 5376 3824 5432 illis
3849 5377 4060 5434 frenum

2495 5455 2693 5509 divinze
2719 5455 2852 5526 legis
2902 5457 3208 5522 adhibetur,
3247 5461 3373 5528 quid
3420 5464 3560 5518 aliud
3591 5481 3749 5534 quam
3803 5484 3972 5524 nexus
4001 5487 4061 5526 ac

2493 5545 2767 5600 vinculum
2824 5549 3258 5615 putrescentibus
3313 5555 3565 5610 membris
3627 5559 3950 5628 apponitur;
4005 5573 4063 5617 ut

2496 5636 2638 5706 quod
2679 5636 2956 5693 dehiscere
2992 5653 3211 5708 prorsus
3255 5658 3320 5698 ac
3351 5642 3516 5700 liuere
3559 5661 3816 5719 coeperat,
3859 5670 4062 5723 [ιι-ξιξερ-

2497 5736 2711 5796 ptorum
2786 5728 3083 5784 caelestium
3138 5735 3450 5790 retinaculis
3506 5741 3874 5811 astringatur?
3926 5745 4062 5803 llinc

2498 5826 2583 5871 est
2623 5819 2763 5887 quod
2797 5821 3137 5890 evangelicus
3186 5825 3274 5881 ille
3331 5827 3707 5886 Samaritanus
3740 5839 4059 5903 appmpians

4155 3386 4246 3436 des
4288 3393 4341 3436 et
4387 3383 4592 3451 fulgura
4648 3392 4992 3451 montemque
5039 3385 5355 3436 fumantem.
5415 3382 5466 3435 ln
5510 3384 5725 3435 vocibus

4155 3490 4347 3542 nempe
4399 3484 4452 3527 et
4497 3474 4752 3527 tonitruis
4785 3490 4846 3526 ac
4887 3475 5024 3543 ιιιιιιι)
5075 3474 5412 3544 clangoribus
5443 3475 5724 3526 vehemens

4154 3565 4358 3617 clamor
4412 3573 4496 3619 est
4553 3566 5005 3635 prmdicantium,
5059 3566 5108 3619 in
5164 3566 5493 3634 lampadibus
5550 3577 5726 3618 autem

4155 3664 4316 3722 atque
4348 3653 4648 3724 fulguribus
4677 3657 4896 3710 claritas
4921 3657 5319 3711 miraculorum.
5371 3656 5499 3722 Qua:
5523 3659 5728 3710 scilicet

4155 3745 4336 3797 omnia
4389 3744 4560 3798 sancti
4609 3745 4842 3813 Spiritus
4886 3756 5009 3799 sunt
5056 3748 5255 3799 virtute
5294 3747 5594 3814 completa;
5629 3761 5728 3814 quo

4157 3835 4442 3905 ﬂagrantes
4467 3837 4693 3904 apostoli
4738 3839 4788 3891 in
4825 3839 5171 3893 varietatibus
5203 3839 5481 3893 intonuere
5528 3840 5729 3910 lingua-

4159 3944 4296 3989 rum,
4331 3938 4383 3980 et
4409 3928 4688 3982 radiarunt
4721 3930 5004 3996 splendore
5047 3933 5324 3983 virtutum.
5368 3931 5516 3996 Quod
5550 3942 5729 3985 autem

4159 4020 4417 4072 Dominus
4450 4020 4501 4072 in
4554 4020 4672 4089 igne
4711 4020 4866 4072 simul
4897 4037 4960 4072 ac.
4991 4021 5135 4074 fumo
5167 4022 5459 4083 descendit,
5509 4024 5729 4090 mystice

4159 4111 4318 4163 (locet
4347 4111 4497 4177 quia,
4521 4109 4659 4162 sicut
4687 4109 4866 4162 fideles
4890 4111 5040 4164 radio
5066 4124 5174 4165 Siue
5197 4110 5517 4180 cognitionis
5541 4110 5732 4162 illumi-

4164 4207 4279 4260 nat,
4315 4200 4394 4251 sic
4434 4199 4726 4252 infidelium
4774 4200 4959 4252 oculos
4989 4201 5138 4267 quasi
5169 4214 5262 4268 per
5294 4200 5614 4269 luniTganles
5652 4211 5730 4254 te-

4164 4289 4358 4342 nebras
4386 4289 4585 4341 erroris
4624 4290 4894 4341 obscurat.
4933 4288 5064 4343 Hinc
5093 4299 5177 4341 est
5218 4288 5355 4357 quod
5395 4288 5650 4342 Dominus
5678 4289 5728 4341 in

4163 4378 4455 4443 Evangelio
4485 4379 4657 4432 dicit:
4698 4398 4713 4428 ι
4751 4379 4859 4445 Ego
4887 4380 4937 4432 in
4985 4382 5128 4433 hunc
5165 4397 5287 4433 mnu
5313 4386 5416 4432 tum
5455 4381 5572 4434 veni
5604 4422 5620 4445 ,
5671 4391 5728 4434 ut

4164 4467 4253 4536 qui
4281 4484 4387 4522 non
4417 4468 4619 4531 vident,
4674 4471 4910 4533 videant,
4956 4480 5008 4523 et
5039 4470 5130 4538 qui
5178 4472 5377 4532 vident,
5433 4473 5556 4524 caici
5603 4473 5730 4526 fiant

4165 4556 4346 4627 (Joau.
4377 4559 4472 4628 ix).
4512 4577 4530 4610 ι
4587 4559 4652 4612 Et
4687 4574 4782 4626 per
4814 4560 5001 4614 Isaiam
5025 4562 5226 4615 dicitur
5257 4578 5268 4614 :
5307 4580 5324 4610 ι
5359 4561 5628 4617 Succensa
5653 4573 5734 4617 est

4164 4649 4318 4715 quasi
4360 4648 4501 4716 ignis
4553 4647 4831 4715 impietas,
4875 4665 5090 4718 veprem
5137 4661 5190 4704 et
5232 4654 5434 4720 Spinam
5479 4655 5726 4718 vorabit;

4164 4749 4218 4792 et
4247 4738 4608 4792 SllCt'Clltlellll‘
4657 4741 4709 4791 in
4755 4739 5021 4795 densitate
5067 4741 5253 4804 saltus,
5305 4745 5735 4799 ctconvolvetur

4164 4830 4414 4898 superbia
4453 4828 4582 4882 fumi
4637 4827 4770 4898 (lea.
4803 4833 4898 4899 Ix).
4940 4851 4955 4879 ι
4993 4832 5096 4885 Sed
5137 4833 5295 4902 716
5329 4835 5578 4901 quoniam
5629 4835 5734 4903 epi-

4165 4921 4351 4975 stulari
4395 4922 4708 4988 compendio
4745 4921 4857 4974 hinc
4897 4934 5230 4976 sacramenta
5281 4935 5727 4992 noncongruunt,

4166 5026 4285 5079 quae
4321 5010 4541 5079 prolixis
4569 5011 4730 5062 etiam
4773 5010 5134 5064 voluminibus
5183 5011 5434 5080 explicari
5483 5014 5566 5066 vix
5607 5029 5731 5082 pos-

4167 5113 4314 5165 sunt,
4343 5104 4620 5156 redeamus
4646 5104 4709 5156 ad
4734 5103 4919 5172 plagas
4939 5101 5154 5173 Egypti
5208 5115 5262 5157 et
5293 5105 5538 5158 mandata
5565 5105 5730 5174 legis;

4170 5212 4222 5255 et
4252 5201 4525 5255 videamus
4552 5201 4678 5256 hinc
4704 5211 4889 5256 nostra
4917 5203 5155 5266 vulnera,
5183 5204 5322 5258 illine
5344 5204 5733 5259 medicamenta

4173 5292 4409 5346 ccelestia
4441 5293 4540 5347 sub
4565 5295 4752 5349 eodem
4788 5310 5012 5349 numero
5040 5296 5298 5349 contineri
5325 5311 5340 5358 ;
5374 5306 5429 5347 ut
5455 5306 5582 5363 quat
5612 5307 5734 5349 sunt

4173 5381 4363 5444 morbi,
4398 5384 4618 5436 totidem
4645 5394 4980 5451 apponuntur
5001 5387 5253 5449 autidoti;
5288 5394 5569 5453 quatenus,
5607 5387 5732 5438 dum

4171 5491 4321 5528 suum
4347 5478 4540 5545 cuique
4566 5476 4771 5529 vulneri
4792 5475 5051 5547 malagma
5084 5478 5270 5532 salutis
5293 5478 5589 5545 apponitur,
5643 5492 5731 5529 ra-

4171 5566 4380 5620 tionalis
4403 5568 4581 5619 anima
4607 5582 4732 5620 mox
4758 5567 4823 5619 ad
4848 5575 5046 5621 statum
5079 5567 5457 5624 incolumitatis
5492 5568 5735 5634 pristina:

4168 5671 4265 5725 per
4297 5658 4476 5711 omnia
4513 5658 4858 5712 reformetur.
4889 5657 5057 5714 Porro
5085 5670 5261 5715 autem
5293 5675 5410 5713 cum
5455 5674 5548 5728 per
5573 5659 5732 5714 lasci-

4170 5747 4269 5798 vize
4311 5744 4507 5800 (luxum
4546 5747 4835 5802 resolvitur
4872 5749 5050 5803 anima
5075 5789 5089 5812 ,
5137 5749 5326 5803 divinae
5359 5747 5490 5818 legis
5536 5747 5735 5817 indiget

4167 5838 4416 5910 ligatura.
4467 5839 4689 5895 Etcum
4740 5840 5117 5898 mandatorum
5169 5840 5463 5897 emlesuum
5507 5839 5732 5895 vinculis
