5882 6634
1720 446 1964 506 OPUSC.
2001 444 2185 502 XLIV.
2226 439 2408 496 -ΒΕ
2452 434 2683 492 ῡΕΟΕΜ
2728 431 3012 490 ,ΕΕΥΡἸῚ
3043 428 3306 488 PLAGIS.

4060 415 4165 473 690

898 572 1163 643 alligatur,
1192 566 1259 623 ad
1289 563 1454 620 robur
1480 569 1677 633 optata:
1707 560 1896 614 salutis
1919 575 2016 629 per
2052 564 2261 625 objecta
2294 562 2471 605 vulnc-
2501 552 2549 605 Α
2578 556 2793 602 nostros
2838 544 3097 601 infestare
3117 557 3243 643 Arion
3283 538 3558 643 desinunt,
3602 534 3844 643 volentes
3890 531 4168 643 quiescere

899 661 1046 719 ribus
1078 658 1318 719 fonienta
1348 653 1649 713 reducitur.

1517 741 1745 800 CAPUT
1786 740 1871 798 ιιι.

1439 836 1520 894 De
1546 838 1715 907 prima
1740 835 1917 907 plaga.

962 934 1076 1005 Age
1102 930 1283 1003 igitur.
1314 929 1489 1001 prima
1517 928 1673 999 plaga
1700 936 1785 983 est
1832 924 1982 994 cum}
2011 938 2165 995 aqua:
2192 927 2479 1008 vertuntur

892 1027 944 1083 in
970 1024 1289 1097 sanguinem
1323 1020 1523 1093 (Exod.
1552 1020 1672 1088 vn).
1720 1017 1892 1072 Porro
1930 1026 2111 1070 autem
2149 1013 2267 1069 ista:
2308 1010 2481 1081 plagze

893 1132 997 1171 non
1025 1114 1160 1170 ﬁunt
1180 1112 1285 1169 nisi
1313 1112 1365 1166 in
1392 1110 1648 1182 Egypto,
1698 1107 1751 1162 id
1777 1114 1862 1161 est
1887 1106 1939 1161 in
1970 1104 2138 1161 corde
2188 1101 2479 1164 tenebroso

891 1219 946 1266 et
997 1207 1233 1275 caligine
1277 1205 1538 1261 cmeitatis
1591 1215 1872 1272 oppresso.
1916 1197 2014 1254 Cui
2065 1194 2275 1251 scilicet
2320 1202 2479 1264 aqiun

893 1306 1184 1355 vertuntur
1207 1297 1259 1352 in
1292 1294 1632 1367 sanguinem,
1668 1304 1789 1346 cum
1812 1306 1957 1346 cmea
2002 1302 2173 1352 nens,
2217 1294 2478 1355 quantum

814 1454 817 1455 ν
888 1390 958 1446 ad
1013 1406 1092 1452 se,
1138 1389 1419 1445 confundit
1454 1401 1518 1465 ac
1569 1384 1731 1439 violat
1787 1396 1949 1439 rectae
1993 1381 2116 1437 fidei
2162 1380 2475 1450 puritatem.

896 1478 1051 1535 Sicut
1080 1479 1224 1535 enim
1259 1492 1355 1549 per
1398 1490 1593 1548 aquam
1624 1488 1813 1530 outaes
1858 1473 1925 1528 de
1972 1471 2270 1527 visceribus
2321 1478 2481 1524 terra:

894 1581 1107 1642 segetes
1135 1569 1423 1641 prodeunt,
1474 1568 1552 1623 sic
1578 1583 1641 1621 ex
1671 1567 1774 1620 fide
1804 1564 2104 1634 Spiritualia
2133 1560 2482 1631 proferuntur

895 1661 1161 1715 alimenta
1178 1658 1457 1713 virtutum.
1499 1655 1652 1711 Tunc
1681 1655 1844 1724 igitur
1881 1668 2020 1721 aqua
2054 1652 2106 1705 in
2159 1648 2480 1719 sanguinem

897 1749 1145 1807 vertitur,
1190 1762 1311 1802 cum
1337 1746 1583 1817 cateitate
1610 1742 1848 1813 perfidiae
1877 1756 1974 1795 cor
1998 1739 2257 1808 insipiens
2289 1737 2482 1791 obscu-

896 1849 1071 1895 ratur.
1102 1838 1256 1894 Sient
1284 1838 1352 1893 de
1384 1836 1711 1907 quibusdam
1756 1833 1887 1888 dicit
1925 1831 2215 1902 Apostolus
2244 1844 2258 1883 :
2296 1848 2315 1880 ι
2344 1827 2481 1891 Quia

2580 655 2686 694 non
2727 636 3070 711 permittunt.
3111 631 3474 701 Quamobrem
3510 629 3624 684 btec
3669 628 3824 699 plaga
3866 622 4170 694 rogationis

2576 738 2633 785 et
2659 724 3047 798 inquietudinis
3071 724 3259 779 vitium
3288 719 3571 776 manifeste
3593 718 3856 788 designat.
3884 713 4003 782 Quo
4027 712 4168 769 vide-

2578 818 2703 875 licet
2725 816 2914 873 morbo
2940 815 3156 885 quidam
3185 814 3493 868 laborantes
3516 809 3781 865 inutiliter
3806 808 3911 863 huc
3941 804 4175 872 illucque

2579 908 2927 972 discurrunt,
2968 912 3045 971 et,
3090 902 3232 958 velut
3266 901 3421 955 malis
3455 897 3764 956 Vertumnis
3784 893 4031 959 obnoxii,
4080 905 4175 962 per

2582 997 2978 1068 impatientiam
3019 1010 3123 1049 non
3156 993 3462 1063 quiescunt.
3500 989 3605 1045 Sed
3640 986 3895 1058 quoniam
3929 984 4176 1053 ciniphes

2582 1086 2701 1143 istae
2737 1086 3042 1157 perexigua:
3076 1092 3204 1138 sunt
3233 1092 3287 1138 et
3332 1082 3523 1143 noxiae,
3557 1088 3616 1135 ut
3662 1094 3769 1133 non
3813 1087 3922 1131 tam
3968 1074 4179 1145 pondus

2582 1179 2871 1233 videantur
2896 1178 3097 1233 habere
3130 1192 3290 1245 quam
3328 1188 3575 1237 morsus,
3607 1172 3697 1241 qui
3725 1170 3854 1223 vitio
3872 1164 4181 1237 vagationis

2584 1268 2910 1333 inserviunt,
2942 1267 3081 1336 quod
3113 1282 3209 1337 per
3240 1264 3487 1334 einiphes
3514 1262 3856 1331 designatur,
3897 1258 4016 1313 leve
4061 1256 4179 1327 qui-

2584 1363 2705 1417 dem
2734 1361 3069 1415 arbitrantur
3096 1373 3218 1414 esse
3251 1367 3555 1428 peccatum,
3588 1355 3681 1411 sed
3723 1368 3830 1415 non
3860 1351 3962 1408 levi
3996 1358 4185 1406 reatus

2583 1448 2963 1521 perfodiuutur
2993 1446 3203 1504 aculeo.
3248 1446 3364 1503 Non
3412 1454 3668 1518 aggravat
3698 1443 3928 1516 pondus,
3959 1440 4056 1497 sed
4090 1454 4183 1510 pe‘

2586 1549 2765 1596 uetrat
2791 1555 3040 1604 morsus;
3075 1539 3201 1609 quia
3242 1546 3446 1609 quanto
3477 1537 3661 1590 vitium
3689 1535 3790 1590 hoc
3819 1532 3993 1589 levius
4015 1532 4182 1601 depu-

2587 1641 2731 1697 tant,
2770 1640 2921 1686 tanto
2966 1629 3138 1699 major
3177 1644 3400 1685 necesse
3447 1636 3529 1683 est
3569 1634 3629 1680 ut
3671 1625 3880 1696 peccati
3930 1621 4186 1679 stimulus

2588 1724 2782 1777 anima:
2814 1721 3120 1791 languentis
3151 1720 3408 1774 inferiora
3458 1717 3765 1786 transfigat.
3819 1715 3957 1770 Huic
4001 1715 4187 1784 itaque

2588 1811 2834 1884 languori
2876 1811 3020 1865 tertii
3070 1809 3323 1880 praecepti
3365 1808 3549 1864 obviat
3583 1807 3847 1862 medicina
3875 1846 3890 1869 ,
3942 1821 4063 1861 cum
4100 1804 4187 1859 dt-

895 1945 1021 1985 wm
1071 1895 1451 2000 εοεηονεςεωζι
1493 1926 1803 1989 Dominum,
1857 1895 2143 1980 non-sicut
2191 1922 2479 1978 Dominum
2511 1896 2556 1958 Β
2584 1905 2767 1960 citur:
2803 1923 2821 1955 ι
2855 1902 3127 1957 Memento
3147 1911 3204 1955 ut
3229 1902 3370 1955 diem
3404 1898 3624 1955 Salbati
3651 1897 3960 2000 sanctillces

897 2018 1357 2089 glorificaverunt,
1389 2026 1482 2070 aut
1506 2014 1711 2085 gratias
1732 2022 1955 2084 egerunt
1979 2029 1994 2079 ;
2026 2011 2119 2067 sed
2142 2021 2483 2068 evanuerunt

896 2108 951 2164 in
984 2102 1407 2177 cogitationibus
1447 2106 1583 2171 suis,
1622 2114 1678 2160 et
1715 2106 2063 2160 obscuratum
2098 2113 2184 2158 est
2220 2103 2482 2173 insipiens

892 2196 992 2251 cor
1038 2211 1225 2251 eorum
1274 2195 1448 2266 (llam.
1486 2194 1546 2265 ι).
1587 2215 1606 2248 ι
1658 2194 1753 2277 Cui
1786 2194 1971 2263 primas
2001 2193 2201 2264 plagae,
2247 2194 2350 2248 hoc
2400 2199 2485 2247 est

895 2285 1340 2355 pestilentissimo
1373 2284 1604 2351 vul;.eri,
1653 2298 1779 2338 mox
1811 2283 2101 2337 adhibetur
2125 2282 2287 2351 primi
2321 2279 2487 2335 medi-

894 2376 1020 2432 cina
1047 2378 1343 2447 praecepti:
1380 2396 1399 2429 ι
1438 2377 1602 2441 Audi,
1626 2375 1815 2439 lsrael,
1870 2374 2131 2430 Dominus
2172 2374 2315 2427 Deus
2360 2382 2486 2428 tuus

895 2463 1042 2529 Deus
1070 2480 1211 2520 unus
1244 2475 1330 2520 est
1370 2464 1550 2536 (Deut.
1599 2465 1699 2533 vi).
1734 2482 1754 2515 ι
1802 2462 1915 2519 Hoc
1962 2473 2047 2518 est
2075 2462 2222 2517 enim
2265 2460 2487 2516 medici-

830 2580 833 2585 -
894 2555 1024 2613 nale
1049 2556 1323 2610 vinculum
1366 2570 1475 2625 quo
1501 2552 1740 2622 perfidia:
1784 2554 1979 2609 vuhms
2006 2554 2201 2608 debeat
2251 2550 2486 2622 alligari,

895 2654 979 2713 ut,
1007 2646 1113 2703 hoc
1141 2646 1385 2708 audiens,
1416 2659 1582 2699 unum
1613 2644 1948 2699 solummodo
1962 2645 2126 2698 Deum
2159 2642 2325 2704 colas.
2356 2642 2486 2697 etin

895 2736 1083 2807 plures
1119 2736 1250 2792 deos
1291 2737 1681 2791 marcescentis
1723 2736 1963 2804 perﬁdia:
2009 2733 2353 2803 putredinem
2382 2747 2487 2787 non

893 2823 1166 2880 eﬂ'undas.
1216 2824 1301 2887 Et,
1334 2822 1486 2891 justo
1528 2823 1622 2877 Dei
1663 2822 1888 2890 judicio,
1916 2822 2067 2890 juxta
2122 2821 2356 2875 litteram
2412 2817 2489 2873 fa-

892 2922 1048 2969 ctum
1090 2922 1172 2967 est
1217 2922 1275 2966 ut
1302 2913 1446 2968 illius
1498 2912 1646 2967 ﬂuvii
1677 2913 1939 2981 sanguine
1972 2902 2293 2978 putarentur
2321 2906 2497 2979 Egy-

892 3004 993 3071 ptii
1019 3002 1208 3073 inquo
1239 3003 1492 3073 primitus
1524 3002 1675 3073 pueri
1714 3002 2051 3056 necabantur
2083 2999 2317 3055 llebrazi.

1513 3089 1743 3147 CAPUT
1788 3089 1873 3145 ιν.

1100 3232 1109 3237 ,
1415 3180 1494 3235 De
1520 3180 1750 3235 secunda
1772 3181 1949 3250 plaga.

966 3270 1220 3329 Secunda
1243 3284 1370 3326 vero
1393 3270 1545 3340 plaga
1566 3285 1816 3324 ranarum
1839 3279 1922 3322 est
1941 3268 2269 3323 abundantia
2288 3267 2486 3335 (Exod.

893 3360 1039 3432 vui).
1073 3360 1225 3415 Rana
1253 3359 1546 3414 clamosum
1580 3368 1661 3413 est
1700 3358 1923 3421 animal,
1944 3368 1999 3413 et
2028 3359 2081 3413 in
2110 3358 2313 3413 limosis
2338 3359 2486 3413 voci-

894 3447 1111 3503 feratur
1153 3463 1219 3504 ex
1244 3462 1394 3503 more
1418 3447 1722 3516 paludibus.
1775 3447 1872 3502 Cui
1923 3447 2130 3502 similes
2170 3447 2491 3516 judicantur

893 3535 1144 3591 haeretici
1201 3550 1266 3590 ac
1314 3535 1659 3605 philosophi,
1720 3537 1835 3604 qui,
1866 3537 2010 3591 velut
2051 3552 2216 3605 super
2270 3536 2491 3605 paludes

895 3622 1150 3689 limosas,
1176 3624 1278 3680 hoc
1312 3634 1396 3679 est
1438 3626 1580 3679 inter
1611 3625 1797 3680 turbas
1829 3626 2079 3694 squalore
2117 3628 2353 3696 perﬁdiae
2374 3641 2493 3681 sor-

893 3712 1079 3780 didas,
1124 3715 1278 3768 vanis
1313 3716 1572 3769 adversus
1609 3714 1885 3769 Christum
1924 3715 2294 3771 vociferantur
2348 3717 2495 3771 oblo-

893 3804 1090 3872 quiis;
1121 3812 1197 3869 et,
1221 3804 1346 3858 dum
1377 3819 1473 3871 per
1500 3813 1820 3873 argumenta
1849 3805 2072 3859 fallacia:
2103 3821 2205 3859 non
2236 3804 2494 3860 desinunt

895 3892 1230 3962 importunis
1286 3895 1493 3963 garrire
1547 3894 1895 3958 clamoribus,
1956 3894 2119 3949 inane
2168 3896 2384 3965 quidem
2439 3896 2493 3949 in

892 3980 1392 4047 auribusttedium,
1434 3982 1527 4038 sed
1570 3982 1775 4036 nullum
1814 3984 2084 4037 mentibus
2126 3984 2336 4037 vivendi
2366 3982 2493 4038 alle-

892 4082 1030 4128 ruut
1068 4072 1272 4129 cibum.
1311 4072 1407 4128 Cui
1454 4075 1664 4141 morbo,
1706 4075 1796 4144 qui
1837 4074 2086 4130 videlicet
2128 4076 2180 4129 in
2216 4078 2393 4129 anima
2419 4076 2497 4131 le-

894 4164 1131 4223 thaliter
1168 4164 1356 4229 saevit,
1398 4165 1694 4219 secundum
1742 4175 2072 4236 praeceptum
2108 4175 2366 4236 tanquam
2396 4182 2493 4237 po-

892 4256 1084 4311 culum
1116 4255 1307 4321 salutis
1331 4257 1588 4311 occurrit.
1620 4256 1929 4312 Secundum
1958 4267 2141 4312 autem
2164 4269 2496 4329 praeceptum

891 4357 1024 4403 est:
1078 4366 1099 4400 ι
1128 4346 1245 4402 Νοη
1297 4362 1544 4404 assumes
1589 4362 1787 4403 nomen
1834 4350 2047 4403 Domini
2088 4351 2181 4403 Dei
2215 4350 2289 4402 tui
2321 4351 2375 4406 in
2400 4365 2498 4404 va-

892 4455 1028 4492 num
1063 4436 1263 4508 (Exod.
1299 4454 1413 4508 xx).
1454 4458 1472 4491 ›
1504 4439 1560 4493 in
1582 4455 1780 4495 vanum
1812 4456 2044 4510 namque
2066 4441 2270 4496 Christi
2300 4458 2498 4496 nomen

891 4526 1064 4600 717
1099 4528 1327 4580 assumit
1371 4529 1461 4598 qui
1486 4543 1611 4584 eum
1640 4545 1745 4584 non
1770 4529 2109 4597 Creatorem,
2139 4532 2233 4588 sed
2264 4541 2498 4588 tantum.

891 4618 1065 4671 modo
1128 4625 1435 4671 creaturam
1501 4618 1695 4674 credit.
1754 4619 1989 4675 Vanitati
2040 4622 2187 4676 enim
2239 4632 2496 4678 creatura

888 4706 1150 4777 subjecta
1181 4716 1283 4761 est.
1334 4707 1397 4761 Et
1427 4706 1547 4762 ideo
1588 4709 1723 4763 tales
1749 4709 1994 4766 homines
2033 4722 2156 4766 sunt
2183 4713 2370 4782 procul
2400 4716 2501 4770 du-

887 4794 983 4850 bio
1013 4795 1167 4861 vani,
1210 4796 1358 4864 quia,
1395 4798 1680 4852 veritatem
1714 4798 1802 4853 Dei
1830 4811 2229 4858 connnutantes
2259 4804 2313 4859 in
2345 4822 2499 4863 men-

887 4884 1145 4950 decium,
1183 4885 1340 4941 fidem
1372 4888 1627 4943 adhibent
1656 4891 1901 4944 vanitati.

1533 4977 1765 5034 CAPUT
1807 4981 1867 5036 V.

1470 5066 1545 5122 Dc
1567 5072 1719 5123 ler:ia
1749 5071 1923 5140 plaga.
2286 5100 2289 5139 π

961 5156 1162 5215 Tertia
1186 5171 1314 5213 vero
1341 5158 1492 5230 plaga
1525 5161 1771 5229 ciniphcs
1811 5174 1937 5219 sunt
1972 5165 2168 5237 (Exod.
2199 5154 2343 5235 vui).
2384 5169 2497 5226 Hoc

888 5260 1085 5306 autem
1116 5249 1314 5303 animal
1347 5260 1454 5305 tam
1488 5252 1751 5307 minutum
1784 5266 1867 5309 est
1905 5273 1967 5312 ac
2009 5260 2393 5329 perexiguum,
2418 5272 2496 5329 ut,

888 5349 1022 5396 dum
1053 5355 1119 5394 se
1149 5354 1246 5409 per
1271 5354 1449 5395 aerem
1482 5341 1661 5404 librat,
1689 5352 1743 5397 et
1771 5346 1874 5399 huc
1906 5346 2136 5416 illucque
2166 5351 2499 5419 vagabundis

886 5429 1242 5486 anfractibus
1266 5431 1592 5486 iustabiliter
1622 5436 1789 5500 volat,
1817 5438 1990 5491 visum
2019 5454 2244 5493 eernere
2272 5442 2501 5497 volentis

886 5520 1146 5592 effugiat.
1183 5520 1237 5573 ln
1269 5534 1495 5588 corpore
1527 5531 1705 5578 tamen
1748 5537 1931 5583 nostro
1958 5544 2080 5583 eum
2112 5532 2330 5594 sederit,
2360 5548 2499 5600 pun-

886 5612 967 5681 git
998 5629 1018 5672 ;
1065 5610 1208 5663 adeo
1244 5618 1302 5661 ut
1332 5624 1453 5663 cum
1481 5627 1574 5665 eas
1614 5630 1852 5684 nequeas
1887 5618 2066 5673 videre
2121 5620 2247 5674 dum
2274 5622 2452 5676 volant
2483 5664 2497 5687 ,

885 5698 1251 5770 compellaris
1278 5701 1481 5756 sentire
1500 5717 1621 5757 cum
1651 5706 1967 5774 stimulant;
1998 5718 2069 5773 et,
2105 5712 2231 5766 dum
2265 5713 2499 5767 circurn-

883 5797 1182 5855 vctantcs,
1242 5803 1467 5861 scsrque
1512 5791 1870 5863 importunius
1920 5798 2260 5865 ingerentes.
2321 5803 2499 5858 vultus

2585 2009 2689 2061 xx;
2719 1992 2877 2048 Deut.
2915 1994 3000 2065 v).
3048 2013 3069 2046 ι
3110 1993 3441 2059 Sabbatpm,
3490 1991 3540 2045 id
3576 1999 3658 2046 est
3688 1989 3923 2060 requies.
3974 1986 4073 2043 Ubi
4105 1997 4190 2044 est

2584 2084 2946 2140 sanctiﬁcatio
2980 2083 3227 2149 Sabbati,
3266 2082 3339 2136 ibi
3378 2081 3565 2151 procul
3608 2080 3772 2135 dubio
3812 2079 4037 2148 spiritus
4068 2080 4189 2134 Dei.

2585 2173 2742 2231 Unde
2771 2176 3034 2245 scriptum
3054 2182 3170 2229 est:
3200 2192 3218 2225 ι
3247 2170 3421 2241 Super
3444 2186 3601 2240 quem
3628 2170 3931 2239 requiescet
3960 2168 4190 2239 spiritus

2585 2280 2767 2329 meus,
2812 2264 2913 2319 nisi
2949 2279 3114 2334 super
3148 2262 3404 2325 humilem
3443 2270 3498 2317 et
3532 2261 3810 2331 quietum,
3857 2271 3913 2316 et
3953 2270 4192 2317 tremen-

2588 2364 2695 2417 tem
2751 2368 3031 2410 sermones
3077 2353 3259 2408 meos?
3288 2371 3307 2406 ι
3344 2351 3479 2422 (lsa.
3511 2351 3682 2422 var.)
3738 2351 4020 2406 Pensanda
4065 2361 4194 2406 sunt

2587 2446 2774 2510 verba,
2808 2446 2932 2501 cuia
2970 2446 3015 2500 si
3065 2444 3300 2515 Spiritus
3346 2454 3566 2499 sanctus
3612 2442 3909 2513 requiescit
3955 2452 4193 2503 tantum—

2588 2539 2747 2593 modo
2774 2553 2929 2607 super
2958 2536 3223 2604 quietum,
3254 2549 3386 2607 ergo
3422 2535 3622 2590 deserit
3660 2534 3981 2603 inquietum.
4012 2533 4196 2587 Enim-

2588 2643 2740 2693 vero,
2771 2637 2903 2681 scut
2933 2628 3230 2682 secundum
3259 2633 3589 2695 prmeeptum
3622 2623 3855 2677 refertur
3874 2622 3940 2676 ad
3970 2621 4190 2683 Filium,

2590 2720 2663 2776 ita
2703 2721 2807 2776 hoc
2846 2720 3065 2774 tertium
3096 2719 3330 2788 pertinet
3361 2720 3427 2771 ad
3473 2716 3735 2785 Spiritum
3784 2724 4055 2778 sanctum,
4095 2712 4197 2782 qui

2591 2811 2855 2867 nihilomit
2880 2826 2942 2864 us
2983 2812 3141 2865 tertia
3175 2818 3257 2863 cst
3294 2810 3348 2863 in
3393 2818 3579 2864 sancta
3614 2807 3884 2863 Trinitate
3928 2820 4186 2877 persana.

2590 2900 2726 2955 Nam
2756 2911 2809 2955 et
2847 2899 2987 2955 illam
3016 2900 3233 2954 tertiam
3270 2900 3481 2969 plagam
3526 2896 3753 2969 Spiritui
3790 2906 3980 2954 sancto
4008 2896 4196 2951 incau-

2595 2998 2798 3045 tatores
2829 2991 3134 3055 ascribunt,
3163 3004 3285 3046 eum
3318 2997 3374 3043 et
3404 2988 3503 3057 ipsi
3531 2988 3776 3058 cinipbes
3803 2988 4047 3043 excitare
4086 3001 4199 3043 non

2594 3089 2842 3148 possunt,
2872 3080 3113 3134 dicentes
3143 3081 3208 3133 ad
3248 3077 3620 3133 Pharaonem:
3666 3097 3683 3130 ι
3717 3076 3928 3147 Digitus
3965 3076 4057 3132 Dei
4111 3084 4201 3131 est

2595 3167 2685 3223 hic
2718 3168 2914 3237 (Exod.
2943 3172 3025 3235 ιι).
3063 3188 3083 3221 ι
3115 3167 3197 3223 Ad
3237 3168 3519 3224 colendmn
3554 3168 3656 3223 hoc
3683 3166 4007 3232 Sabbatum,
4034 3168 4200 3222 disci-

2518 3238 2562 3298 (ἶ
2596 3259 2779 3328 pulum
2811 3274 2983 3314 suum
3034 3260 3369 3330 provocabat
3408 3258 3721 3328 Apostolus,
3772 3273 3896 3312 cum
3941 3258 4195 3313 dicebat:

2596 3369 2612 3401 ι
2658 3352 2889 3405 Attende
2934 3352 3148 3407 lectioni
3196 3361 3251 3405 et
3300 3352 3561 3406 doctrina:
3603 3348 3657 3420 (Ι
3705 3347 3842 3403 Tim.
3892 3349 3989 3421 tv).
4056 3368 4075 3401 ι
4133 3347 4204 3405 Et

2593 3438 2753 3494 alibi;
2790 3459 2808 3490 ι
2850 3442 3016 3495 Orate
3052 3442 3172 3496 sine
3210 3441 3612 3495 intermissione
3642 3437 3695 3511 (Ι
3731 3438 3911 3493 Thess.
3945 3440 4022 3505 v).
4059 3457 4077 3489 ι
4114 3437 4201 3493 Ad

2594 3528 2755 3597 hujus
2783 3529 3006 3585 Sabbati
3030 3531 3232 3584 cultum
3258 3530 3518 3584 Dominus
3545 3544 3641 3585 nos
3666 3539 3927 3598 provocat
3951 3544 4047 3600 per
4069 3528 4197 3586 Pro-

2592 3620 2835 3691 phetam,
2866 3636 2989 3675 cum
3017 3621 3176 3675 dicit:
3206 3640 3223 3671 ι
3251 3619 3469 3682 Vacate.
3500 3629 3555 3675 et
3580 3621 3777 3686 videte,
3808 3620 4067 3689 quoniam
4095 3635 4199 3691 ego

2595 3726 2714 3765 sum
2747 3711 3006 3764 Dominus
3035 3711 3215 3782 (Ptol.
3248 3723 3404 3783 xu).
3444 3732 3463 3765 ι
3499 3712 3575 3767 Ac
3596 3713 3640 3768 si
3673 3712 3816 3778 dicat
3847 3731 3859 3766 :
3899 3711 4200 3783 Spirituale

2594 3802 2881 3855 sabbatum
2910 3802 3093 3868 colite,
3144 3805 3445 3873 vagationis
3476 3790 3904 3873 inquietudinem
3935 3804 4195 3869 devitate,

2597 3902 2653 3948 ut
2678 3907 2776 3963 per
2806 3894 3040 3963 Spiritus
3061 3898 3233 3950 sancti
3263 3898 3492 3967 gratiam
3522 3897 3677 3965 fixos,
3702 3915 3808 3953 non
3834 3914 3931 3955 vos
3953 3898 4203 3968 ciniphcs

2599 3985 2921 4054 inquietent,
2944 3986 3042 4041 sed
3071 3988 3368 4054 spiritualis
3397 3989 3608 4043 sabbati
3635 3989 3847 4044 cultura
3872 3989 4199 4045 sanetiiicct.

2598 4074 2904 4128 Notandum
2960 4084 3225 4145 pmterea
3291 4078 3546 4147 quoniam
3605 4079 3706 4133 tria
3780 4080 4044 4134 duntaxat
4095 4080 4203 4135 ista

2598 4177 2865 4238 praecepta
2915 4168 2966 4222 in
2999 4184 3103 4222 una
3152 4169 3425 4239 descripta
3474 4180 3601 4225 sunt
3651 4171 3860 4237 tabula;
3915 4172 4019 4226 alia
4071 4188 4202 4228 vero

2600 4268 2808 4325 septem
2862 4261 3281 4315 continebantur
3323 4262 3375 4316 in
3414 4262 3605 4316 altera.
3654 4263 3759 4318 Ista
3812 4264 4081 4332 siquidem
4130 4263 4203 4320 ad

2600 4346 2923 4413 charitatem
2956 4350 3080 4413 Dei;
3114 4349 3200 4403 illa
3231 4365 3362 4405 vero
3394 4352 3459 4404 ad
3492 4366 3733 4405 amorem
3767 4354 4043 4423 pertinent
4078 4367 4206 4421 pro-

2603 4437 2756 4491 ximi.
2794 4439 2856 4491 lit
2880 4440 3082 4493 idcirco
3111 4454 3215 4493 non
3241 4439 3470 4510 amplius
3496 4456 3658 4511 quam
3688 4441 3806 4495 dum
3832 4452 3955 4496 sunt
3985 4442 4202 4507 tabulas,

2601 4531 2731 4600 quia
2770 4531 2999 4600 geminae
3034 4540 3160 4585 sunt
3205 4532 3490 4586 charitatis
3523 4533 3905 4602 impressiones
3929 4535 4095 4606 718
4124 4536 4207 4592 di-

2604 4622 2837 4676 stitione.
2872 4617 2997 4674 Tria
3027 4620 3181 4691 plane
3218 4631 3488 4692 prtecepta
3522 4623 3572 4677 in
3608 4638 3713 4678 una
3761 4625 3961 4689 tabula,
3997 4636 4207 4695 septem

2603 4727 2732 4765 vero
2762 4712 3027 4780 descripta
3059 4712 3224 4766 fuisse
3258 4713 3309 4765 in
3343 4714 3469 4777 alia,
3500 4728 3566 4767 ex
3598 4716 3699 4769 hoc
3731 4716 3965 4770 maxime
3995 4718 4203 4789 colligi-

2604 4810 2694 4856 tur
2722 4804 2866 4870 quod
2919 4804 3111 4857 beatus
3139 4803 3435 4872 Apostolus
3465 4806 3531 4859 ad
3564 4805 3828 4874 Ephesios
3864 4812 3969 4861 ait:
4006 4826 4023 4858 ι
4056 4800 4200 4870 Filii.

2602 4895 2818 4951 obedite
2866 4893 3180 4964 parentibus
3227 4895 3420 4949 vestris
3474 4896 3524 4948 in
3584 4896 3852 4965 Domino,
3906 4898 4009 4953 hoc
4060 4900 4207 4953 enim

2600 4974 2807 5055 justum
2843 4994 2926 5039 est
2952 4984 3169 5055 (Ephes.
3196 4986 3296 5056 vr).
3332 5004 3351 5037 ›
3389 4986 3605 5041 Honora
3631 4999 3841 5058 patrem
3873 4998 3927 5045 et
3951 5000 4204 5054 matrem,

2604 5077 2746 5145 quod
2778 5084 2859 5130 est
2884 5077 3197 5130 mandatum
3225 5078 3458 5147 primum
3490 5081 3541 5133 in
3573 5081 3954 5151 promissione,
3984 5093 4041 5135 ut
4071 5085 4209 5139 bene

2605 5166 2676 5220 sit
2715 5166 2832 5232 tibi,
2877 5177 2931 5221 et
2978 5167 3053 5221 sis
3094 5167 3367 5238 longcevus
3409 5184 3571 5239 super
3617 5179 3837 5227 terram.
3872 5172 3983 5228 Cur
4025 5184 4207 5231 autem

2607 5256 2842 5326 primum
2879 5256 2983 5311 hoc
3020 5258 3333 5313 mandatum
3362 5260 3583 5326 dicitur,
3627 5262 3732 5316 nisi
3772 5266 3915 5332 quod
3963 5265 4016 5319 in
4056 5267 4210 5334 prin-

2608 5346 2750 5415 cipio
2784 5347 3035 5401 secundae
3075 5344 3268 5403 tabulae
3298 5351 3531 5419 positum
3574 5352 3690 5406 est?
3728 5354 3880 5420 Quod
3931 5358 4096 5411 etiam
4150 5357 4204 5412 iu

2610 5437 2969 5506 promissione
3011 5438 3229 5515 dicitur,
3278 5441 3405 5509 quia
3448 5442 3590 5511 quod
3642 5444 3697 5499 in
3752 5445 3873 5498 aliis
3920 5449 4209 5515 praeceptis

2612 5543 2716 5581 non
2772 5528 3083 5594 invenitur,
3140 5531 3242 5586 hoc
3291 5544 3619 5602 praeceptum
3674 5534 4032 5605 longmvitatis
4079 5554 4205 5607 pro-

2610 5616 2795 5671 missio
2846 5620 3110 5688 sequitur.
3164 5620 3449 5679 Ριιιιιιιίεδο
3504 5624 3760 5680 nimirum
3804 5626 3905 5681 hoc
3947 5629 4090 5697 quod
4124 5630 4205 5685 di-

2610 5713 2780 5765 citur:
2820 5710 3035 5765 llonora
3072 5723 3280 5782 patrem
3313 5724 3369 5768 et
3412 5724 3664 5779 matrem,
3708 5726 3765 5769 ut
3798 5720 3931 5775 bene
3962 5720 4033 5775 sit
4083 5720 4200 5789 tibi,

2611 5814 2659 5857 et
2691 5804 2763 5856 sis
2794 5804 3067 5870 longmvus
3099 5818 3259 5873 super
3291 5812 3511 5859 terram.
3551 5806 3657 5861 Hoc
3692 5822 3819 5876 ergo
3848 5820 4207 5879 pix'oceptum‘b
