5882 6636
18 6368 1037 6636 ⁵7

2480 525 2574 579 691

2942 527 2998 581 ε.
3029 527 3224 581 PETRI
3267 528 3544 581 DAMIANI
3580 527 3731 582 ΟΡΡ.
3772 526 4010 582 ΤΟΜυδ
4051 525 4180 582 δευ
4227 524 4402 580 PARS
4434 525 4514 578 Ill.
4551 521 4984 579 —OPUSCUI.A
5031 523 5255 578 γΑιιιΑ.

5603 522 5703 578 σοί.

2477 639 2617 701 quod
2653 647 2900 704 quartum
2930 648 3012 690 est
3040 640 3089 689 in
3122 639 3350 704 generali
3382 654 3605 692 numero
3635 640 4033 704 mandatorum,
4066 644 4112 700 Α
4141 638 4407 691 cliaritate
4451 648 4573 690 sunt
4604 637 4800 706 frigidi,
4832 646 4884 689 et
4914 637 5108 690 ardore
5137 634 5439 704 cupiditatis
5468 650 5695 690 accensi.

2478 728 2530 779 in
2561 727 2789 780 secunda
2824 727 2998 780 tabula
3030 729 3244 795 punitur
3276 729 3524 796 primum.

3081 815 3307 870 CAPUT
3359 816 3441 870 VL

3004 906 3076 958 De
3113 919 3298 974 quarta
3338 908 3514 975 plaga.

2539 996 2636 1050 (lui
2673 997 2938 1050 contraria
2971 1006 3057 1068 est
3083 1008 3274 1065 quarta
3305 997 3492 1067 plaga,
3529 1002 3626 1053 hoc
3654 1010 3734 1053 est
3762 1016 4042 1068 cyuomya,

2476 1101 2594 1153 qua:
2617 1086 3004 1139 diciturmusca
3030 1065 3219 1140 canina
3237 1065 3434 1154 (and.
3459 1093 3594 1156 vin).
3620 1065 3909 1146 Nihilenitn
3938 1065 4042 1142 tam

2466 1174 2735 1228 acaninum
2791 1187 2876 1228 est
2914 1191 3075 1243 quam
3116 1177 3364 1246 ignorare
3406 1187 3689 1244 patentes,
3733 1187 3786 1232 et
3819 1177 3921 1230 illis
3953 1179 4044 1245 qui

2470 1278 2568 1316 nos
2601 1274 2921 1332 genuerunt,
2955 1267 3304 1320 reverentiam
3347 1282 3450 1319 non
3481 1265 3711 1319 deferre.
3745 1267 3848 1320 Eos
3882 1267 4043 1320 etiam

2471 1364 2728 1420 tanquam
2753 1368 2947 1407 musca:
2974 1355 3424 1408 circumvolantes
3453 1356 3631 1408 canini
3668 1371 3844 1410 mores
3865 1356 4044 1427 exagi-

2471 1450 2602 1500 tant,
2634 1442 2748 1509 qui,
2771 1442 2894 1494 dum
2923 1443 3132 1498 deferre
3160 1445 3472 1512 parentibus
3502 1445 3769 1506 nesciunt,
3791 1461 3890 1512 per
3915 1445 4045 1497 levi-

2468 1529 2594 1583 tatis
2636 1529 3055 1585 inconstantiam
3087 1548 3114 1585 a
3160 1532 3388 1586 naturali
3441 1534 3704 1602 gravitate
3754 1534 4040 1596 recedunt;

2464 1632 2667 1685 eosque
2696 1627 2948 1687 tanquam
2983 1621 3187 1675 canina:
3232 1637 3432 1676 muscae
3466 1622 3780 1684 dilacerant,
3820 1622 3945 1674 dum
3985 1636 4045 1676 se

2466 1717 2656 1759 contra
2687 1709 2960 1776 genitores
2986 1724 3111 1764 suos
3147 1711 3300 1778 quasi
3333 1712 3605 1780 ringentes
3628 1720 3682 1764 et
3714 1711 4044 1765 oblatrantes

2467 1810 2562 1863 per
2591 1795 2981 1865 impatientiam
3005 1808 3219 1852 vexant.
3241 1799 3309 1854 Ut
3335 1799 3450 1853 haec
3471 1811 3597 1869 ergo
3617 1797 3774 1870 plaga
3802 1809 4038 1864 curetur,

2470 1885 2628 1956 digna
2657 1889 2971 1956 parentibus
2996 1890 3291 1943 reverentia
3320 1888 3609 1946 deferatur.

3053 1977 3278 2033 CAPUT
3327 1978 3433 2035 νυ.

3003 2066 3078 2121 De
3106 2068 3287 2136 quinta
3316 2067 3489 2136 plaga.

2535 2155 2730 2218 Quinta
2761 2155 2910 2225 plaga
2940 2171 3080 2210 mors
3103 2172 3354 2224 pecorum
3381 2167 3463 2211 est
3487 2157 3680 2228 (Exod.
3716 2160 3810 2230 Ix).
3838 2160 4038 2215 Omnes

2465 2247 2608 2296 enim
2647 2245 2761 2312 qui,
2793 2256 2976 2315 spreto
3005 2249 3270 2324 conjugali
3313 2259 3451 2312 toro,
3490 2251 3780 2304 alienarum
3824 2267 3883 2305 se
3917 2269 4037 2305 mu-

2467 2335 2655 2387 lierum
2685 2335 3010 2389 fmditatibus
3036 2338 3297 2404 polluunt,
3329 2349 3382 2392 et
3409 2354 3503 2406 per
3532 2341 3778 2394 obscena:
3800 2340 4039 2396 libidinis

2467 2425 2665 2490 passim
2697 2423 2839 2478 ﬂuxa
2880 2427 3188 2487 resolvunt.
3229 2429 3356 2496 quid
3391 2430 3533 2482 aliud
3570 2446 3730 2499 quam
3766 2432 3924 2489 bruta
3953 2433 4036 2487 di-

2464 2514 2628 2566 cenda
2657 2524 2780 2567 sunt
2805 2529 3020 2583 pecora,
3057 2527 3220 2587 atque
3255 2534 3282 2570 a
3328 2519 3535 2573 ratione
3563 2521 3855 2588 spiritualis
3884 2520 4038 2579 intel—

2466 2602 2699 2669 ligentia:
2743 2605 2952 2672 penitus
2993 2606 3210 2660 aliena?
3250 2607 3399 2662 Facti
3445 2619 3568 2663 sunt
3611 2609 3774 2673 enim,
3825 2628 3841 2658 ι
3900 2611 4037 2666 sicut

2463 2705 2635 2757 equus
2686 2699 2742 2744 et
2784 2691 2975 2753 mulus,
3011 2695 3203 2761 quibus
3236 2710 3342 2748 non
3382 2705 3466 2750 est
3515 2698 3624 2751 inte
3649 2698 3816 2752 lectus
3865 2699 4032 2767 (Psal.

2463 2784 2641 2850 xxxi).
2677 2803 2696 2834 ι
2733 2784 2796 2836 Et
2826 2799 2923 2854 per
2948 2785 3235 2840 Jercmiam
3273 2787 3469 2840 dicitur
3496 2807 3508 2839 :
3549 2806 3567 2837 ι
3600 2788 3800 2843 Satiavi
3831 2805 3949 2852 eos,
3981 2799 4035 2844 et

2462 2874 2717 2927 iiimchati
2748 2883 2894 2937 sunt,
2921 2884 2976 2928 et
3003 2875 3054 2929 in
3084 2876 3242 2930 domo
3269 2880 3570 2933 meretricis
3593 2879 4032 2948 luxuriabantur;

2460 2965 2585 3033 equi
2617 2974 2886 3020 amatores
2915 2966 2967 3019 in
2993 2965 3220 3024 feminas
3246 2970 3512 3024 emissarii
3538 2970 3664 3024 facti
3698 2981 3842 3035 sunt,
3867 2988 4032 3026 unus-

2462 3055 2694 3123 quisque
2723 3055 2788 3108 ad
2821 3070 3039 3110 uxorem
3065 3058 3292 3126 proximi
3332 3060 3413 3113 sui
3442 3059 3719 3114 hinniebat
3746 3062 3876 3128 (Jer.
3904 3063 3976 3132 v).
4012 3082 4028 3112 ι

2474 3145 2598 3199 Ilaec
2628 3160 2758 3215 ergo
2788 3161 2977 3215 pecora
3013 3162 3232 3204 necesse
3286 3158 3369 3203 est
3404 3161 3461 3203 ut
3504 3151 3745 3205 funditus
3771 3155 4032 3208 exstincta

2462 3236 2889 3304 depereant,nisi
2921 3237 3111 3290 divina:
3128 3237 3257 3308 legis
3278 3239 3606 3294 medicamen
3629 3253 3894 3295 accurrat.
3931 3243 4021 3294 Di-

4157 727 4252 780 Ubi
4284 728 4447 778 etiam
4490 726 4691 791 fulgura
4736 735 4893 792 atque
4933 725 5166 777 tonitrua
5198 725 5350 776 mista
5380 723 5541 776 fuisse
5583 738 5696 775 cuiu

4149 817 4405 884 grandine
4441 816 4799 883 perhibentur.
4851 813 4985 876 Quid
5031 822 5211 870 autem
5262 828 5354 881 per
5403 812 5605 880 fulgura
5651 821 5699 864 et

4151 903 4407 962 tonitrua,
4440 903 4540 954 nisi
4575 915 4737 970 pavor
4766 901 5115 953 intolerabilis
5145 901 5484 970 designatur?
5509 901 5572 953 Et
5605 902 5698 954 hoc

4148 990 4354 1043 furibus
4382 989 4647 1043 familiare
4680 998 4784 1052 cst,
4823 1002 4879 1040 ut
4919 989 5092 1056 primo
5122 992 5262 1057 capi,
5294 990 5482 1043 deinde
5521 991 5692 1058 puniri

4148 1080 4474 1134 tremefactis
4503 1080 4794 1132 visceribus
4826 1088 5091 1145 paveant,
5146 1094 5241 1131 nec
5274 1089 5446 1132 tamen
5477 1094 5504 1132 a
5540 1081 5694 1132 semei

4142 1180 4416 1237 cunei-pta:
4443 1169 4690 1236 nequitia!
4718 1168 5116 1235 perpetratione
5145 1168 5438 1235 quiescant.
5474 1169 5588 1222 ista:
5614 1169 5693 1221 ni-

4144 1259 4338 1310 mirum
4368 1266 4567 1327 pestes,
4597 1257 4695 1310 hoc
4721 1265 4825 1318 est,
4853 1257 5078 1324 grando,
5105 1258 5256 1326 ignis,
5288 1256 5515 1326 fulgura,
5542 1258 5695 1312 simul

4143 1359 4306 1412 atque
4345 1348 4599 1408 tonitrua,
4648 1360 4831 1398 eorum
4861 1347 5022 1398 corda
5052 1348 5141 1414 qui
5188 1346 5321 1399 clam
5354 1347 5522 1400 aliena
5575 1350 5699 1400 diri-

4140 1437 4316 1504 piunt,
4351 1447 4598 1504 tanquam
4627 1435 4865 1502 quaedam
4894 1449 5040 1496 arva,
5069 1435 5377 1488 devastant:
5407 1445 5479 1500 et,
5524 1437 5566 1488 si
5597 1451 5696 1503 qua

4140 1536 4286 1587 sunt,
4316 1541 4504 1579 omnes
4531 1524 4682 1578 bona:
4711 1524 4998 1578 voluntatis
5031 1525 5228 1594 fruges,
5257 1535 5308 1579 et
5335 1527 5567 1595 germina
5595 1526 5697 1580 dis-

4145 1617 4337 1684 sipant.
4367 1615 4500 1668 Huic
4524 1615 4704 1682 itaque
4725 1615 4958 1681 pessimo
4975 1615 5186 1668 vulneri
5207 1615 5412 1684 septimi
5443 1619 5696 1670 succurrit

4141 1704 4404 1757 medicina
4448 1703 4706 1767 mandati,
4750 1718 4872 1757 cum
4913 1702 5147 1758 dicitur:
5203 1723 5220 1755 ι
5279 1695 5389 1758 Non
5437 1703 5696 1759 furaberis

4141 1793 4335 1866 (Exod.
4367 1795 4479 1863 xx).
4519 1815 4536 1847 ι
4565 1793 4634 1848 Ut
4659 1794 4758 1848 hoc
4786 1795 5012 1863 quisque
5043 1809 5388 1864 cognoscens,
5417 1796 5589 1850 cordis
5617 1796 5710 1859 sui,

4142 1894 4351 1952 segetes
4373 1878 4472 1938 hac
4498 1883 4773 1954 multiplici
4803 1893 4950 1952 peste
4979 1899 5084 1940 non
5113 1886 5314 1954 perdat,
5331 1887 5422 1940 sed
5443 1886 5693 1940 bonorum

4065 1985 4110 2042 Β
4138 1990 4356 2042 operum
4388 1975 4626 2042 frugibus
4654 1976 4847 2028 anima:
4877 1990 4986 2029 sum
5014 1975 5286 2028 cellarium
5319 1977 5549 2042 repleat,
5598 1977 5695 2028 ini-

4139 2063 4289 2130 plens
4318 2063 4448 2116 illud
4487 2063 4878 2130 apostolicum:
4927 2081 4944 2112 t
4989 2063 5088 2128 Qui
5118 2063 5412 2126 iurabatur,
5452 2063 5562 2132 jam
5597 2079 5694 2116 non

4139 2156 4383 2218 furetur;
4441 2155 4532 2208 sed
4568 2155 4770 2208 laboret
4801 2155 5048 2208 manibus
5086 2157 5219 2216 suis,
5254 2166 5309 2208 ut
5343 2157 5534 2209 habeat
5564 2157 5697 2209 unde

4142 2243 4341 2296 tribuat
4373 2244 4751 2301 necessitatem
4780 2245 5103 2312 patientibus
5134 2245 5344 2316 (Ephes.
5374 2249 5466 2315 tv).
5506 2265 5524 2298 ι

4751 2321 4977 2391 CAPUT
5017 2337 5083 2391 x.

4663 2426 4737 2480 De
4784 2439 4961 2484 octava
5003 2429 5181 2497 plaga.

4204 2517 4402 2573 Octava
4439 2529 4618 2573 autem
4655 2519 4804 2590 plaga
4836 2519 5051 2575 locusta
5083 2531 5207 2574 sunt
5239 2521 5429 2590 (Exod.
5479 2525 5550 2593 x).
5598 2525 5696 2580 Per

4136 2608 4251 2662 haec
4289 2611 4561 2671 animalia,
4594 2625 4712 2678 quae
4750 2619 4987 2679 segetum
5022 2613 5262 2678 germina
5313 2615 5594 2668 destruunt
5642 2627 5695 2669 et

4137 2695 4390 2763 pestifero
4433 2697 4611 2765 fruges
4649 2713 4741 2751 ore
4776 2701 5086 2762 corrodunt,
5117 2702 5204 2767 qui
5253 2711 5471 2769 possunt
5513 2704 5696 2757 melius

4135 2785 4400 2852 designari
4450 2801 4606 2853 quam
4641 2786 4672 2838 ii
4703 2787 4790 2854 qui
4821 2787 5073 2840 fratribus
5094 2790 5407 2854 detrahunt,
5432 2799 5483 2842 et
5504 2789 5692 2844 falsum

4135 2871 4241 2926 illis
4269 2874 4472 2926 crimen
4499 2887 4769 2942 opponunt
4799 2875 5144 2948 [imponunt].
5172 2877 5300 2932 Nam
5332 2880 5480 2946 quasi
5514 2880 5695 2933 aliena:

4135 2965 4330 3032 segetis
4360 2966 4598 3033 germina
4625 2967 4899 3031 devorant,
4924 2971 5048 3020 dum
5083 2967 5306 3022 fratrum
5337 2985 5552 3023 suormn
5590 2986 5692 3025 non

4137 3055 4293 3106 modo
4330 3057 4462 3106 bona
4500 3057 4856 3123 supprimunt,
4907 3073 5026 3124 qua:
5051 3059 5341 3126 praedicare
5377 3061 5688 3122 debuerunt,

4136 3142 4229 3195 sed
4263 3143 4401 3195 ultro
4430 3144 4592 3196 etiam
4631 3155 4750 3196 nota
4790 3160 4882 3198 eos
4917 3144 5032 3198 falsi
5067 3155 5242 3201 reatus
5273 3147 5542 3202 infamant.
5593 3148 5694 3202 Ro-

4135 3235 4265 3286 dunt
4303 3236 4501 3303 itaque,
4554 3237 4675 3302 quia
4725 3237 5029 3291 non'modo
5054 3252 5236 3290 eorum
5281 3253 5400 3292 vera
5435 3239 5568 3292 bona
5602 3256 5695 3308 per

2460 3326 2604 3378 citur
2629 3339 2788 3394 ergo:
2841 3346 2860 3376 ι
2909 3325 3020 3384 Non
3054 3327 3413 3383 maechaberrs
3455 3329 3648 3398 (Exod.
3690 3331 3801 3399 xx).
3848 3351 3866 3384 ι
3921 3333 4030 3387 Hoc
4059 3317 4099 3374 C
4136 3329 4477 3381 invidentiam
4519 3339 4824 3397 contegunt.
4875 3331 4968 3383 scd
5008 3330 5086 3386 eis
5129 3331 5289 3385 etiam
5333 3331 5521 3402 stigma
5561 3334 5695 3386 liene

2461 3414 2644 3482 itaque
2683 3414 2926 3480 quintum
2957 3423 3277 3483 pra-ceptum
3330 3418 3532 3487 quinta:
3573 3420 3741 3488 plaga:
3777 3430 4029 3488 tanquam

2464 3504 2801 3561 medicinalis
2848 3521 3016 3560 nexus
3048 3507 3354 3576 opponitur,
3401 3517 3481 3571 ut,
3516 3507 3640 3562 dum
3668 3511 3883 3578 proprio
3915 3521 4032 3564 toro

2461 3593 2694 3663 quisque
2739 3603 3020 3650 contentus
3059 3611 3178 3650 esse
3211 3596 3568 3665 compellitur,
3606 3614 3938 3668 nequaquam
3979 3601 4031 3653 in

2465 3693 2756 3738 extraneos
2778 3685 2954 3738 carnis
2990 3685 3264 3757 amplexus
3303 3688 3708 3756 intemperantia
3738 3687 4033 3743 ditlrenatze

2461 3772 2700 3828 libidinis
2725 3775 3063 3830 extendatur.

3043 3866 3268 3922 CAPUT
3315 3867 3442 3924 Vill.

2991 3956 3066 4010 De
3119 3967 3262 4014 sena
3317 3958 3491 4030 plaga.

2537 4046 2698 4100 Sexta
2741 4047 2888 4114 plaga
2941 4056 3064 4101 sunt
3113 4047 3361 4110 vulnera,
3417 4057 3472 4102 et
3517 4049 3706 4102 vesica
3757 4058 4033 4118 turgentes

2473 4145 2638 4202 atque
2681 4135 2947 4188 ferventes
2997 4135 3190 4198 (Exod.
3234 4138 3329 4203 Ix).
3377 4137 3430 4189 In
3475 4137 3781 4192 vulneribus
3829 4139 4035 4193 scilicet

2466 4223 2632 4295 719
2662 4224 2901 4289 arguitur
2929 4225 3108 4278 dolosa
3139 4225 3430 4284 odleotium
3491 4241 3552 4278 ac
3597 4228 3876 4295 purulenta
3925 4244 4034 4282 ma-

2465 4313 2578 4366 litia
2605 4330 2619 4378 ;
2651 4314 2702 4366 in
2745 4313 2955 4377 vesicis,
2997 4321 3206 4368 tumens
3235 4323 3290 4367 et
3317 4313 3492 4367 inﬂata
3520 4318 3765 4383 superbia
3794 4335 3808 4380 ;
3842 4317 3892 4370 in
3925 4316 4031 4370 fer-

2470 4417 2622 4468 vure,
2675 4415 2906 4457 a-stuans
2953 4403 3028 4456 ira
3088 4411 3143 4455 et
3200 4402 3510 4457 inflammati
3561 4405 3758 4459 furoris
3803 4406 4028 4459 insania.

2471 4491 2608 4544 Sunt
2636 4491 2777 4543 enim
2819 4491 3007 4543 animae
3037 4492 3276 4560 quaedam
3313 4492 3677 4554 homicidales,
3731 4493 3784 4546 in
3837 4494 4032 4560 quibus

2463 4581 2548 4633 ba:
2597 4589 2771 4647 pestes
2810 4579 3059 4631 oriuntur
3118 4587 3170 4631 et
3212 4580 3472 4632 acerrime
3506 4582 3760 4643 saeviunt;
3808 4596 4028 4649 easque,

4133 3416 4412 3483 pravitatis
4462 3418 4697 3469 inurunt.
4749 3419 4826 3470 An
4883 3418 4966 3470 isti
5023 3429 5272 3488 tanquam
5325 3420 5537 3474 locusta:
5589 3438 5694 3474 non

4137 3507 4351 3568 rodunt,
4385 3508 4578 3573 quibus
4612 3521 4704 3575 per
4733 3507 5040 3574 Apostolum
5068 3509 5298 3562 dicitur:
5340 3527 5357 3559 ι
5392 3508 5446 3562 Si
5483 3513 5694 3564 morde-

4135 3596 4202 3649 tis
4224 3605 4276 3648 et
4303 3597 4586 3650 comeditis
4618 3597 4843 3650 invicem
4863 3638 4877 3657 ,
4911 3598 5107 3660 videte,
5139 3615 5205 3662 ne
5231 3599 5296 3652 ab
5320 3600 5543 3653 invicem
5567 3617 5695 3655 c0n-

4132 3684 4454 3737 sumamini?
4480 3703 4496 3734 ι
4533 3683 4672 3752 (Gal.
4709 3683 4784 3752 v.)
4810 3686 4942 3740 lluic
4976 3686 5156 3755 itaque
5185 3687 5349 3756 plaga:
5387 3691 5694 3744 mandatum

4135 3774 4259 3825 illud
4282 3784 4651 3840 competenter
4675 3776 4980 3844 opponitur,
5010 3790 5118 3843 quo
5143 3777 5337 3829 dictum
5369 3788 5448 3830 est
5473 3795 5485 3828 :
5524 3797 5542 3826 ι
5578 3777 5693 3831 Non

4134 3866 4321 3921 falsum
4354 3867 4716 3921 testimonium
4745 3869 4889 3922 dices
4917 3865 5114 3936 (Exod.
5148 3873 5261 3936 xx).
5299 3885 5314 3917 ι
5353 3867 5420 3921 Ut
5450 3869 5696 3924 videlicet

4135 3959 4300 4012 falsus
4330 3960 4556 4028 quisque
4587 3960 4759 4023 testis,
4788 3959 4949 4027 720
4977 3958 5067 4026 qui
5115 3973 5219 4010 non
5250 3958 5350 4011 erit
5381 3957 5692 4025 impunitus,

4135 4050 4201 4102 ab
4232 4050 4415 4102 aliena:
4443 4050 4562 4101 vitae
4593 4063 4770 4101 morsu
4801 4063 4858 4101 se
4889 4048 5164 4114 reprimat,
5197 4046 5481 4099 locustinos
5511 4047 5694 4101 dentes

4136 4139 4388 4205 abjiciat,
4443 4146 4496 4192 et
4548 4138 4771 4192 virentia
4827 4136 5024 4206 segetis
5071 4134 5254 4190 aliena:
5301 4135 5537 4205 germina
5581 4149 5688 4188 non

4135 4227 4379 4279 abrodat.

4737 4314 4964 4371 CAPUT
5000 4315 5084 4368 ΧΙ.

4693 4405 4769 4459 De
4799 4423 4936 4458 nona
4964 4407 5137 4475 plaga.

4204 4494 4320 4549 Jam
4340 4507 4478 4550 nona
4503 4493 4652 4562 plaga
4683 4501 4764 4546 est
4787 4494 5025 4546 densitas
5049 4485 5588 4562 teu‘ebrarumwxod.
5617 4501 5690 4554 xl.

4137 4584 4302 4638 Nemo
4353 4585 4522 4652 magis
4577 4585 4627 4636 in
4669 4583 4952 4636 interiores
4992 4581 5236 4636 tenebras
5286 4581 5496 4646 labitur,
5532 4597 5692 4651 quam

2464 4669 2564 4721 nisi
2616 4669 2906 4720 humanum
2955 4667 3264 4736 sanguinem
3315 4667 3556 4728 fundant,
3599 4669 3879 4736 quiescere
3928 4685 4030 4722 non
4060 4643 4110 4700 υ
4137 4675 4179 4726 is
4220 4675 4310 4743 qui
4346 4673 4638 4742 conjugalis
4678 4672 4894 4726 thalami
4931 4672 5094 4724 violat
5139 4670 5322 4734 fidem,
5362 4681 5415 4725 et
5465 4673 5691 4727 alienam

2468 4756 2803 4824 permittunt.
2844 4755 2976 4808 lluic
3006 4755 3182 4821 itaque
3215 4755 3406 4808 furenti
3440 4757 3624 4809 morbo
3655 4763 3707 4809 et
3735 4755 4037 4808 immaniter

2465 4839 2709 4894 srevienti
2763 4850 2971 4893 sextum
3011 4852 3329 4911 prmi-cptum
3360 4831 3609 4908 tanquam
3637 4843 3894 4895 medicina
3925 4858 4034 4897 eteo

2471 4933 2889 4995 lestisoccurrit,
2911 4948 3015 5000 quo
3033 4933 3252 4985 dicitur:
3271 4950 3288 4981 ‹
3313 4933 3422 4985 Non
3446 4934 3654 4986 occides
3672 4931 3862 5000 (Exod.
3883 4934 3994 5001 xx).
4010 4953 4028 4982 ι

2469 5026 2539 5080 Ut
2569 5027 2670 5079 boc
2703 5025 3186 5092 quilibetaudiens,
3213 5032 3452 5077 exortam
3481 5023 3636 5078 malae
3661 5023 3951 5077 voluntatis
3979 5025 4030 5076 in

2469 5114 2757 5182 semetipso
2783 5114 3072 5181 perniciem
3124 5115 3396 5180 reprimat,
3451 5127 3550 5166 nec
3579 5112 3914 5166 extrinsecus
3967 5113 4031 5165 ad

2469 5204 2772 5259 etfundendi
2828 5205 3033 5258 cruoris
3080 5203 3323 5258 effectum
3379 5212 3698 5272 conceptum
3756 5201 4032 5257 malitiosa:

2472 5292 2816 5348 conscientia:
2840 5293 2984 5346 virus
3017 5303 3276 5358 erumpat.

3079 5381 3302 5436 CAPUT
3329 5383 3418 5437 IX.

2997 5473 3069 5525 De
3100 5474 3313 5540 septima
3339 5473 3508 5542 plaga.

2551 5563 2679 5614 Post
2719 5564 2830 5615 lucc
2881 5563 3030 5632 plaga
3085 5563 3359 5629 grandinis
3393 5565 3642 5629 ponitur,
3699 5565 3782 5618 ubi
3835 5564 4041 5618 scilicet

2480 5653 2681 5721 grando
2705 5662 2757 5704 ct
2781 5653 2916 5720 ignis
2940 5653 3142 5719 pariter
3181 5652 3486 5705 ferebantur
3513 5652 3706 5719 (Exod.
3744 5655 3838 5710 Ix).
3871 5651 4038 5706 Porro

2481 5755 2659 5795 autem
2695 5747 2797 5793 suo
2837 5743 2950 5794 hac
2979 5742 3240 5795 contraria
3272 5741 3418 5802 sunt,
3456 5739 3624 5808 frigus
3662 5743 3710 5792 in
3758 5743 4036 5811 grandine,

2484 5834 2625 5888 calor
2654 5834 2702 5886 in
2735 5834 2883 5902 igne;
2920 5834 2996 5886 sic
3022 5833 3109 5901 qui
3139 5833 3306 5887 aliena
3346 5833 3608 5896 furantur,
3643 5844 3696 5886 et
3734 5849 3760 5884 a
3801 5834 4037 5887 fraterna

4133 4764 4386 4817 invadere
4427 4764 4614 4832 quaerit
4665 4777 4903 4815 uxorem.
4952 4761 5056 4816 Sed
5110 4763 5206 4815 bas
5245 4763 5510 4823 tenebras,
5559 4779 5692 4832 quas

4137 4853 4319 4920 utique
4361 4866 4453 4903 cor
4503 4851 4724 4903 luxurim
4769 4851 5003 4902 deditum
5052 4849 5270 4909 tolerat,
5317 4851 5508 4904 divinae
5561 4852 5692 4920 legis

4138 4939 4387 5006 splendor
4419 4939 4668 4999 illustrat,
4700 4952 4819 4989 cum
4868 4938 5092 4990 dicitur:
5139 4955 5156 4987 ι
5196 4937 5312 4991 Non
5347 4939 5694 5008 concupisces

4139 5043 4356 5081 uxorem
4414 5028 4632 5094 proximi
4676 5028 4746 5078 tui
4785 5026 4976 5094 (Ea-od.
5012 5027 5123 5094 xx).
5171 5044 5188 5076 ι
5266 5024 5360 5078 Ubi
5404 5035 5561 5079 notan

4139 5119 4260 5184 quia
4319 5133 4420 5169 nun
4462 5117 4608 5178 dicit,
4656 5131 4755 5167 non
4795 5115 4942 5168 tolles
4980 5117 5092 5169 sive
5141 5130 5242 5167 nou
5291 5114 5522 5183 pollues,

4137 5208 4276 5275 quod
4307 5207 4422 5275 plus
4447 5216 4549 5267 est,
4584 5221 4686 5258 non
4723 5207 5064 5274 concupisces
5089 5220 5305 5259 uxorem
5335 5206 5558 5273 proximi

4138 5297 4394 5364 Superius
4439 5306 4584 5348 certe
4627 5296 4824 5346 dictum
4871 5304 4973 5372 est,
5017 5311 5122 5349 non
5170 5295 5555 5358 mtecbaberis;
5589 5287 5680 5346 hic

4138 5387 4352 5450 dicitur,
4384 5401 4489 5440 non
4532 5386 4874 5453 concupisces
4911 5401 5128 5440 uxorem
5165 5387 5385 5453 proximi
5428 5384 5682 5453 tut.l:‘.rgo

4140 5478 4204 5530 de
4243 5492 4299 5530 re
4335 5492 4437 5529 una
4478 5476 4581 5529 duo
4625 5475 4874 5529 videntur
4911 5490 5028 5528 esse
5073 5476 5341 5528 mandata.
5386 5471 5494 5526 illic
5546 5474 5688 5527 enim

4138 5569 4380 5622 moechis:
4401 5566 4628 5618 alienum
4660 5576 4828 5617 torum
4857 5563 5101 5617 violantis
5129 5562 5373 5626 eﬂectus;
5405 5563 5490 5615 hic
5526 5564 5692 5616 etiam

4139 5655 4336 5707 violare
4366 5653 4592 5706 volentis
4629 5653 4943 5720 prohibetur
4971 5651 5208 5704 aﬂectus.
5238 5651 5348 5703 Illic
5387 5663 5606 5716 spurcus
5637 5660 5688 5699 et

4140 5743 4351 5796 illicittts
4401 5743 4785 5795 condemnatur
4836 5740 5079 5794 adulterii
5131 5741 5340 5801 coitus;
5393 5735 5480 5789 hic
5527 5737 5689 5788 etiam

4143 5834 4448 5886 adulterina:
4475 5831 4916 5900 concupiscentia:
4947 5830 5297 5898 compescitur
5319 5828 5597 5896 appetitus.
5627 5826 5688 5879 Et
