5882 6618
895 430 986 488 593
1734 427 1973 484 OPUSC.
2020 426 2200 481 XLIV.
2225 456 2291 464 —
2326 423 2412 479 DE
2446 424 2674 479 DECE!
2704 423 2982 481 ΑΞϐΥΡΤΙ
3018 423 3278 480 PLAGIS.
4028 426 4134 481 6“

913 557 1068 596 evera
1125 541 1238 610 ipsa
1294 539 1726 607 concupiscentia
1779 543 2006 593 violandi
2055 539 2212 591 alieni
2264 537 2451 590 matri.
2477 541 2529 596 Α
2555 537 2757 600 audiat,
2792 551 2858 589 ne
2886 537 3305 606 primogenitum
3333 537 3520 606 perdat
3548 579 3562 601 ,
3593 547 3650 591 ut
3677 539 3743 592 de
3775 538 4133 609 primogenita

904 631 1046 686 nonii
1073 631 1392 686 adulterium
1427 641 1528 694 est,
1564 630 1702 683 sicut
1738 630 1992 683 Dominus
2021 629 2132 681 ait:
2182 646 2199 677 ι
2242 627 2341 693 Qui
2376 627 2451 679 vi-

899 721 1022 776 lerit
1051 736 1271 775 uxorem
1299 720 1521 775 alterius
1552 721 1618 773 ad
1647 719 2133 788 concupiscenduut
2162 733 2304 782 eam,
2335 719 2449 786 jam

897 813 1186 866 nmehatus
1214 821 1296 866 est
1341 825 1459 864 eam
1493 811 1544 863 in
1583 811 1743 864 corde
1785 823 1882 863 suo
1923 808 2136 877 (Matth.
2173 809 2248 876 ν).
2281 827 2300 859 ι
2335 807 2450 860 Non

898 916 1011 970 :rgo
1037 903 1302 972 quispiam
1333 901 1563 954 alienam
1599 902 1936 968 concupiscat
1969 900 2210 963 uxorem,
2243 914 2310 969 ne
2341 898 2453 966 pal-

896 993 1113 1062 rtahiletn
1166 992 1504 1046 tenebrarum
1552 992 1800 1061 patiatur
1837 990 1889 1044 in
1935 991 2096 1044 corde
2145 988 2448 1058 caliginem.

895 1086 1054 1149 Quam
1082 1091 1134 1134 et
1164 1081 1208 1135 si
1251 1080 1391 1136 forte
1407 1082 1518 1150 jam
1554 1081 1771 1149 patitur,
1812 1089 2212 1134 corruseantem
2244 1079 2452 1131 radium

894 1171 1121 1224 .nandati
1145 1171 1329 1240 legalis
1355 1172 1624 1235 admittat,
1653 1177 1705 1224 et
1733 1170 1810 1224 sic
1842 1171 2091 1224 tenebras
2115 1168 2456 1238 conscientias

895 1261 1216 1315 :atcutientis
1242 1261 1474 1329 abjiciat.

1479 1347 1706 1402 CAPUT
1737 1347 1846 1401 ΧΠ.

1415 1438 1489 1492 De
1516 1439 1713 1492 decima
1748 1440 1922 1508 plaga.

953 1526 1231 1582 Postremo
1267 1526 1470 1581 decima
1505 1527 1658 1597 plaga
1687 1536 1770 1581 est
1799 1542 1943 1581 mors
1975 1525 2456 1595 primogenitorum

892 1619 1084 1688 (Exod.
1117 1621 1216 1691 ιι).
1254 1621 1396 1675 Duos
1425 1620 1562 1674 filios
1611 1621 1770 1674 habet
1809 1621 1997 1684 homo,
2047 1619 2302 1672 nimirum
2335 1633 2456 1671 cum

890 1709 1011 1763 facit
1038 1725 1177 1777 opus
1226 1710 1366 1778 quod
1397 1710 1463 1763 ad
1490 1711 1628 1763 hanc
1656 1709 1883 1778 pertinet
1906 1709 2090 1773 vitam,
2119 1717 2174 1761 et
2201 1723 2322 1762 cum
2351 1708 2460 1776 spi-

891 1800 1079 1853 rituale
1118 1801 1245 1867 quid
1287 1809 1546 1869 operatur
1597 1800 1738 1867 quod
1785 1801 1849 1853 ad
1878 1800 2042 1853 vitam
2085 1799 2252 1854 tendit
2302 1807 2462 1853 ater-

2554 643 2652 682 suo
2681 629 2942 696 gaudeat,
2984 636 3038 680 et
3080 644 3421 698 nequaquam
3458 630 3598 697 quod
3627 629 3861 684 alienum
3893 638 3976 684 est
4004 645 4137 683 con-

2555 721 2810 790 cupiscat.

3144 807 3377 863 CAPUT
3417 808 3550 864 Xlll.

2587 895 2897 948 Divinarum
2931 908 3307 964 praceptorum
3344 899 3691 952 emolumenta
3733 910 3782 953 et
3810 903 4098 970 pmconia.

2623 983 2749 1037 ﬂare
2775 993 2922 1047 sunt,
2951 984 3023 1037 fili
3048 987 3368 1041 charissima
3388 1029 3400 1051 ,
3433 989 3625 1042 divina:
3659 991 3789 1059 legis
3814 991 3989 1044 edicta
4013 1009 4026 1042 :
4069 991 4137 1045 ab

2556 1073 2640 1128 his
2668 1075 2848 1126 omnia
2881 1073 3172 1143 Scriptura:
3206 1091 3373 1130 sacrae
3421 1079 3686 1146 prodeunt
3730 1079 4092 1132 instrumenta
4118 1121 4134 1143 ,

2557 1165 2643 1218 his
2681 1165 2929 1219 omnibus
2972 1177 3175 1220 sanctae
3225 1167 3502 1235 religionis
3545 1170 3794 1223 innititur
3831 1170 4136 1239 disciplina.

2557 1252 2682 1307 Haec
2714 1261 2870 1307 certe
2886 1252 3165 1308 ﬂuentium
3192 1255 3473 1310 vulnerum
3502 1257 3736 1322 vincula,
3764 1259 3877 1313 haec
3907 1259 4141 1312 salubris

2555 1351 2639 1396 est
2685 1342 2988 1395 animarum
3046 1342 3416 1412 languentium
3457 1348 3762 1401 medicina.
3817 1348 3926 1404 Has
3983 1349 4142 1418 plane

2557 1445 2745 1503 omnes
2771 1430 2975 1500 plagas,
3005 1447 3142 1499 quas
3171 1433 3224 1486 in
3254 1433 3486 1504 Egypto
3510 1436 3850 1506 pertulitnus,
3877 1438 3986 1492 imo
4008 1455 4142 1492 cuu-

2557 1530 2674 1576 ctos
2712 1522 3030 1576 interiorum
3063 1526 3442 1593 regritudinum
3489 1529 3735 1592 morbos,
3779 1544 3916 1598 quos
3941 1529 3991 1582 in
4023 1529 4141 1598 pla-

2559 1611 2691 1665 nitie
2716 1611 2988 1666 saecularis
3015 1613 3138 1666 vita:
3161 1614 3530 1683 concepimus,
3558 1617 3696 1685 apud
3721 1625 3960 1670 montem
3991 1617 4142 1671 Sinai

2561 1700 2758 1770 (Exod.
2794 1703 2906 1772 xu)
2928 1741 2944 1765 ,
2972 1702 3074 1756 hoc
3104 1714 3210 1766 est,
3247 1705 3300 1757 in
3329 1705 3660 1760 sublimitate
3688 1711 3826 1769 sacri
3859 1710 4142 1778 propositi,

2561 1804 2755 1842 curare
2785 1789 3064 1844 debemus.
3097 1791 3153 1843 lu
3185 1792 3269 1846 his
3299 1793 3483 1861 itaque
3507 1810 3721 1863 semper
3746 1807 3888 1862 esto,
3913 1799 4029 1852 haec
4059 1813 4145 1853 se-

889 1902 1027 1940 oam.
1083 1887 1188 1941 Sed
1242 1887 1534 1955 spiritualis
1578 1887 1803 1952 fructus,
1857 1891 2011 1959 quasi
2067 1889 2458 1958 primogenitus
2493 1869 2533 1926 Β
2562 1877 2718 1931 (illius
2765 1879 3028 1933 ωθάίίθτθ
3063 1898 3074 1931 ε
3109 1889 3195 1944 ειν

1857 1891 2011 1959 quasi
2067 1889 2458 1958 primogenuus
2493 1869 2533 1926 Β
2562 1877 2718 1931 dulus
2765 1879 3028 1933 meditare
3063 1898 3074 1931 :
3109 1889 3195 1944 et,
3227 1890 3284 1934 ut
3314 1881 3388 1933 ita
3429 1882 3620 1951 loquar
3642 1923 3656 1948 ,
3712 1885 3826 1940 lucc
3875 1888 4145 1956 pigmenta

890 1987 1091 2041 uoster,
1146 1979 1197 2031 in
1228 1979 1427 2032 nostris
1452 1979 1703 2048 Operibus
1755 1980 1911 2035 debet
1959 1981 2202 2036 obtinere
2256 1981 2461 2050 prima-

891 2078 1015 2123 tum.
1063 2068 1212 2123 Unde
1252 2079 1306 2123 et
1343 2070 1598 2125 Dominus
1631 2089 1643 2123 :
1683 2089 1701 2122 ‹
1736 2071 2006 2135 Primum,
2059 2072 2261 2140 inquit,
2315 2086 2459 2139 quaa-

890 2160 986 2212 rite
1032 2177 1252 2229 regnum
1311 2161 1432 2225 Dei,
1474 2170 1526 2216 et
1586 2163 1697 2216 inec
1751 2164 1928 2218 omnia
1982 2162 2301 2230 adjicientur
2362 2177 2457 2216 vo-

888 2248 967 2303 bis
1005 2249 1230 2314 (Jlattlt.
1276 2267 1362 2317 vt;
1412 2250 1539 2306 Luc.
1583 2253 1711 2321 xu).
1760 2272 1778 2304 ι
1817 2254 1897 2306 Ac
1936 2253 1980 2306 si
2019 2253 2161 2306 dicat
2194 2269 2206 2305 :
2248 2251 2460 2321 Cignite

889 2339 1218 2406 spiritualem
1265 2341 1513 2404 fructum,
1546 2345 1636 2410 qui
1669 2351 1844 2397 vester
1877 2343 1945 2397 sit
1975 2343 2158 2412 utique
2197 2343 2463 2410 primoge-

890 2430 1069 2495 nitus;
1106 2433 1214 2498 qui.
1240 2448 1364 2486 vero
1394 2435 1460 2486 ad
1509 2433 1664 2500 hujus
1697 2435 1820 2491 vitm
1867 2434 2100 2502 pertinet
2134 2435 2458 2496 necessaria,

891 2519 957 2572 sit
994 2520 1044 2572 in
1079 2520 1391 2575 inmeditate
1430 2523 1714 2578 secundus.
1755 2523 1888 2576 lluic
1916 2523 2059 2576 enim
2107 2522 2461 2592 primogenito

891 2621 1005 2658 cum
1036 2606 1203 2662 Jacob
1235 2609 1458 2663 debetur
1484 2611 1782 2664 benedictio
1813 2609 1962 2680 (Gen.
1994 2612 2142 2681 xxxv)
2170 2651 2181 2670 .
2225 2612 2288 2663 de
2321 2611 2458 2664 Esau

891 2709 1014 2748 vero
1050 2697 1275 2766 ejusque
1311 2699 1574 2753 similibus
1605 2699 1878 2768 Scriptura
1910 2700 2072 2756 dicit:
2107 2719 2124 2751 ‹
2147 2700 2459 2766 Hiereditas,

891 2784 954 2836 ad
984 2801 1144 2854 quam
1176 2788 1227 2839 in
1258 2788 1521 2856 principio
1550 2788 1850 2852 festinatur,
1885 2791 1936 2842 in
1975 2791 2271 2844 novissimo
2303 2793 2461 2844 benc-

891 2871 1124 2937 dictione
1152 2875 1358 2930 carebit
1387 2877 1568 2945 (Prov.
1612 2879 1726 2949 xx).
1768 2899 1785 2930 ι
1818 2879 1893 2932 De
1928 2880 2012 2934 his
2036 2880 2244 2934 duobus
2279 2881 2462 2935 liberis

891 2959 943 3012 in
974 2962 1389 3017 Deuteronomio
1423 2981 1517 3033 per
1546 2965 1767 3034 figuram
1798 2967 2030 3022 dicitur:
2066 2987 2084 3019 r
2116 2967 2186 3022 'Si
2216 2969 2462 3023 habuerit

893 3049 1050 3103 honto
1079 3068 1276 3108 uxores
1304 3054 1456 3116 duas,
1487 3071 1648 3110 unam
1679 3057 1948 3122 dilectam,
1976 3067 2029 3112 et
2057 3058 2281 3112 alteram
2312 3061 2462 3119 odio—

890 3155 1034 3206 sam,
1079 3146 1430 3215 genueritque
1478 3163 1545 3202 ex
1596 3149 1675 3202 eis
1719 3149 1954 3213 liberos,
1999 3159 2055 3203 et
2103 3151 2265 3207 fuerit
2320 3151 2461 3209 ﬁlius

889 3233 1085 3288 odiosa:
1121 3237 1528 3306 primogenitus,
1559 3239 1892 3309 volueritque
1935 3242 2288 3304 substantiam
2323 3245 2461 3301 inter

893 3319 1026 3377 filios
1071 3339 1201 3379 suos
1251 3326 1512 3389 dividere.
1551 3343 1656 3384 non
1700 3331 1897 3399 poterit
1940 3331 2105 3385 lilium
2143 3333 2348 3388 dilectae
2386 3335 2461 3387 fa.

890 3425 1009 3465 cere
1056 3413 1501 3488 primogenitum,
1547 3425 1602 3478 et
1635 3417 1892 3486 praeferre
1931 3419 2038 3473 liiio
2081 3420 2325 3475 odiosae:
2369 3424 2464 3478 sed

893 3497 1052 3552 filium
1101 3503 1302 3557 odiosa:
1339 3514 1591 3573 agnoscet
1635 3508 2070 3577 primogenitum,
2108 3509 2361 3580 dabitque
2413 3514 2464 3568 ei

891 3590 955 3644 de
1003 3593 1086 3646 bis
1137 3609 1259 3662 qua:
1319 3596 1568 3650 habuerit
1630 3608 1823 3652 cuncta
1886 3601 2158 3669 duplicia;
2225 3603 2326 3656 iste
2381 3612 2466 3657 est

893 3680 1030 3736 enim
1078 3683 1400 3752 principium
1456 3686 1744 3740 liberorum
1792 3689 1948 3757 ejus,
1993 3699 2047 3744 et
2095 3691 2221 3746 huic
2262 3691 2464 3746 deben-

896 3774 979 3835 tur
1014 3770 1369 3840 primogenita
1407 3773 1580 3840 (Deut.
1625 3776 1757 3845 ut).
1809 3797 1827 3828 ι
1868 3778 1941 3830 De
1978 3779 2172 3846 quibus
2217 3781 2466 3835 omnibus

889 3855 1106 3911 verbum
1168 3858 1294 3913 illud
1340 3861 1425 3915 hic
1466 3863 1724 3918 duntaxat
1765 3865 2007 3920 ducimus
2069 3870 2464 3938 exponendum,

893 3941 1044 4012 721
1076 3946 1223 4015 quod
1266 3963 1403 4002 uxor
1442 3949 1633 4004 dilecta
1661 3953 1732 4005 sit
1778 3954 1883 4006 vita
1916 3955 2089 4008 mollis
2116 3995 2130 4020 ,
2181 3957 2464 4024 deliciosa,

895 4037 1155 4101 carnalis;
1185 4041 1368 4094 odiosa
1400 4051 1577 4096 autem
1611 4059 1745 4098 uxor
1774 4055 1857 4098 est
1887 4047 1991 4099 vita
2023 4048 2346 4115 spiritualis,
2375 4061 2464 4104 ut-

893 4135 1012 4192 pote
1039 4128 1213 4196 rigida
1231 4169 1244 4192 ,
1285 4131 1551 4195 districta,
1587 4143 1640 4186 et
1669 4136 1887 4190 omnino
1910 4138 2209 4191 carnalium
2237 4139 2468 4195 delecta-

897 4214 1094 4268 tiouum
1137 4217 1402 4274 illecebris
1431 4222 1668 4278 inimica.
1703 4225 1872 4294 llujus
1907 4228 2175 4300 ergolilio
2200 4231 2467 4302 primoge-

893 4306 1001 4362 nita
1049 4310 1351 4376 debentur,
1396 4317 1520 4383 quia
1569 4317 1865 4386 spiritualis
1905 4321 2025 4374 vita:
2064 4305 2277 4376 fructus
2318 4309 2466 4389 illum

895 4396 1092 4452 habere
1123 4413 1364 4456 meretur
1388 4405 1439 4457 in
1471 4407 1746 4474 prazmium
1777 4449 1789 4472 ,
1820 4409 1908 4477 qui
1944 4419 2027 4464 cst
2054 4451 2068 4473 ,
2107 4409 2263 4478 juxta
2301 4411 2465 4468 Joan-

2561 1967 2641 2021 vel
2673 1969 2880 2037 species
2907 1969 2958 2022 in
2983 1970 3278 2038 ptisauario
3312 1975 3506 2027 mentis
3533 1984 3634 2029 tua:
3661 1977 3865 2046 jugiter
3898 1990 4031 2033 tere.
4066 1981 4146 2034 Ex

2563 2059 2662 2111 hac
2683 2058 2845 2125 igitur
2868 2067 3169 2114 aromatum
3197 2062 3330 2114 cella
3361 2062 3520 2132 722
3549 2081 3653 2118 non
3698 2081 3893 2132 exeas;
3933 2070 4026 2124 sed
4059 2071 4148 2124 hic

2560 2161 2751 2201 omnes
2773 2149 2966 2202 anima:
2994 2159 3097 2205 tute
3121 2151 3358 2207 latebras
3385 2156 3651 2210 curiosius
3675 2159 3879 2228 inspice
3904 2177 3917 2224 ;
3951 2172 4148 2216 cuncta

2561 2241 2827 2293 viscerum
2854 2251 3063 2296 tuorum
3086 2249 3282 2298 arcana
3309 2257 3580 2312 scrutare;
3614 2252 4003 2314 medicamenta
4033 2255 4145 2308 vul-

2563 2329 2814 2393 neribus,
2844 2340 3004 2399 prout
3032 2333 3228 2402 cuique
3266 2344 3391 2403 apta
3426 2341 3764 2406 perspexeris
3787 2381 3799 2404 ,
3834 2343 4060 2409 adhibe,
4096 2354 4151 2399 et

2564 2417 2986 2473 incolumitatem
3020 2432 3303 2491 postquam
3336 2428 3503 2480 semel
3537 2431 3762 2497 adeptus
3798 2432 3990 2497 fueris,
4023 2450 4150 2503 pcr-

2565 2509 2706 2578 vigili
2731 2519 2916 2578 satage
2941 2512 3160 2567 solertia
3187 2518 3478 2570 custodire.
3509 2518 3638 2572 Nam
3667 2523 3818 2590 pejor
3843 2533 3925 2576 est
3958 2526 4152 2578 recidi-

2565 2613 2628 2651 va
2665 2613 2824 2666 quam
2857 2598 3051 2665 febris;
3095 2611 3172 2667 et,
3206 2589 3346 2657 sicut
3375 2608 3566 2660 medici
3611 2589 3941 2676 perhibent,
3993 2614 4152 2667 diaeta

2563 2702 2670 2740 non
2698 2689 2876 2743 minus
2914 2699 2997 2744 est
3019 2692 3354 2747 observanda
3381 2712 3542 2765 quam
3569 2714 3733 2765 cura;
3791 2702 4038 2757 videlicet
4091 2716 4146 2758 ut

2564 2783 2812 2837 alimenta
2852 2801 2971 2855 quae
2991 2797 3112 2840 sunt
3135 2792 3404 2843 contraria
3439 2808 3664 2858 caveas;
3693 2805 3746 2848 et
3767 2797 4026 2866 quidquid
4052 2814 4149 2852 no-

2563 2874 2731 2938 xium,
2755 2877 3010 2944 quidquid
3032 2881 3266 2948 acceptis
3290 2883 3540 2937 antidotis
3555 2885 3815 2954 probatur
3837 2888 4143 2950 adversum.

2566 2969 2819 3031 tanquam
2833 2967 2980 3020 virus
3003 2967 3195 3022 lethale
3225 2981 3557 3027 contemnas.
3578 2973 3688 3027 l’loc
3707 2985 3788 3028 est
3812 2976 3967 3044 plane
3990 2978 4149 3032 deca-

2563 3053 2823 3106 chordum
2853 3055 2979 3109 illud
3005 3057 3350 3125 psalterium,
3377 3062 3520 3130 quod
3551 3062 3741 3116 crebra
3774 3066 3961 3136 plectri
3987 3065 4147 3133 jube~~

2566 3160 2686 3198 mur
2711 3145 3027 3214 impulsione
3050 3159 3352 3216 percutere,
3383 3152 3485 3205 hoc
3515 3160 3596 3206 est
3615 3192 3638 3217 .,
3671 3155 3871 3208 sanctis
3897 3157 4151 3224 operibus

2566 3240 2719 3308 quasi
2747 3248 2823 3293 tot
2849 3241 3078 3295 chordas
3098 3250 3229 3310 quot
3270 3252 3398 3297 sunt
3431 3243 3683 3298 mandata
3711 3287 3725 3308 ,
3747 3247 4007 3315 crispare.
4057 3247 4152 3303 llis

2568 3329 2749 3396 itaque
2767 3330 2902 3383 bene
2915 3331 3226 3398 compositis
3244 3370 3258 3393 ,
3278 3346 3399 3384 cum
3415 3331 3595 3401 Moyse
3618 3343 3867 3386 montana
3893 3349 4138 3390 conscen-

2569 3417 2650 3476 de,
2671 3416 3013 3471 districtioris
3037 3419 3156 3473 vitae
3175 3419 3448 3490 fastigium
3472 3422 3672 3489 arripe,
3691 3433 3746 3474 ut
3771 3439 3890 3476 cum
3913 3439 3978 3477 eo
3990 3426 4151 3480 simul

2569 3509 2830 3563 merearis
2859 3510 3046 3565 audire
3074 3529 3085 3563 :
3118 3529 3135 3561 ι
3177 3513 3340 3580 Vade,
3365 3522 3420 3566 et
3440 3513 3525 3568 dic
3551 3515 3632 3568 eis
3666 3534 3678 3567 :
3714 3515 4067 3571 Revertimini
4097 3520 4151 3573 in

2572 3597 2800 3650 tentoria
2835 3607 3043 3662 vestra;
3078 3608 3131 3652 tu
3156 3613 3282 3653 vero
3302 3612 3394 3657 _sta
3426 3601 3533 3665 hic,
3556 3611 3611 3663 ct
3637 3603 3826 3672 loquar
3853 3607 3945 3660 tibi
3970 3609 4151 3661 omnia

2572 3687 2844 3749 mandata,
2875 3695 2928 3741 et
2965 3689 3312 3750 ceremonias
3339 3731 3352 3755 ,
3391 3701 3552 3760 atque
3575 3692 3779 3760 judicia
3812 3696 3989 3765 (Deut.
4015 3700 4090 3767 ν).
4129 3721 4145 3750 ι

2573 3773 2651 3827 Tu
2695 3789 2912 3844 quoque
2950 3777 3085 3832 dans
3132 3782 3332 3834 mundo
3375 3783 3696 3850 repudium,
3751 3801 3870 3839 cum
3927 3787 4152 3844 Domino

2566 3864 2765 3933 jugiter
2793 3881 3048 3933 permane
3072 3908 3087 3930 ,
3137 3878 3190 3921 et
3223 3871 3270 3922 in
3302 3870 3418 3938 ejus
3442 3885 3732 3941 conspectu
3759 3888 4039 3946 promptus
4067 3897 4155 3934 as-

2572 3955 2721 4009 siste.
2773 3955 2953 4025 Neque
2988 3958 3132 4010 enim
3173 3959 3306 4013 dicit
3352 3975 3366 4013 :
3406 3960 3548 4015 Sede
3602 3964 3690 4018 hic
3716 4005 3729 4029 ,
3780 3965 3858 4018 vel
3899 3971 4153 4024 recumbe

2573 4061 2816 4110 mecum;
2849 4048 2974 4112 sed,
3024 4057 3105 4101 sta
3136 4049 3223 4103 hic
3269 4065 3498 4104 mecum.
3559 4051 3626 4106 Ut
3652 4053 3915 4124 intelligas
3979 4057 4154 4125 ipsum

2571 4134 2848 4201 spirituale
2868 4135 3035 4188 otium
3063 4137 3111 4189 in
3137 4137 3334 4192 laboris
3362 4140 3625 4194 exercitio
3650 4144 4023 4199 constitutum.
4055 4132 4152 4200 Sta

2572 4224 2733 4294 igitur
2761 4225 2812 4277 in
2845 4236 3025 4280 monte
3049 4242 3171 4280 cum
3200 4228 3449 4292 Domino,
3477 4239 3535 4282 ut
3559 4225 3929 4290 infinderabile
3953 4236 4154 4290 bellum

2571 4330 2692 4368 cum
2720 4315 2999 4382 spiritibus
3023 4317 3274 4384 nequitiae
3299 4316 3503 4388 jugiter
3557 4335 3815 4376 conseras
3841 4364 3855 4389 ,
3899 4333 3957 4378 ut
3982 4325 4152 4380 illices

2571 4403 2882 4470 passionum
2940 4405 3238 4458 carnalium
3303 4408 3633 4474 petulantias
3709 4426 3813 4463 non
3881 4415 4152 4468 enerviter

895 4500 1033 4552 nem,
1080 4508 1098 4540 ‹
1119 4489 1520 4561 Primogenims
1538 4507 1894 4564 mortuorum,
1919 4509 1971 4554 οι
1999 4503 2250 4572 princeps
2277 4520 2463 4574 regum
2497 4532 2546 4589 Β
2574 4494 2808 4563 frangas.
2853 4493 2942 4548 Sic
2989 4496 3190 4588 itaque“
3206 4497 3465 4553 adversus
3501 4501 3869 4567 ingruentium
3902 4506 4152 4562 vitiorum

895 4582 1082 4644 terrae;
1115 4583 1207 4650 qui
1234 4583 1416 4638 dilexit
1440 4601 1555 4650 nos,
1583 4595 1634 4640 et
1657 4588 1783 4641 lavit
1808 4604 1911 4644 nos
1938 4606 1967 4644 a
1998 4595 2234 4661 peccatis
2262 4597 2464 4650 nostris

892 4662 943 4716 itt
970 4669 1234 4737 sanguine
1272 4687 1369 4724 suo
1399 4674 1582 4740 (Apoc.
1621 4680 1683 4747 ι).
1718 4698 1734 4728 ι
1771 4676 1875 4732 Sed
1917 4680 2002 4732 hic
2039 4682 2426 4752 primogenitus
2449 4726 2463 4750 ,

891 4755 941 4808 id
964 4768 1046 4811 est
1087 4761 1384 4829 spiritualis
1410 4763 1639 4833 fructus,
1682 4769 1755 4822 illi
1786 4770 1970 4838 procul
1999 4773 2162 4827 dubio
2192 4775 2420 4830 moritur
2451 4815 2465 4838 ,

892 4848 1001 4915 qui,
1029 4850 1146 4905 suis
1178 4867 1286 4907 non
1316 4864 1620 4922 contentus,
1646 4859 1837 4914 alienis
1860 4863 2016 4916 rebus
2039 4863 2293 4930 intendit;
2323 4866 2466 4934 quod

892 4934 1111 4994 fraterni
1137 4941 1281 5008 juris
1305 4953 1388 5000 est
1410 4949 1641 5017 appetit,
1675 4957 1730 5003 et
1761 4951 1898 5004 bona
1927 4954 2158 5021 proximi
2185 4957 2461 5009 succensis

890 5028 1125 5084 avaritiae
1159 5030 1367 5088 facibus
1397 5039 1746 5106 concupiscit.
1771 5040 1873 5093 Sed
1889 5042 2152 5099 decimum
2174 5044 2306 5113 legis
2326 5060 2465 5113 pne-

890 5127 1096 5184 cClitum
1155 5131 1286 5177 est:
1322 5142 1344 5175 ι
1379 5125 1494 5183 Non
1538 5131 1884 5197 concupisces
1939 5149 2052 5187 rem
2105 5137 2335 5205 proximi
2388 5139 2464 5191 tui

892 5201 1084 5274 (It'aod.
1121 5211 1238 5281 xx).
1273 5231 1291 5264 ι
1347 5215 1459 5271 lloc
1494 5217 1657 5286 igitur
1697 5220 1784 5274 ille
1834 5201 2140 5279 mandatum
2181 5225 2463 5295 diligenter

2570 4582 2874 4652 barbariem
2899 4587 3116 4652 dimica,
3149 4582 3208 4641 ut
3236 4590 3463 4644 rebelles
3487 4607 3608 4644 cum
3631 4592 3793 4649 Josue
3819 4596 3987 4650 victor
4015 4600 4153 4652 obti-

2569 4691 2699 4730 neas
2748 4692 2903 4745 reges
2951 4675 3086 4745 (los.
3128 4677 3183 4746 x)
3211 4717 3224 4741 ,
3268 4679 3489 4748 ipseque
3519 4691 3576 4744 te.
3608 4681 3800 4746 jubeat
3841 4685 4152 4741 victricibus

2568 4765 2767 4835 plantis
2797 4781 2985 4821 eorum
3014 4767 3224 4822 calcare
3264 4770 3546 4836 cervices;
3581 4784 3870 4847 quatenus,
3910 4777 4153 4842 hostium

2571 4858 2837 4912 manubiis
2859 4858 3162 4927 opulentus,
3190 4868 3245 4917 et
3264 4861 3618 4915 victoriarum
3647 4863 3816 4919 titulis
3840 4867 4151 4935 insignitus,

2575 4959 2773 5006 terram
2825 4952 3260 5021 repromissionis
3317 4952 3676 5022 triumphatur
3728 4957 3993 5025 attingas,
4047 4959 4152 5012 imo

2571 5061 2691 5099 cum
2741 5045 2884 5100 veris
2931 5043 3188 5099 lsraelitis
3231 5053 3430 5099 terram
3471 5046 3764 5101 viventium
3810 5049 4153 5106 haereditaﬁo

2573 5151 2786 5207 semper
2815 5152 3035 5191 munere
3063 5136 3358 5205 possideas.

2902 5225 2982 5281 Sit
3014 5241 3197 5280 nomen
3225 5225 3435 5280 Domini
3467 5225 3810 5281 benedictum.

4993 6213 5163 6359 ἂ
