5882 6664
2426 455 2527 508 ωδ

2872 508 2929 560 S.
2963 506 3156 560 PETRI
3196 504 3470 559 DAHlANl
3504 505 3653 560 OPl‘.
3695 504 3926 560 TOML'S
3964 504 4090 560 SEL'
4131 504 4304 560 PARS
4343 504 4424 558 lll.
4455 530 4522 547 -—
4557 505 4912 560 OPIISCULA
4954 503 5171 558 VARIA.

2471 842 2824 915 ⁷³³⁷2⁸
2881 846 3648 966 OPUSCULUM
3722 858 4836 983 QUADRAGESIMUM
4940 858 5562 981 QUINTUM.

2769 1065 2876 1127 DE
2910 1067 3211 1128 SANLTA
3258 1064 3815 1131 SlMPLlLlTATE
3849 1061 4228 1123 SCIENTIA‘I
4265 1063 4638 1123 INFLANTI
4676 1063 5276 1125 ANTEPONENDA.

2409 1417 3200 1489 Διεωιεκτιτκμ-(ἷοηςοιειιυι-
3227 1417 3585 1489 Ariprandum
3617 1421 3961 1480 monachum,
3984 1419 4073 1486 qui
4106 1420 4372 1489 ingenium
4409 1419 4716 1474 liberalibus

3299 1417 3585 1489 'iprandum
3617 1421 3961 1480 monachum,
3984 1419 4073 1486 qui
4106 1420 4372 1489 ingenium
4409 1419 4716 1474 liberalibus
4759 1419 5050 1489 disciplinis
5071 1417 5123 1470 in
5143 1418 5334 1472 szeculo
5359 1433 5622 1476 noncch-

2479 1489 2634 1567 luerit
2662 1490 3030 1567 soslendrlqtte
3061 1487 3258 1567 sciendi
3289 1486 3635 1567 cupiditatem
3671 1489 3930 1567 originem
3963 1503 4079 1567 esse
4103 1486 4673 1567 .ntaloruniotnniutn;
4718 1486 4997 1542 scientiam
5038 1486 5238 1552 ipsam,
5271 1491 5556 1567 prtcsertitit
5582 1505 5620 1567 ἰ

2476 1557 2798 1610 Christianis
2821 1557 3104 1610 virtutibus
3135 1557 3461 1623 ahjunctam,
3493 1557 3880 1621 professoribus
3915 1558 4292 1625 perniciosam,
4319 1557 4436 1610 aliis
4464 1557 4730 1619 inutilem;
4760 1566 4943 1612 contra
4971 1570 5094 1609 vero
5114 1569 5350 1610 sanctam
5375 1558 5621 1623 simplici-

2471 1634 2632 1678 tatem
2658 1640 2899 1697 secnram
2929 1641 3048 1679 esse
3081 1642 3142 1679 ac
3166 1626 3466 1697 perutilent.
3506 1625 3736 1697 Proinde
3766 1627 3909 1679 illum
3937 1627 4183 1680 hortatur
4229 1637 4308 1687 ut,
4333 1628 4378 1680 si
4414 1627 4539 1681 velit
4566 1625 4764 1695 aliquid
4789 1626 4992 1680 utiliter
5019 1640 5226 1694 sapere,
5257 1625 5322 1679 ad
5347 1627 5508 1680 Deum
5531 1641 5620 1697 per

2471 1711 2500 1746 c
2523 1692 2966 1764 mtemplationetn
3007 1709 3182 1747 rerum
3219 1693 3518 1748 divinarum
3548 1695 3787 1748 accedat.

2473 1787 2682 1839 Sancta:
2729 1785 2840 1854 spei
2897 1784 3003 1837 ﬁlio
3048 1785 3358 1838 ABIPRANDO
3385 1824 3400 1846 ,
3454 1783 3668 1839 Peraus
3703 1793 3957 1853 peccator
3982 1789 4032 1847 Α
4060 1797 4208 1848 rum,
4244 1800 4347 1839 nun
4372 1784 4528 1849 licet,
4564 1798 4759 1854 quasso,
4787 1783 5008 1854 pastori,
5048 1792 5106 1836 ut
5131 1783 5423 1838 censoriam
5464 1798 5619 1854 super

2407 1876 2705 1931 monachus
2735 1884 2970 1942 paternae
2999 1874 3298 1926 dilectionis
3339 1873 3609 1926 adeetum.

2484 1962 2652 2015 Nimis
2694 1962 2930 2026 ingratus
2961 1969 3043 2013 est
3071 1975 3256 2014 servus
3280 2001 3294 2025 ,
3335 1960 3380 2012 si
3410 1973 3693 2028 posuiuam
3731 1960 3831 2014 tela
3888 1959 3969 2013 vel

2411 2049 2614 2118 gladios
2659 2051 2724 2101 ah
2756 2049 2906 2101 herili
2941 2047 3259 2102 liberalitate
3290 2049 3525 2117 percepit
3555 2090 3569 2113 ,
3610 2050 3811 2102 eisdem
3845 2065 3969 2103 mox

2406 2137 2572 2190 armis
2616 2137 2883 2191 accinctus
2911 2178 2924 2196 .
2958 2138 3212 2190 adversus
3241 2137 3513 2191 dominum
3546 2153 3697 2190 suum
3726 2141 3971 2206 protinus

2404 2230 2454 2278 in
2489 2225 2620 2280 bella
2645 2227 2955 2294 consurgit:
2983 2226 3364 2294 perduellionis
3400 2242 3519 2279 reus
3547 2237 3628 2279 est
3660 2229 3810 2281 miles
3852 2231 3962 2296 qui,

2403 2317 2600 2366 ditatus
2619 2315 2992 2394 imperialibus
3016 2314 3191 2371 donis.
3226 2316 3416 2367 asserit
3443 2316 3618 2382 aptius
3647 2316 3745 2369 sibi
3775 2332 3967 2369 conve-

2412 2401 2528 2453 nire
2579 2416 2833 2455 coronam
2891 2415 3050 2470 quam
3125 2400 3472 2466 subiectionis
3523 2404 3600 2455 vel
3653 2403 3966 2458 obedientite

2407 2490 2726 2543 clientelam.
2768 2488 3050 2543 Confiteris
3081 2498 3152 2552 te,
3188 2490 3258 2541 illi
3291 2490 3395 2550 mi,
3426 2490 3754 2559 frequentius
3798 2493 3967 2562 impu—

2405 2579 2598 2644 gnari,
2641 2590 2693 2631 et
2741 2578 3102 2632 infestantium
3138 2580 3516 2647 cogitationum
3551 2580 3788 2646 perferre
3835 2580 3964 2634 cali-

2407 2668 2614 2736 ginem.
2653 2669 2773 2736 quia
2802 2683 2921 2721 cum
2951 2668 3120 2722 docile
3149 2684 3244 2722 cor
3294 2684 3353 2720 ac
3411 2670 3720 2724 facillimum
3770 2670 3965 2725 habeas

2408 2761 2474 2810 ad
2507 2759 2847 2823 discendum,
2883 2769 3004 2812 ante
3046 2763 3156 2812 veri
3199 2760 3412 2815 luminis
3456 2761 3656 2814 aditum
3694 2764 3962 2830 requisisti

2400 2862 2560 2916 quam
2600 2833 2795 2901 ca‘cant
2844 2850 3279 2916 philosophorum
3324 2851 3641 2918 sapientiam
3681 2851 3958 2906 disceres:

2401 2943 2522 2988 ante
2545 2935 2610 2988 ad
2635 2951 2867 2989 eremum
2896 2937 3198 3006 pervolasti,
3233 2955 3462 3007 sequens
3483 2942 3703 3008 vestigia
3733 2941 3961 3008 piseato-

2413 3040 2563 3088 runt,
2618 3042 2776 3094 quam
2806 3026 3099 3081 liberalium
3140 3029 3335 3083 artium
3383 3046 3485 3084 non
3548 3033 3720 3084 dium
3775 3035 3965 3087 studiis

2400 3114 2493 3167 sed
2520 3112 2758 3167 stultitiis
2788 3114 2973 3168 insuda
2985 3131 3085 3168 res.

2915 3203 3139 3258 CAPUT
3178 3204 3457 3260 PRIMUM.

2663 3295 2898 3350 Scientiw
2923 3298 3177 3365 cupiditas
3203 3314 3356 3368 quam
3381 3301 3687 3366 perniciosa.

2472 3385 2620 3440 lianc
2664 3402 2790 3453 ergo
2836 3387 3106 3454 querelam
3143 3403 3173 3440 a
3205 3399 3256 3442 te
3286 3387 3565 3442 clementia
3608 3390 3786 3445 divina
3810 3406 3956 3445 cont-

2409 3492 2438 3524 u
2463 3475 2620 3529 eruit.
2653 3490 2770 3541 qute
2798 3487 2852 3528 et
2881 3475 2974 3528 tibi
3003 3477 3295 3530 subtilioris
3317 3477 3512 3545 ingenii
3538 3480 3737 3547 gratias
3760 3495 3955 3549 prtere-

2397 3562 2564 3629 gavit.
2591 3561 2850 3615 Nimirum
2885 3563 2926 3616 si
2954 3563 3093 3617 inter
3138 3564 3246 3634 ipsa
3279 3576 3380 3619 tua:
3419 3569 3714 3619 rudimenta
3755 3570 3956 3622 militize

2400 3664 2716 3706 veternosus
2749 3655 2916 3708 hostis
2941 3657 3124 3709 eodem
3156 3665 3203 3707 te
3225 3671 3420 3725 genere
3447 3659 3759 3711 certaminis
3791 3661 3957 3727 impc-

2399 3741 2486 3794 tiit
2517 3781 2530 3804 ,
2577 3757 2682 3811 quo
2712 3744 2914 3797 SClllCt‘l
2961 3754 3015 3796 et
3046 3745 3095 3796 in
3129 3744 3238 3812 ipso
3274 3747 3453 3798 mundi
3506 3747 3774 3800 nascentis
3804 3747 3954 3800 initio

2397 3831 2599 3897 primos
2620 3842 2865 3899 parentes
2888 3831 3103 3886 humani
3129 3835 3338 3901 generis
3357 3837 3645 3902 superavit.
3671 3836 3790 3890 llaec
3811 3839 3953 3890 enim

2398 3921 2566 3988 prima
2596 3924 2858 3989 serpentis
2892 3925 3047 3977 verba
3071 3933 3192 3977 sunt
3217 3924 3283 3977 ad
3321 3908 3627 3989 mulierem,
3662 3927 3744 3982 his
3778 3928 3952 3982 sibilis

2396 4012 2557 4064 draco
2589 4014 2891 4067 teterrimos
2920 4016 2970 4067 in
3001 4031 3092 4068 cor
3122 4015 3238 4074 efus
3267 4030 3468 4071 venena
3500 4017 3721 4072 stillavit
3750 4033 3764 4071 :
3798 4038 3815 4070 t
3839 4018 3954 4073 Scit

2399 4100 2536 4154 Deus
2560 4139 2576 4163 ,
2621 4101 2823 4168 inquit,
2858 4102 2996 4169 quod
3027 4104 3078 4156 in
3107 4119 3422 4174 quocunque
3450 4107 3531 4159 die
3555 4106 3854 4160 comederis
3885 4124 3947 4162 ex

2397 4200 2460 4239 eo
2490 4225 2504 4249 ,
2545 4204 2564 4235 ι
2603 4187 2743 4240 haud
2778 4188 2994 4242 dubium
3023 4191 3150 4258 quin
3175 4206 3362 4259 pomo,
3392 4209 3410 4243 t
3450 4195 3763 4262 aperientur
3807 4196 3947 4251 oculi

2397 4276 2586 4330 vestri:
2623 4298 2641 4330 ι
2667 4287 2740 4342 et,
2775 4298 2791 4329 ι
2812 4280 2962 4334 eritis
2985 4281 3122 4334 sicut
3147 4283 3249 4344 dii,
3273 4284 3504 4339 scientes
3543 4286 3739 4340 bonum
3760 4296 3814 4341 et
3842 4303 3952 4341 ma-

2396 4372 2500 4420 tum
2543 4364 2690 4436 (Cen.
2743 4370 2845 4436 tu).
2887 4389 2905 4421 ι
2958 4370 3132 4434 Ecce,
3180 4373 3371 4439 frater,
3427 4375 3507 4429 vis
3541 4379 3946 4445 grammaticam

4067 1888 4281 1943 gregem
4315 1890 4469 1928 suum
4520 1874 4778 1942 virgulam
4811 1880 5018 1937 teneat,
5061 1886 5285 1941 cumque
5322 1872 5402 1925 vel
5429 1886 5619 1926 mensae

4077 1963 4154 2013 vel
4197 1975 4405 2027 pascua:
4437 1976 4532 2028 pro
4572 1960 4846 2014 voluntate
4889 1959 5176 2013 decernat?
5203 1957 5331 2011 Nam
5359 1967 5410 2012 et
5447 1957 5618 2011 Domi-

4068 2064 4167 2101 nus
4195 2049 4245 2102 in
4271 2047 4525 2118 legalibus
4550 2047 4883 2102 caeremoniis
4912 2047 5067 2101 modo
5095 2047 5270 2107 boves.
5299 2046 5452 2101 modo
5473 2045 5613 2097 vitu-

4070 2137 4147 2190 los
4169 2179 4184 2203 ,
4235 2140 4390 2193 modo
4416 2138 4642 2206 arietes,
4675 2138 4833 2194 modo
4859 2151 5026 2210 agnos
5073 2135 5349 2192 anniculos
5376 2136 5614 2207 pracipit

4070 2229 4352 2284 immolari.

4681 2317 4909 2375 CAPUT
4947 2317 5008 2373 ll.

4134 2411 4239 2466 Cur
4268 2411 4406 2466 Deus
4441 2412 4807 2488 aliosjuvenu
4827 2451 4841 2476 ,
4876 2411 5009 2465 alios
5037 2428 5181 2467 senes
5215 2413 5283 2464 ad
5312 2427 5365 2466 se
5389 2421 5547 2465 vocet.

4133 2501 4265 2556 Dum
4311 2516 4436 2572 ergo
4466 2501 4532 2556 de
4565 2515 4726 2570 grege
4769 2516 4865 2557 suo
4899 2501 5062 2555 faciat
5090 2515 5362 2571 possessor
5397 2501 5614 2571 quisque

4071 2596 4210 2662 quod
4233 2594 4389 2657 velit,
4417 2610 4524 2662 quo
4545 2601 4702 2662 pacto
4725 2608 4829 2647 non
4855 2592 5006 2648 licuit
5031 2591 5268 2648 Creatori
5297 2603 5383 2647 tuo
5405 2602 5455 2646 te
5474 2593 5616 2646 velut

4065 2700 4258 2752 agnum
4314 2687 4659 2738 tenerrimum
4709 2697 4906 2737 mensa:
4947 2681 5253 2738 refectionis
5307 2698 5569 2753 apponere
5598 2722 5614 2747 ,

4067 2776 4434 2842 reliquumque
4456 2789 4670 2844 gregem
4695 2774 4746 2827 in
4769 2775 5050 2828 exterioris
5071 2775 5241 2828 adhuc
5267 2775 5384 2828 vita:
5405 2777 5612 2844 pascuis

4063 2878 4340 2916 reservare
4370 2881 4381 2914 :
4411 2873 4470 2915 ut
4502 2872 4551 2917 te
4594 2861 4705 2928 jam
4744 2863 4880 2916 intra
4922 2863 5134 2931 propria
5169 2864 5367 2916 viscera
5399 2864 5611 2930 speciali

4061 2953 4289 3023 quadam
4311 2953 4668 3008 familiaritate
4693 2954 4943 3021 trajiciat,
4972 2955 5095 3008 dum
5121 2954 5251 3009 alios
5273 2955 5478 3007 interim
5506 2954 5613 3008 suis

4066 3044 4390 3111 temporibus
4420 3043 4805 3102 convertendos
4841 3043 5198 3097 moderamine
5228 3044 5324 3112 pia:
5345 3044 5613 3112 dispensa-

3987 3128 4028 3185 B
4062 3132 4219 3184 tionis
4273 3131 4590 3199 exspectat?
4636 3128 4851 3184 Samuel
4916 3144 5145 3198 namque
5206 3131 5452 3198 puerulus
5505 3139 5614 3183 tan-

4057 3236 4218 3289 quam
4282 3230 4432 3273 tener
4479 3219 4757 3290 agniculus
4807 3234 4926 3272 cum
4984 3219 5150 3273 tribus
5202 3221 5383 3274 farina:
5429 3220 5615 3274 modiis

4057 3320 4110 3364 et
4161 3310 4416 3376 amphora
4471 3309 4599 3373 vini,
4632 3323 4830 3362 mensa:
4862 3307 5090 3373 Domini,
5145 3317 5204 3362 ut
5249 3308 5402 3378 725
5433 3308 5502 3362 ita
5543 3308 5616 3362 lo-

4055 3417 4207 3470 quar,
4234 3401 4537 3470 apponitur,
4565 3399 4690 3455 dum
4733 3399 4842 3455 Heli
4878 3401 5158 3466 sacerdoti,
5190 3411 5245 3456 et
5273 3403 5462 3471 templo
5483 3401 5571 3455 Dei
5596 3441 5611 3463 .

4053 3490 4195 3556 quod
4225 3500 4341 3541 erat
4369 3490 4420 3542 in
4445 3488 4574 3552 Silo,
4605 3503 4633 3542 a
4665 3490 4974 3557 parentibus
5003 3489 5276 3543 dedicatur
5304 3488 5362 3558 (I
5388 3487 5507 3557 Reg.
5540 3489 5611 3559 t).

4054 3581 4286 3635 Joannes
4313 3580 4550 3652 Baptista
4581 3597 4684 3635 non
4717 3579 4887 3634 solum
4917 3582 5028 3649 ipse
5051 3595 5248 3649 agnus,
5288 3580 5378 3634 sed
5406 3581 5611 3650 Agnum

4054 3674 4438 3742 prmdicaturns
4471 3674 4559 3741 qui
4614 3673 4749 3725 tollit
4781 3682 4996 3741 peccata
5026 3673 5228 3738 mundi,
5257 3673 5323 3728 de
5352 3687 5509 3743 grege
5529 3688 5613 3727 sa—

4055 3763 4342 3816 cet'dotalis
4389 3765 4578 3816 domus
4618 3763 4863 3831 eligitur,
4903 3771 4957 3816 et
4989 3762 5038 3816 in
5095 3762 5303 3817 deserta
5339 3763 5612 3816 contendit

4056 3851 4206 3919 (an.
4237 3867 4315 3914 tu;
4339 3850 4499 3903 Joan.
4523 3868 4563 3914 ι,
4593 3854 4753 3920 etc.);
4785 3860 4844 3905 ut
4871 3867 4936 3906 eo
4969 3853 5249 3917 Dominus,
5282 3851 5424 3906 velut
5457 3852 5611 3919 epulo

4055 3941 4233 3992 suavis
4245 3939 4428 4001 edulii,
4445 3939 4830 3995 delectabiliter
4844 3939 5136 4008 saginetttr.
5151 3939 5262 3994 Non
5277 3940 5414 3994 enim
5440 3941 5613 3995 homi-

4054 4040 4151 4078 nes
4183 4027 4248 4078 ad
4279 4027 4611 4095 procinctum
4653 4026 4947 4096 spiritualis
4992 4028 5190 4081 militia:
5216 4042 5313 4096 pro
5351 4042 5447 4082 suo
5476 4029 5610 4082 dun-

4054 4122 4202 4166 taxat
4237 4115 4539 4184 alleguntur
4566 4117 4819 4181 arbitrio;
4855 4115 4946 4171 sed
4995 4117 5040 4170 is
5073 4116 5160 4186 qui
5203 4130 5320 4179 eos,
5371 4125 5424 4169 ut
5455 4118 5520 4169 ad
5552 4133 5609 4170 so

4053 4213 4472 4267 convertantur,
4507 4203 4768 4272 inspirat,
4812 4201 5017 4272 singula
5063 4218 5221 4272 super
5257 4216 5348 4258 eos
5391 4213 5608 4257 tctatum

4053 4306 4115 4345 ac
4153 4303 4446 4359 temporum
4484 4299 4756 4346 momenta
4796 4290 5098 4359 dispensat;
5151 4299 5209 4344 ut
5260 4291 5394 4345 alios
5441 4289 5505 4342 ad
5551 4306 5610 4346 se

4053 4383 4226 4435 trahat
4255 4382 4538 4451 grandaeva
4556 4380 4667 4448 jam
4691 4391 4967 4437 senectute
4999 4390 5235 4436 maturos
5254 4421 5269 4446 ,
5305 4380 5436 4434 alios
5458 4382 5609 4449 juve-

2397 4457 2639 4511 discere?
2687 4460 2830 4513 disce
2880 4459 3044 4516 Deum
3093 4462 3365 4531 pluraliter
3408 4466 3695 4522 declinare.
3738 4469 3947 4524 Artifex
3980 4484 4022 4545 (ς
4057 4473 4178 4524 nilis
4214 4472 4531 4525 incrementi
4571 4472 4752 4540 vigore
4793 4473 5073 4537 robustos;
5105 4471 5232 4526 istos
5260 4471 5402 4525 tollat
5434 4472 5606 4538 primo

2395 4545 2532 4598 enim
2565 4547 2771 4612 doctor,
2804 4549 2926 4599 dum
2950 4558 3114 4602 artem
3145 4553 3460 4606 obedientim
3495 4556 3702 4609 novitcr
3728 4559 3947 4623 condit,

2394 4635 2453 4687 ad
2480 4635 2731 4689 colendos
2761 4639 2922 4690 etiam
2964 4639 3221 4706 plttrimos
3259 4643 3386 4696 deos
3415 4644 3708 4699 inauditam
3744 4650 3942 4705 mundo

2394 4725 2758 4779 declinationis
2786 4730 3020 4797 regulam
3056 4731 3363 4788 introducit.
3412 4735 3578 4792 Porro
3601 4779 3614 4800 ,
3648 4741 3739 4808 qui
3786 4743 3943 4796 vitio-

2396 4833 2508 4869 rum
2539 4821 2772 4872 omninm
2814 4832 3055 4876 catervas
3083 4825 3398 4879 moliebatur
3425 4828 3676 4884 inducere
3697 4871 3710 4894 ,
3740 4832 3942 4900 cupidi-

2395 4916 2554 4958 tatem
2580 4908 2814 4961 scientia:
2841 4910 2990 4978 quasi
3021 4912 3207 4967 ducem
3231 4917 3499 4970 exercitus
3530 4919 3726 4987 pesuit,
3757 4923 3943 4991 sicque

2393 5006 2508 5062 post
2534 5014 2651 5049 ea~u
2677 4999 2871 5053 infelici
2898 5005 3094 5056 mundo
3121 5017 3340 5060 cunctas
3369 5008 3710 5076 iniquitatntn
3743 5019 3946 5066 turmas

2396 5087 2611 5137 invexit.
2666 5087 2798 5152 Quid
2826 5106 2954 5157 ergo
2980 5092 3170 5144 mirum
3214 5095 3254 5146 si
3283 5095 3332 5146 in
3365 5097 3480 5149 liv-.c
3511 5099 3674 5150 ﬁliuni
3719 5099 3944 5166 idipsutu

2396 5173 2570 5225 adhuc
2592 5175 2825 5239 jaculunt
2878 5179 3050 5231 vibrat
3092 5181 3232 5250 quod
3265 5183 3315 5234 itt
3347 5185 3585 5236 eamdem
3617 5186 3779 5239 Evam
3807 5187 3946 5239 auti-

2396 5277 2528 5327 quus
2559 5263 2686 5313 oliui
2725 5263 2894 5317 hostis
2936 5268 3255 5323 intorserat?
3299 5271 3562 5340 Expertus
3601 5267 3945 5344 quippelnou

2399 5360 2569 5413 potest
2597 5351 2879 5420 desperare
2920 5371 3221 5411 successum
3251 5400 3264 5424 ,
3293 5361 3416 5414 dum
3447 5366 3684 5418 eamdem
3724 5365 3845 5418 liliis
3872 5368 3948 5419 in-

2399 5435 2495 5488 fert
2536 5454 2759 5506 pugnant
2791 5457 2891 5509 qua
2933 5459 3366 5514 superparcntes
3404 5462 3614 5507 nostros
3659 5455 3858 5509 dudum
3890 5472 3948 5511 sc

2400 5526 2636 5578 meminit
2664 5529 2953 5584 obtinuisse
2985 5535 3284 5589 victoriam.
3944 5535 3947 5539 i

2467 5615 2568 5666 Sed
2596 5634 2712 5669 cum
2741 5618 3062 5690 Redemptor
3093 5636 3270 5679 noster
3296 5640 3478 5695 pastor
3501 5633 3679 5700 utique
3709 5634 3806 5696 sit,
3841 5650 3943 5688 non

2401 5704 2610 5765 quidem
2650 5721 2836 5760 canum
2891 5711 2972 5762 vel
3027 5712 3266 5779 luporum
3331 5717 3626 5770 ferarumve
3700 5722 3944 5774 l'rcnien-

2403 5792 2548 5860 lii-mi
2574 5795 2660 5846 εοίί
2684 5798 2857 5852 mium
2878 5841 2891 5865 ,
2923 5811 2971 5854 ct
2998 5818 3096 5856 non
3129 5815 3329 5858 tanturn
3358 5810 3531 5861 ovium
3572 5814 3661 5864 scd
3691 5820 3738 5863 et
3784 5829 3943 5880 agno-

4057 4563 4399 4630 pubcseeutis
4449 4561 4820 4616 adolescentia:
4872 4563 5062 4617 decore
5103 4570 5381 4617 vernantes
5412 4601 5428 4626 ,
5485 4561 5606 4617 illos

4049 4663 4226 4704 autem
4270 4653 4338 4706 ab
4380 4653 4494 4720 ipso
4536 4653 4776 4720 pueritia
4821 4652 5070 4707 laetantis
5113 4650 5348 4717 exordio,
5378 4650 5605 4707 velutdﬂ

4046 4742 4168 4792 nilo
4201 4740 4371 4807 pullos
4402 4739 4620 4792 inducat
4645 4740 4940 4807 implumes.
4999 4738 5194 4794 Achias
5218 4752 5345 4793 sane
5378 4753 5486 4809 prie
5525 4738 5604 4793 nl-

4046 4833 4150 4884 mEa
4178 4829 4286 4895 jam
4335 4839 4610 4885 senectute
4648 4830 4867 4900 caligat.
4916 4830 5007 4885 sed
5056 4844 5270 4883 uxorem
5320 4826 5601 4884 Jeroboam

4044 4924 4255 4974 eminus
4307 4922 4680 4975 adventantem
4730 4920 5054 4989 prupltetalis
5116 4918 5254 4972 oculi
5311 4917 5599 4973 serenitate

4047 4995 4354 5080 prospectat
4385 5030 4394 5062 :
4428 5030 4443 5060 t
4473 5009 4773 5080 Ingredere,
4801 5011 4992 5078 inquit,
5022 5025 5156 5063 uxor
5179 5006 5482 5071 .leroboam,
5505 5023 5597 5061 cur

4046 5102 4204 5154 aliam
4238 5110 4286 5153 lt:
4312 5117 4428 5154 esse
4453 5100 4709 5154 simulas?
4734 5101 4844 5168 Ego
4881 5109 5058 5154 autem
5092 5099 5286 5152 missus
5311 5113 5424 5151 sum
5456 5097 5520 5152 ad
5551 5108 5599 5152 te

4046 5189 4211 5244 durus
4263 5189 4479 5242 nuntius
4511 5188 4627 5259 (HI
4660 5188 4782 5258 Reg.
4813 5191 4943 5256 ιη’).
4982 5209 4998 5240 ι
5045 5187 5285 5242 Ezechiel
5327 5187 5595 5241 tricettttali

4048 5278 4188 5345 viget
4217 5288 4391 5341 :ctatc,
4427 5276 4731 5343 cntn,juxta
4764 5278 4978 5331 Cltolar
5009 5276 5219 5330 ﬂuvium
5246 5278 5595 5339 constitutus,

4050 5369 4111 5419 ad
4137 5369 4550 5435 dispensandum
4595 5369 4918 5437 prophetici:
4948 5368 5130 5436 gratias
5156 5376 5495 5436 promovetur
5520 5366 5592 5420 ol-

4049 5456 4223 5509 ﬁcium
4265 5456 4500 5525 (ln'zeclt.
4555 5455 4636 5527 t).
4689 5456 4853 5511 David
4903 5458 5112 5511 vixdum
5141 5458 5310 5525 primo
5365 5455 5596 5509 ﬂorentis

4049 5544 4421 5597 adolescentix
4448 5545 4637 5597 decore
4665 5544 4982 5612 pubescens,
5006 5547 5069 5598 de
5095 5555 5211 5612 post
5254 5541 5482 5598 fetantcs
5507 5560 5594 5613 pa-

4051 5644 4211 5687 terinc
4250 5636 4595 5703 StilijeCtiouis
4624 5635 4833 5705 eligitur
4856 5677 4869 5696 ,
4900 5645 4951 5689 et
4973 5637 5036 5689 ad
5064 5635 5398 5702 crispantium
5445 5635 5596 5704 spiri-

4051 5723 4207 5775 tualis
4252 5724 4518 5791 allegmia:
4549 5723 4886 5789 psalterium.
4940 5733 5094 5792 atque
5141 5724 5204 5776 ad
5254 5720 5590 5776 oluincndmit

4055 5815 4244 5881 regalis
4295 5818 4486 5882 sceptri
4542 5815 4806 5880 l'astigittttt
4851 5824 5178 5882 pttttttuvctttt
5217 5811 5414 5883 (11ης.
5467 5817 5589 5878 Mt).

5527 497 5623 556 696
