5882 6590
899 421 1007 478 697

1762 413 2005 470 OPUSC.
2047 409 2208 467 XLV.
2252 442 2319 451 —
2361 410 2449 465 DE
2489 408 2761 470 SANCTA
2804 412 3300 468 SIMPLICITATE.

4067 406 4170 460 698

896 528 1145 586 Jeremiat
1172 526 1374 583 dictum
1403 532 1486 579 est
1516 540 1528 575 :
1569 543 1586 575 ι
1626 522 1944 594 Priusquam
1996 531 2045 576 te
2097 522 2388 575 formarem
2422 534 2473 574 ιη
2503 527 2551 581 Λ
2582 526 2901 595 Intercipcre
2926 523 3230 580 consuevit.
3266 526 3321 579 Si
3351 538 3429 578 vis
3464 536 3593 589 ergo
3621 520 3713 575 Dei
3756 519 3976 573 vczbum
4008 517 4172 573 claris

898 628 1077 680 utero,
1102 614 1225 670 novi
1257 624 1340 679 te;
1369 621 1425 668 et
1454 624 1744 682 antequam
1772 614 1952 667 exires
1979 612 2043 665 de
2064 609 2242 671 vulva,
2271 608 2476 664 sancti-

896 708 1053 764 ficavi
1086 716 1168 771 te,
1195 713 1249 761 et
1277 705 1591 775 prophetam
1618 706 1671 758 in
1701 703 1949 771 gentibus
1968 700 2088 755 dedi
2116 708 2168 754 te
2198 700 2332 768 (λετ.
2358 699 2417 769 ι).
2451 719 2469 751 ι

894 796 965 854 ει
1007 797 1135 866 quid
1184 795 1367 863 plures
1412 792 1769 848 enumerem?
1812 790 1912 857 Qui
1959 790 2105 844 enim
2160 789 2474 843 Eleazarum

897 903 1008 957 pra:
1029 886 1184 940 senili
1226 885 1408 954 algore
1440 884 1550 953 jam
1582 881 1856 953 frigidum,
1891 878 2199 949 triumphali
2233 877 2474 947 martyrii

895 979 1106 1032 fervore
1134 976 1413 1031 succendit
1443 974 1530 1043 (ll
1565 973 1741 1028 Maeli.
1767 974 1867 1041 γι),
1898 972 2012 1042 ipse
2056 980 2271 1025 teneros
2298 969 2475 1022 adhuc

892 1066 957 1120 Β.
1005 1066 1305 1122 Felicitatis
1354 1064 1494 1121 filios
1540 1065 1753 1119 invicta:
1794 1061 1917 1117 fidei
1969 1060 2267 1117 constantia
2317 1057 2474 1113 robo-

890 1156 1052 1212 ravit.

1498 1240 1727 1297 CAPUT
1770 1240 1853 1295 Ill.

887 1334 1002 1393 Cur
1048 1335 1189 1392 Deus
1238 1353 1328 1391 ver
1380 1335 1516 1389 viros
1567 1336 1766 1415 idiotas
1805 1350 1867 1387 ac
1910 1333 2168 1401 simplices
2218 1332 2469 1386 mundum

1564 1414 1809 1457 ιιιειιεωι.

960 1518 1065 1572 Sed
1116 1516 1255 1571 forte
1305 1517 1454 1571 dicas
1484 1534 1494 1570 :
1524 1516 1716 1569 Multos
1760 1514 2154 1577 lucrifacerem,
2205 1512 2249 1567 si
2296 1513 2469 1579 gratia

884 1607 1288 1677 praedicationis
1311 1606 1607 1667 aflluercm,
1634 1606 1676 1659 si
1709 1606 1915 1671 copiam
1945 1604 2187 1656 scientiae
2225 1602 2471 1656 littcralis

886 1699 1169 1753 haberem.
1225 1698 1291 1751 Et
1326 1712 1425 1767 ego
1455 1699 1748 1765 respondeo
1809 1695 2063 1764 quoniam
2096 1702 2150 1748 et
2180 1693 2469 1747 Eleazarus

884 1790 1083 1845 mullos
1110 1790 1375 1860 potuisset
1415 1790 1479 1841 ab
1515 1787 1815 1841 idololatria
1851 1800 2123 1848 revocare,
2167 1784 2211 1836 si
2262 1784 2466 1836 viveret

2580 615 2803 667 vocibus
2831 613 3103 676 intonare,
3127 628 3259 667 cave
3280 629 3348 670 ne
3373 613 3541 667 divini
3566 610 3769 665 amoris
3794 610 3845 663 iu
3876 618 3928 663 te
3954 606 4170 663 ﬂamma

2580 712 2876 772 tepescat,
2933 718 3001 758 ne
3058 704 3154 758 tibi
3207 705 3465 779 principis
3514 705 3565 758 in
3617 700 3887 773 Aquilone
3935 699 4174 754 sedentis

2578 794 2734 864 (hui.
2767 797 2878 867 xlv)
2927 796 3079 867 algor
3130 796 3376 865 obrepat.
3435 795 3546 851 lloc
3596 796 3829 863 denique
3859 792 4029 862 frigus
4055 790 4170 861 jam

2578 893 2705 940 tunc
2759 886 2845 941 ille
2893 897 3225 955 conceperat
3270 888 3359 956 qui
3410 884 3781 940 deambulanti
3827 883 4057 937 Domino
4103 882 4170 936 ad

2575 989 2762 1029 auram
2798 975 3033 1045 paradisi
3058 988 3181 1045 post
3205 975 3509 1038 meridiem,
3545 972 3725 1028 raucis
3771 970 4172 1041 quodammodo

2577 1064 2801 1118 vocibus
2864 1064 3229 1134 respondebat
3290 1079 3303 1117 :
3365 1081 3384 1115 ι
3454 1062 3677 1128 Audivi,
3734 1059 3933 1129 inquit,
3980 1073 4168 1114 vocem

2576 1165 2742 1217 tuam,
2773 1166 2828 1209 et
2860 1156 3039 1220 timui,
3069 1171 3134 1210 co
3156 1156 3297 1225 quod
3336 1156 3511 1210 nudus
3556 1168 3759 1219 essem,
3810 1160 3866 1208 et
3908 1136 4169 1206 abscondi

2576 1259 2661 1299 me
2695 1243 2847 1315 (Cen.
2880 1245 2987 1310 ιιι).
3025 1264 3043 1295 ι
3083 1244 3251 1299 Porro
3293 1245 3417 1313 quia
3468 1243 3806 1300 meridianus
3833 1240 3902 1295 ab
3938 1241 4027 1296 illo
4053 1238 4169 1308 jam

2573 1331 2755 1385 fervor
2793 1332 3033 1396 abierat,
3064 1348 3195 1385 aura
3253 1348 3467 1403 tutoque
3521 1331 3740 1402 frigoris
3789 1338 3875 1385 est
3920 1328 4163 1383 alumna.

2573 1422 2688 1478 lluc
2719 1424 3009 1478 accedebat
3051 1425 3179 1494 quia
3203 1434 3257 1479 et
3287 1425 3434 1479 illum
3461 1424 3575 1493 jam
3615 1424 3922 1479 innocentia
3950 1422 4167 1480 sublata

2572 1518 2887 1571 nudaverat.
2923 1516 3048 1571 Hmc
3097 1518 3277 1569 omnia
3330 1517 3456 1585 quid
3511 1517 3655 1569 aliud
3706 1516 3960 1577 inuuuut,
4004 1528 4165 1583 quam

2572 1609 2695 1677 quia
2729 1609 2870 1660 illius
2900 1609 3103 1661 viscera
3132 1607 3391 1661 exstincti
3421 1606 3625 1660 amoris
3654 1605 3804 1675 algor
3852 1604 4134 1658 obstrinxe

2572 1713 2674 1766 rat,
2705 1713 2865 1771 atque
2893 1702 3014 1756 ideo
3040 1717 3139 1755 vox
3173 1701 3315 1754 illius
3351 1700 3401 1753 in
3434 1699 3657 1751 auribus
3686 1696 3897 1751 Domini
3939 1708 4127 1749 raueut

2574 1795 2840 1849 sonabat?
2873 1794 2987 1849 lloc
3020 1793 3219 1862 frigore
3240 1793 3351 1861 jam
3390 1800 3443 1844 et
3483 1789 3599 1845 lleli
3623 1788 3881 1844 sacerdos
3928 1785 4162 1840 constri-

886 1882 973 1949 (11
1004 1882 1180 1937 Maeli.
1212 1886 1345 1949 vit);
1407 1880 1695 1935 Machabazi
1728 1889 1782 1933 et
1812 1876 2233 1933 innumerabiles
2270 1874 2467 1929 Christi
2506 1868 2545 1924 Β
2578 1895 2697 1937 plus
2726 1885 3097 1954 opim-pum“,
3130 1885 3219 1951 qui
3260 1882 3385 1936 ﬁliis
3418 1881 3530 1934 suis
3565 1879 3753 1934 aiebat
3792 1895 3804 1931 ;
3854 1895 3872 1928 ι
3918 1874 4034 1929 Non
4082 1884 4168 1929 est

884 1981 1153 2044 martyres
1182 1973 1442 2042 plurimos
1489 1972 1552 2023 ad
1595 1985 1818 2040 agonem
1854 1968 1973 2021 fidei
2010 1967 2224 2020 firmare
2264 1967 2463 2035 potuis—

882 2073 1026 2128 sent,
1064 2064 1107 2116 si
1136 2062 1529 2131 persecutionis
1554 2060 1714 2114 illata:
1745 2058 1962 2113 differre
1990 2058 2248 2125 supplicia
2275 2058 2461 2110 decre-

879 2170 912 2207 v
936 2164 1113 2218 ssent;
1143 2154 1236 2208 sed
1268 2155 1521 2221 quaniam
1570 2154 1634 2207 ad
1670 2167 1948 2221 ptenarum
1992 2149 2307 2219 perferenda
2356 2157 2465 2201 tor-

792 2270 793 2275 η
881 2256 1059 2300 menta
1092 2244 1361 2300 efficacius
1399 2244 1803 2299 tedilicavcrunt
1846 2239 2249 2308 martyrizando
2297 2252 2458 2305 quam

878 2334 1243 2403 prmdicaudo,
1270 2344 1654 2403 postpoucutcs
1676 2332 1918 2394 verbum,
1944 2330 2206 2397 reliquere
2233 2342 2462 2395 sequen-

880 2426 1024 2479 ti‘hus
1078 2424 1393 2478 imitationis
1440 2422 1765 2492 exemplum.
1812 2421 1891 2475 Tu
1938 2436 2149 2488 quoque
2198 2418 2461 2472 valentius

877 2528 1145 2583 provocas
1166 2513 1410 2567 videntes
1431 2520 1480 2565 te
1507 2526 1799 2579 properare
1822 2519 1943 2578 post
1966 2510 2265 2568 Chrismm,
2297 2521 2458 2575 quam

876 2618 1193 2673 promovere
1215 2613 1468 2672 potueras
1492 2603 1771 2655 audientes
1799 2600 2038 2669 qualibet
2066 2597 2461 2666 multipliritate

876 2694 1191 2747 verborum.
1224 2691 1327 2746 Nec
1353 2692 1497 2744 enim
1525 2692 1663 2744 Deus
1686 2690 2027 2758 omnipotens
2051 2696 2233 2741 nostra
2274 2700 2459 2753 gram-

877 2784 1081 2837 matica
1114 2782 1338 2852 indiget,
1365 2792 1422 2834 ut
1453 2790 1576 2850 post
1622 2797 1680 2836 se
1732 2782 1979 2835 homines
2013 2779 2210 2840 trahat,
2241 2793 2360 2830 cum
2404 2777 2457 2830 in

876 2873 998 2943 ipso
1040 2874 1289 2928 humanm
1326 2872 1714 2941 redemptionis
1760 2869 2000 2930 exordio,
2028 2882 2148 2921 cum
2183 2867 2353 2934 magis
2384 2866 2460 2917 vi-

876 2963 1097 3017 deretur
1140 2962 1325 3031 utique
1364 2961 1729 3015 necessarium
1761 2960 1827 3013 ad
1854 2956 2259 3027 conspergenda
2306 2969 2459 3008 novre

878 3053 1002 3105 fidei
1029 3052 1258 3115 semina,
1298 3066 1401 3105 non
1433 3050 1643 3104 miserit
1690 3049 2037 3117 philosophos
2078 3057 2132 3097 et
2186 3054 2455 3107 oratores,

875 3143 968 3197 sed
1018 3141 1291 3212 simplices
1337 3141 1515 3211 potius
1562 3155 1625 3193 ac
1671 3140 1987 3208 piscatores.
2054 3136 2205 3192 Unde
2263 3136 2457 3203 legitur

2569 1977 2683 2030 luce
2716 1976 2877 2037 bona,
2911 1974 3001 2027 lilii
3038 1974 3164 2035 mei,
3198 1973 3364 2030 fama,
3388 1986 3552 2040 quatit
3580 1984 3678 2040 ego
3701 1968 3885 2031 audio,
3910 1976 3967 2020 ut
3990 1976 4167 2021 trans-

2565 2064 2709 2135 gredi
2737 2062 2946 2117 faciatis
2970 2063 3222 2131 pupulum
3254 2062 3461 2115 Domini
3488 2059 3537 2131 (Ι
3567 2058 3688 2128 Reg.
3718 2060 3799 2127 ιι).
3831 2077 3848 2107 ι
3873 2056 4005 2110 Nam
4038 2054 4164 2124 quia

2566 2157 2931 2224 lil‘tt‘diCillOl‘iS
2967 2157 3125 2224 hujus
3157 2164 3341 2223 guttur
3371 2155 3437 2206 ab
3454 2168 3639 2205 amore
3663 2149 3873 2203 Domini
3900 2149 4049 2217 algor
4073 2164 4161 2200 ους

2564 2246 2819 2310 eluserat,
2838 2245 3037 2299 idcirco
3065 2260 3165 2298 vos
3193 2244 3306 2311 ejus
3320 2241 3716 2312 quodammodo
3733 2240 4002 2301 rauciens,
4029 2238 4165 2291 infi-

2564 2336 2755 2388 lioruut
2783 2350 3000 2388 suorum
3046 2335 3303 2389 eordihus
3336 2333 3629 2387 cliicaciter
3660 2348 3767 2387 non
3808 2331 4059 2386 sonabat.
4105 2329 4164 2387 Si

2564 2426 2642 2478 vis
2667 2440 2795 2495 ergo
2825 2440 3010 2480 vocem
3042 2425 3243 2478 habere
3285 2424 3367 2479 vel
3410 2427 3459 2477 in
3503 2422 3986 2495 praedicationibus
4032 2422 4167 2477 intoo

2563 2527 2799 2575 nantem,
2832 2516 2915 2569 vel
2945 2516 2995 2569 in
3020 2516 3359 2571 orationibus
3382 2513 3675 2578 efﬁcacem,
3729 2523 3918 2585 satage
3948 2526 4164 2582 semper

2563 2617 2619 2659 ut
2650 2616 2700 2660 te
2730 2608 2944 2660 divinus
2972 2608 3152 2661 fervor
3182 2608 3466 2671 accendat,
3489 2622 3555 2659 ne
3578 2620 3765 2660 vocem
3800 2614 3945 2659 tuam
3974 2613 4166 2673 torpor

2562 2696 2783 2765 frigoris
2824 2697 3155 2765 intercipiat.
3201 2695 3431 2766 Frigidte
3483 2696 3683 2765 quippe
3744 2695 3943 2749 utentis
3981 2692 4164 2749 oratio

2562 2788 2642 2838 Vel
2675 2787 2991 2853 praedicatio
3025 2803 3133 2841 non
3158 2782 3488 2849 admittitur,
3516 2794 3571 2841 et
3597 2795 3853 2854 tanquam
3898 2798 4003 2837 vox
4037 2798 4163 2837 rau-

2559 2880 2709 2930 eicus
2740 2893 2844 2930 non
2875 2879 3112 2932 auditur.
3140 2878 3223 2933 Ab
3257 2878 3359 2931 hoc
3410 2877 3571 2945 plane
3618 2877 3820 2947 frigore
3869 2876 4153 2931 Abraham

2569 2968 2779 3021 alienus
2829 2968 3138 3033 exstiterat,
3191 2970 3259 3023 de
3288 2983 3395 3037 quo
3440 2966 3724 3039 Scriptura
3774 2968 4137 3037 pronuntiat:

2566 3076 2582 3108 ι
2624 3056 2889 3121 Quoniam
2926 3057 3250 3127 apparuitei
3286 3057 3545 3112 Dominus
3598 3057 3650 3111 in
3698 3056 3941 3112 convalle
3993 3054 4157 3109 Mam-

2561 3147 2676 3211 hre,
2701 3146 2910 3201 sedenti
2943 3147 2996 3200 in
3031 3146 3171 3201 ostio
3200 3146 3535 3201 tabernaculi
3582 3146 3666 3200 sui
3708 3144 3761 3199 in
3801 3146 3920 3215 ipso
3946 3142 4163 3199 fervore

874 3230 998 3300 quia
1024 3230 1253 3284 Samson
1284 3230 1554 3282 maxillam
1578 3230 1711 3282 asini
1744 3242 1862 3296 qum
1884 3225 2101 3294 iacebat
2122 3227 2375 3293 arripuit,
2403 3231 2457 3278 et
2485 3218 2529 3281 C
2561 3237 2666 3291 dici
2694 3236 2846 3295 (Gen,
2883 3236 3063 3305 mu).
3113 3256 3131 3290 ι
3164 3237 3197 3293 ε

1837 3242 1862 3281 ε
1884 3225 2101 3294 iacebat
2122 3227 2375 3293 ειτΐίρυίιο
2403 3231 2457 3278 οι
2485 3218 2529 3281 C
2561 3237 2666 3291 diei
2694 3236 2846 3295 (Gen.
2883 3236 3063 3305 xvnt).
3113 3256 3131 3290 ι
3164 3237 3231 3293 Et
3260 3252 3492 3308 sponsus
3514 3236 3604 3292 ille
3627 3236 3886 3300 caelestis,
3918 3235 4059 3288 sicut
4105 3234 4160 3289 iu

874 3321 927 3375 in
959 3336 1026 3376 ca
1058 3321 1202 3375 mille
1236 3320 1573 3376 Philistbzeos
1606 3321 1801 3376 occidit
1831 3317 2033 3389 (Judic.
2063 3319 2177 3385 xv).
2205 3316 2344 3383 Quid
2374 3324 2459 3370 est

871 3414 1016 3467 enim
1047 3427 1141 3482 per
1165 3412 1433 3481 jaceutcm
1457 3412 1594 3464 asini
1625 3411 1898 3465 niaxillatn
1931 3409 2077 3464 mille
2113 3410 2263 3463 viros
2306 3408 2454 3463 occi-

870 3507 1036 3570 dere,
1068 3506 1168 3559 nisi
1210 3522 1306 3574 per
1345 3506 1559 3575 linguas
1598 3505 1882 3559 humilium
1919 3502 2085 3574 726
2113 3511 2278 3571 atque
2325 3502 2455 3555 sim-

871 3600 1092 3670 plicium
1122 3599 1416 3669 perfectum
1459 3615 1567 3653 non
1597 3598 1931 3653 credentium
1961 3612 2246 3650 nunzerum
2278 3610 2306 3648 a
2340 3609 2457 3662 pra-

871 3689 1057 3741 vitatis
1108 3703 1218 3742 suae
1270 3696 1412 3741 statu
1456 3688 1709 3758 dejicere,
1765 3697 1929 3749 atque
1980 3688 2047 3740 ad
2098 3686 2452 3740 humilitatem

871 3777 1073 3832 Christi
1107 3793 1201 3847 per
1227 3787 1426 3831 sancta:
1456 3776 1853 3846 praedicationis
1886 3773 2117 3830 ofﬁcium
2151 3773 2457 3829 inclinare?

872 3864 1007 3919 Nam
1074 3866 1197 3935 quia
1252 3864 1479 3920 Samson
1538 3866 1923 3935 interpretatur
1981 3864 2061 3918 ευι
2092 3904 2107 3929 ,
2167 3857 2453 3932 postquam

874 3956 1073 4008 mundo
1099 3955 1175 4009 sol
1206 3955 1305 4009 iste
1345 3955 1710 4023 resplenduit,
1740 3963 2024 4024 postquam
2068 3953 2451 4008 miraculorum

872 4054 1036 4111 atque
1065 4043 1339 4112 signorum
1380 4058 1598 4098 suorum
1633 4059 1728 4113 per
1757 4044 1940 4098 orbem
1971 4052 2239 4097 terrarum
2276 4043 2454 4098 radios

871 4133 1093 4201 sparsit,
1119 4133 1357 4186 omnium
1386 4147 1507 4187 mox
1535 4134 1635 4188 sibi
1674 4133 2042 4189 resistentium
2092 4133 2226 4188 colla
2256 4133 2452 4203 perdo-

871 4224 1038 4286 muit,
1082 4221 1295 4294 {eosque
1349 4238 1378 4277 a
1431 4224 1696 4295 superbiae
1769 4226 1890 4280 vita:
1936 4240 2048 4280 suae
2098 4225 2278 4293 rigore
2328 4239 2453 4294 pro—

870 4316 1085 4369 stravit.

1478 4406 1706 4462 CAPUT
1745 4407 1831 4461 IV.

1176 4494 1315 4561 Quid
1343 4498 1395 4551 in
1422 4498 1786 4551 concionatore
1814 4500 2129 4567 requiratur.

937 4589 1017 4643 Tu
1048 4605 1282 4657 uuotlue,
1310 4588 1379 4642 fili
1413 4589 1504 4651 mi,
1554 4598 1613 4643 ut
1666 4589 1993 4657 praedicandi
2039 4589 2285 4645 sortiaris
2333 4588 2446 4644 ofll-

865 4682 1028 4743 rimn,
1058 4680 1267 4735 imitare
1297 4680 1376 4735 vel
1403 4681 1559 4746 asini,
1590 4682 1655 4735 de
1680 4698 1786 4749 quo
1812 4683 2013 4737 dictum
2040 4692 2144 4747 est,
2168 4683 2250 4737 vel
2282 4683 2443 4736 etiam

864 4771 981 4825 ovis
1016 4772 1339 4840 exemplum.
1372 4771 1503 4839 Qua:
1551 4772 1803 4827 nimirum
1847 4787 1970 4827 cum
2020 4773 2168 4838 vivit,
2213 4773 2445 4843 turpiter

866 4864 987 4917 beat
1027 4862 1241 4935 [halat],
1271 4874 1480 4919 mortua
1528 4880 1657 4919 vero
1710 4864 1762 4917 in
1788 4865 2163 4919 instrumentis
2219 4865 2441 4920 musicis

864 4956 1107 5008 suaviter
1126 4962 1336 5008 cantat:
1373 4955 1451 5009 sic
1479 4963 1532 5009 et
1558 4954 1646 5023 qui
1676 4954 1969 5009 carnaliter
1995 4956 2180 5009 vivunt
2206 4995 2218 5018 ,
2253 4954 2435 5010 balare

864 5060 986 5097 eum
1011 5044 1204 5097 ovibus
1234 5044 1467 5099 inaniter
1496 5052 1738 5113 possunt,
1769 5045 1981 5098 naviter
2001 5045 2216 5115 explere
2245 5044 2440 5114 przedi-

864 5136 1067 5190 catoris
1096 5134 1324 5189 cilicium
1374 5146 1665 5207 nequeunt.
1718 5137 1853 5192 Dicit
1896 5139 2061 5193 etiam
2112 5138 2381 5209 Propheta
2426 5158 2438 5193 :

870 5245 886 5276 ι
922 5226 1161 5281 Laudare
1216 5226 1494 5282 Dominum
1543 5228 1595 5281 in
1651 5239 1904 5299 tympano
1940 5237 1994 5281 et
2046 5229 2211 5283 choro
2257 5226 2437 5298 (Psal.

862 5319 967 5373 (.L).
1021 5334 1039 5365 ι
1078 5313 1294 5369 Corium
1323 5312 1651 5384 quippenon
1687 5328 1864 5380 sonat,
1907 5319 2010 5372 nisi
2042 5320 2244 5375 siccum
2279 5319 2441 5374 relin-

864 5419 1037 5471 quens
1080 5406 1273 5459 humor
1320 5407 1592 5459 abscedat.
1625 5406 1679 5461 Si
1711 5408 1955 5478 ergo‘vis
2013 5420 2073 5464 ut
2127 5420 2440 5481 tympanum

864 5493 942 5545 vel
976 5494 1177 5577 chorda
1216 5506 1301 5548 tua
1329 5497 1532 5551 clarum
1569 5496 1617 5550 iu
1665 5500 1967 5553 auditorum
1998 5502 2251 5556 cordibus
2294 5504 2438 5557 soni-

867 5594 973 5636 tum
1007 5585 1214 5647 reddat,
1245 5587 1420 5639 omnis
1469 5604 1495 5638 ιι
1554 5596 1603 5641 te
1652 5588 1773 5641 vitm
1819 5590 2053 5643 carnalis
2097 5591 2291 5645 humor
2313 5606 2437 5646 cva-

862 5684 1007 5737 neat,
1057 5689 1209 5728 mens
1264 5684 1349 5727 tua
1398 5677 1463 5729 ab
1506 5679 1649 5730 omni
1709 5677 1850 5732 flexu
1892 5679 2115 5734 luxuriae
2148 5682 2438 5749 prurientis

864 5774 1091 5820 arescat.
1139 5764 1270 5819 Nam
1319 5774 1373 5819 et
1423 5766 1589 5838 frigus
1636 5779 1946 5823 concrctam
1997 5774 2218 5839 pet-imi,
2251 5789 2434 5829 meo,"

2558 3326 2795 3381 Canticis
2818 3326 3035 3393 dicitur,
3068 3328 3242 3397 pascit
3266 3336 3320 3381 et
3345 3327 3507 3381 cubat
3531 3328 3582 3381 in
3619 3326 3843 3381 meridie
3876 3323 4055 3395 (Cum.
4085 3328 4151 3393 ι).

2559 3418 2850 3473 Enimvero
2888 3434 3008 3472 cum
3042 3430 3092 3473 te
3132 3418 3311 3473 cordis
3352 3432 3581 3471 acumen
3614 3426 3894 3486 permovet
3920 3414 3986 3467 ad
4023 3429 4161 3483 qne-

2558 3507 2763 3571 relam,
2804 3507 2933 3575 quid
2976 3506 3120 3560 aliud
3159 3506 3276 3575 agis
3327 3520 3489 3575 quam
3532 3507 3797 3559 adversus
3843 3505 4009 3557 Deum
4054 3520 4152 3573 per

2557 3597 2747 3652 eadem
2778 3613 2899 3668 qum
2933 3598 3073 3651 Deus
3112 3596 3336 3651 contulit
3380 3610 3531 3649 arma
3583 3595 3868 3665 confligis?
3916 3594 3979 3647 Et
4024 3610 4150 3648 cum

2558 3688 2829 3757 ingratum
2872 3702 2994 3742 esse
3046 3687 3157 3741 Deo
3209 3703 3317 3742 non
3364 3688 3518 3757 parvi
3567 3688 3641 3741 sit
3685 3686 3953 3751 criminis,
3993 3687 4154 3756 727

2557 3776 2905 3833 formidolose
2929 3779 3021 3832 tibi
3053 3780 3357 3833 cavendum
3405 3786 3489 3833 est
3521 3792 3590 3833 ne
3618 3779 3746 3833 inde
3768 3788 3954 3834 contra
3987 3780 4154 3834 Deum

2555 3867 2806 3935 prosilias
2832 3867 2888 3920 in
2921 3869 3288 3937 tyrannidem,
3320 3868 3462 3921 unde
3502 3867 3801 3937 gratiarum
3843 3868 3918 3921 illi
3954 3868 4157 3922 debue-

2558 3970 2646 4009 ras
2667 3956 2975 4020 actionem;
3007 3964 3057 4010 et
3105 3957 3232 4011 dum
3262 3958 3574 4023 scientiam,
3605 3972 3728 4027 quae
3759 3957 3931 4023 inflat,
3960 3961 4158 4015 immo-

2556 4045 2798 4099 deratius
2855 4042 3088 4114 flagitas,
3135 4044 3491 4110 charitatem,
3545 4062 3664 4115 quae
3693 4047 3927 4102 aedificat
3955 4048 4004 4119 (Ι
4024 4046 4151 4102 Cor.

2555 4135 2675 4201 νιιι)
2707 4174 2721 4197 ,
2774 4134 3094 4203 insipienter
3133 4131 3398 4190 offendas.
3440 4135 3579 4202 Quid
3626 4136 3770 4191 enim
3826 4138 3935 4192 scis
3970 4148 4154 4193 utrum

2554 4225 2897 4292 dispensator
2948 4225 3266 4279 meritorum
3339 4226 3684 4295 omnipotens
3730 4226 3875 4282 Deus
3938 4229 4005 4281 ad
4048 4226 4153 4284 hoc

2556 4314 2649 4367 tibi
2696 4312 2996 4367 subtilioris
3047 4314 3249 4383 ingenii
3300 4315 3689 4385 perspicaciam
3742 4316 4153 4388 agilitatemquc

2553 4402 2859 4463 contulerit,
2896 4402 3090 4472 utjam
3123 4403 3218 4456 tibi
3246 4405 3648 4473 quodammodo
3686 4405 3902 4475 signum
3955 4406 4152 4463 futura:

2556 4495 3011 4551 remunerationis
3072 4495 3417 4561 ostenderet;
3476 4505 3533 4551 et
3593 4497 3931 4552 occidentem
4002 4498 4151 4555 illam

2551 4586 2861 4651 scientiam,
2886 4602 3049 4655 quam
3096 4600 3191 4655 pro
3240 4586 3382 4640 illius
3414 4600 3601 4641 amore
3635 4588 3906 4656 sprevisti,
3946 4588 4151 4646 vivacis

2547 4679 2747 4733 mentis
2810 4678 3061 4733 acumine
3115 4688 3517 4747 compcnsaret.
3575 4676 3710 4731 Nam
3762 4694 3887 4733 cum
3951 4678 4149 4736 littera:

2544 4768 2795 4822 oriantur
2829 4780 2896 4821 ex
2944 4780 3127 4830 sensu,
3158 4780 3263 4819 non
3292 4780 3488 4819 sensus
3524 4766 3780 4836 procedat
3807 4782 3873 4821 ex
3910 4766 4151 4850 litteris,

2543 4857 2629 4911 cui
2662 4870 2855 4910 sensus
2884 4853 3174 4911 incolumis
3200 4850 3283 4908 est
3312 4854 3523 4911 litteras
3548 4871 3653 4911 non
3683 4857 3931 4926 requirit.
3967 4856 4024 4911 In
4059 4857 4148 4912 lit-

2543 4948 2744 5002 terario
2773 4948 2972 5017 quippe
3003 4947 3147 5008 ludo,
3182 4948 3269 5002 ubi
3304 4948 3454 5018 pueri
3490 4950 3662 5017 prima
3696 4950 4001 5004 articulatm
4040 4965 4143 5007 vo-

2548 5039 2915 5095 cis‘elemcnta
2947 5040 3270 5107 suscipiunt,
3309 5039 3399 5093 alii
3435 5038 3651 5107 quidem
3679 5040 4008 5103 abccetlarii,
4050 5041 4146 5097 alii

2548 5130 2845 5202 syllabarii,
2900 5131 3119 5201 quidam
3154 5146 3283 5184 vero
3324 5132 3646 5196 nominarii,
3683 5133 3923 5187 nonnulli
3973 5134 4153 5190 etiam

2547 5222 2899 5278 calculatorcs
2929 5222 3298 5293 appellantur;
3336 5230 3391 5277 et
3426 5222 3539 5277 btec
3579 5224 3793 5277 nomina
3823 5238 3945 5277 cum
3986 5227 4153 5277 audi—

2548 5334 2684 5383 mus,
2712 5332 2779 5371 ex
2822 5318 2954 5387 ipsis
2981 5318 3238 5372 continuo
3268 5318 3391 5385 quis
3424 5317 3495 5372 sit
3538 5318 3590 5372 in
3630 5316 3812 5386 pueris
3862 5316 4146 5389 profectus

2546 5409 2913 5479 agnoscimus.

3164 5497 3395 5554 CAPUT
3438 5499 3500 5553 γ.

2772 5590 3048 5656 Quomodo
3089 5590 3319 5659 Spiritus
3344 5598 3556 5643 sumtus
3588 5603 3680 5641 nos
3710 5589 3909 5640 doceat.

2614 5682 2709 5737 (lui
2764 5698 2890 5736 vero
2935 5697 3029 5750 per
3083 5682 3278 5735 donum
3321 5680 3491 5737 sancti
3542 5678 3776 5746 Spiritus
3822 5678 4057 5739 irtellcet

2543 5776 2809 5843 aperitur,
2836 5774 2960 5841 quia
2980 5788 3096 5837 ονε-ι
3130 5782 3446 5840 ιύτιιῡρέιιιιὶ
3482 5771 3716 5842 xigorcm
3746 5769 3951 5833 vivacis
3982 5778 4060 5843 ing
4086 5792 4139 5830 ει,
