5882 6636
12 6361 871 6636 =—

2956 523 3010 575 S.
3047 521 3245 575 PETRI
3287 507 3565 574 DAMIANI
3603 519 3753 574 OPP.
3790 518 4023 574 TOML'S
4065 518 4193 572 SEU
4232 518 4409 572 PARS
4449 519 4528 572 lli.
4567 519 5012 575 —-OPL'-SCULA
5063 520 5282 574 \‘AillA.

2491 475 2596 580 eos

5631 521 5719 577 703

2490 639 2563 690 nii
2594 647 2786 692 cuncta
2826 636 2980 689 facile
3029 633 3457 700 comprehendit,
3509 633 3591 684 his
3639 631 3705 684 ad
3753 631 4065 684 discendum
4096 632 4141 687 Α
4172 629 4288 689 stri,
4339 639 4567 685 testante
4622 630 4911 697 Prupneta,
4958 632 5093 684 sicut
5119 644 5310 683 aranea
5343 628 5716 684 meditabantur

2492 730 2752 797 gradibus
2787 740 3109 794 magnopere
3137 741 3240 777 non
3279 725 3473 792 egebit.
3521 724 3675 776 Sicut
3703 725 3769 776 de
3805 724 3974 775 tribus
4008 721 4069 771 il-

2498 820 2564 874 lis
2603 821 2782 887 pueris
2813 816 3010 869 dicitur
3047 835 3058 868 :
3104 835 3121 866 ι
3158 816 3290 879 Quia
3338 815 3485 866 dedit
3542 814 3646 866 illis
3698 813 3975 865 scientiam
4015 819 4068 862 et

2492 907 2827 974 disciplinam
2857 906 2908 958 in
2938 905 3080 956 omni
3111 904 3248 956 libro
3277 913 3331 955 et
3357 904 3622 970 sapientia
3653 943 3666 965 ,
3730 901 3937 954 Danieli
3969 916 4067 952 au—

2499 1007 2604 1048 tem
2639 994 2784 1048 dedit
2828 994 3232 1061 intelligentiam
3273 994 3511 1044 omnium
3545 992 3806 1044 visionum
3838 999 3893 1042 et
3922 1005 4068 1044 som—

2496 1088 2747 1145 niorum;
2805 1085 2876 1138 ita
2903 1094 2959 1138 ut
3004 1084 3420 1154 Babyloniorum
3470 1084 3739 1149 sapientes
3780 1081 3844 1132 ad
3882 1096 4069 1133 eorum

2492 1176 2830 1243 prudentiam
2877 1188 2984 1227 non
3013 1174 3364 1240 attingerent,
3410 1185 3608 1237 eosque
3638 1169 3799 1236 magi,
3853 1169 4066 1231 harioli,

2500 1265 2587 1318 vel
2610 1266 2888 1333 aruspices
2925 1265 2974 1320 in
3015 1265 3389 1333 mysteriorum
3438 1261 3737 1315 coalestiutn
3787 1259 4072 1314 revelatio-

2493 1355 2650 1408 nibus
2685 1370 2789 1407 non
2818 1366 3092 1421 aequarent
3119 1350 3278 1420 (Dan.
3316 1350 3374 1416 t).
3417 1367 3435 1398 ι

2561 1443 2664 1499 Sed
2691 1454 2764 1509 et,
2793 1443 3066 1496 veteribus
3091 1442 3325 1502 omissis,
3348 1441 3413 1491 ad
3444 1440 3729 1492 moderuos
3757 1440 3951 1492 iterum
3981 1452 4070 1490 ve-

2489 1533 2724 1588 niamus.
2753 1534 2947 1587 Beatus
2975 1532 3292 1586 Benedictus
3317 1533 3380 1584 al
3407 1530 3706 1585 litterarum
3740 1530 3915 1582 studia
3946 1530 4068 1581 mit—

2491 1620 2643 1684 titur,
2679 1625 2770 1678 sed
2805 1639 2924 1677 mox
2963 1623 3026 1674 ad
3062 1622 3355 1689 sapientem
3402 1620 3602 1672 Christi
3656 1618 3934 1671 stultitiam
3987 1632 4068 1671 re-

2497 1723 2750 1774 vocatur;
2789 1724 2862 1774 et,
2905 1713 3029 1779 quia
3071 1713 3309 1766 scholam
3355 1712 3438 1778 pia
3486 1713 3783 1762 rusticitate
3809 1709 4064 1771 mutavit,

2495 1802 2598 1855 hoc
2648 1802 2972 1870 descriptum
3026 1802 3240 1869 reliquit
3290 1805 3337 1852 in
3382 1801 3672 1866 capisterio
3715 1798 4063 1860 mulierculae,

2491 1890 2633 1957 quod
2660 1891 2726 1944 de
2757 1906 2812 1944 se
2843 1892 3022 1943 mundi
3058 1892 3327 1958 sapientes
3370 1890 3672 1957 exprimere
3707 1897 3978 1956 nequeunt
4012 1888 4063 1940 in

4174 719 4348 787 (Psat.
4386 721 4625 790 tum).

4245 808 4380 876 Ugo,
4415 810 4724 864 Parmensis
4752 811 5003 865 Ecclesia:
5031 812 5278 873 clericus,
5299 819 5426 878 quot
5447 808 5714 862 utilitatum

4169 901 4321 953 dotes
4347 902 4618 966 habuerit,
4665 920 4768 956 non
4807 919 5102 966 euumero,
5150 905 5273 972 quia
5327 902 5564 956 laciniosi
5609 902 5713 970 styli

4170 990 4349 1043 devito
4378 990 4676 1045 fastidium.
4709 992 4807 1046 Hic
4839 1002 4997 1046 tanta:
5025 993 5124 1046 fuit
5158 993 5525 1047 ambitionisin
5540 992 5713 1044 artium

4171 1081 4382 1145 Studiis,
4420 1093 4478 1135 ut
4508 1085 4859 1138 astrolabium
4885 1085 4982 1138 sibi
5015 1085 5079 1138 de
5101 1086 5400 1138 clarissimo
5441 1082 5714 1153 provideret

4177 1181 4403 1240 argento
4423 1213 4437 1233 .
4464 1182 4546 1236 ut,
4584 1176 4709 1227 dum
4748 1177 4974 1244 spiraret
5005 1174 5066 1228 ad
5096 1176 5395 1244 episcopale
5442 1173 5716 1243 fastigium,

4168 1261 4397 1315 Couradi
4426 1262 4768 1331 imperatoris
4790 1280 4847 1318 se
4879 1265 5156 1319 constituit
5181 1264 5508 1332 capellanum
5537 1282 5548 1315 :
5573 1279 5600 1315 a
5625 1277 5718 1331 quo

4169 1352 4294 1404 dum
4320 1353 4609 1405 revertitur
4635 1355 4797 1422 regiis
4826 1354 5300 1422 pollicitationibus
5326 1352 5640 1412 cumulatus.
5667 1358 5714 1402 et

4169 1440 4235 1493 de
4267 1442 4640 1508 consequenda
4679 1443 4937 1508 dignitate
4975 1458 5109 1510 pene
5152 1458 5254 1495 non
5298 1439 5504 1501 dubius,
5549 1438 5719 1492 incidit

4168 1529 4220 1581 in
4253 1529 4509 1584 latrones.
4551 1529 4842 1600 Presbyter
4885 1532 5028 1584 enim
5075 1533 5293 1601 quidam
5341 1531 5391 1584 in
5431 1528 5719 1584 Teutonicis

4169 1620 4432 1686 partibus.
4485 1621 4574 1687 qui
4609 1621 4802 1674 laicum
4854 1621 5086 1674 habebat
5132 1621 5410 1683 asseclam,
5458 1627 5720 1687 pascentes

4168 1722 4334 1774 equos
4369 1709 4508 1762 illius
4538 1710 4762 1761 tentavit
4789 1709 5058 1762 invadere.
5083 1709 5180 1762 Cui
5213 1708 5457 1771 dumjlle
5485 1720 5600 1762 sese
5627 1708 5719 1759 im-

4168 1799 4316 1863 piger
4355 1798 4659 1866 objecisset,
4704 1801 4983 1868 presbyter
5026 1813 5148 1852 eum
5187 1799 5368 1852 lancea
5401 1797 5719 1858 confodieris,

4170 1887 4475 1950 interemit,
4523 1897 4578 1941 et
4627 1897 4756 1940 tunc
4803 1888 5005 1956 liquido
5050 1887 5397 1956 deprehendit
5448 1885 5521 1938 nil
5569 1885 5721 1936 fuisse

2488 1995 2674 2034 mensa
2710 1982 3046 2049 geometrica:
3085 1981 3164 2032 vel
3194 1981 3570 2033 astronomictn
3610 1979 3920 2046 disciplinae.
3948 1978 4056 2031 Lit-
4088 1967 4133 2027 Β
4163 1979 4304 2046 quod
4332 1978 4536 2042 didicit,
4559 1980 4685 2032 dum
4708 1981 4864 2032 simul
4897 1981 5078 2033 amisit
5099 1993 5152 2034 et
5177 1978 5447 2033 irridentis
5478 1978 5594 2030 vitzc
5618 1975 5720 2029 dul-

2488 2079 2631 2122 teras
2663 2079 2716 2123 et
2749 2068 3010 2124 Martinus
3057 2071 3304 2140 ignorat;
3339 2071 3431 2122 sed
3457 2070 3541 2121 hic
3576 2070 3755 2122 fatuus
3804 2079 3855 2122 et
3886 2069 4055 2134 impe-

2495 2158 2632 2211 ritus
2657 2160 2894 2227 perditas
2928 2161 3088 2212 trium
3145 2170 3480 2212 mortuorum
3513 2161 3720 2211 animus
3763 2159 3830 2210 ab
3876 2157 4060 2212 inferis

2491 2257 2729 2300 revocat.
2762 2248 3024 2302 Antonius
3056 2266 3158 2303 non
3192 2250 3572 2309 rhetoricatur,
3605 2252 3695 2300 sed
3723 2260 3831 2303 toto
3854 2249 4060 2317 conspi-

2489 2351 2622 2388 cuus
2652 2339 2800 2395 orbe.
2827 2338 3036 2399 litteris,
3083 2348 3140 2391 ut
3189 2339 3258 2390 ita
3305 2339 3512 2406 loquar,
3559 2339 3804 2391 vitalibus
3844 2338 4054 2405 legitur.

2486 2420 2725 2477 Hiliriou
2775 2425 3018 2480 Platones
3059 2436 3111 2480 et
3162 2427 3493 2496 Pythagoras
3538 2427 3782 2495 proiicit,
3845 2443 4059 2494 nnoqng

2489 2525 2773 2569 contentus
2797 2515 3106 2584 Evangelio.
3151 2519 3200 2568 in
3239 2517 3519 2585 sepulcrali
3570 2532 3626 2570 se
3668 2516 3873 2570 cellulae
3901 2528 4058 2571 antro

2486 2605 2797 2668 concludit;
2827 2608 2917 2659 sed
2950 2621 3075 2658 ecce
3101 2608 3429 2660 dat-itionibus
3467 2609 3713 2673 imperat,
3747 2622 3905 2671 quem
3944 2607 4059 2674 phi-

2482 2695 2828 2760 losophorum
2859 2697 3034 2748 studia
3075 2711 3176 2748 non
3211 2707 3492 2748 exornant.
3530 2696 3657 2760 Qua:
3688 2698 3731 2747 si
3761 2706 3814 2747 tu
3845 2710 4058 2762 quoque

2482 2786 2628 2854 apud
2657 2786 2929 2848 saeculum,
2959 2796 3015 2839 ut
3050 2789 3334 2855 elllagitas,
3359 2789 3658 2848 didicisses,
3694 2787 3938 2840 fortassis
3967 2788 4058 2841 bo-

2482 2877 2569 2930 die
2616 2875 2870 2929 Dominus
2901 2877 3041 2930 intra
3072 2879 3234 2931 sortis
3266 2894 3375 2930 sua:
3422 2877 3715 2931 funiculum
3763 2893 3865 2931 non
3899 2878 4057 2932 liabe-

2479 2978 2581 3021 ret.
2617 2967 2707 3020 Est
2731 2967 2874 3020 enim
2906 2970 3164 3036 sapientia
3190 2970 3256 3022 de
3287 2985 3388 3036 qua
3418 2970 3677 3035 scriptum
3705 2976 3788 3022 est
3823 2987 3834 3019 :
3873 2986 3889 3018 ι
3923 2968 4053 3020 Nam

2480 3069 2578 3123 per
2624 3059 2939 3118 sapientiam
2994 3059 3176 3112 sanati
3219 3070 3345 3114 sunt
3393 3059 3700 3125 quicunque
3740 3057 4059 3124 placuerunt

2487 3146 2606 3208 tihi,
2640 3145 2883 3206 Domine.
2923 3147 2990 3199 ab
3013 3149 3164 3201 initio
3187 3147 3336 3216 (Sap.
3365 3151 3462 3216 ts).
3501 3168 3518 3198 ι
3557 3149 3620 3200 Et
3654 3158 3736 3202 est
3772 3150 4055 3217 sapientia,

2479 3235 2546 3288 de
2573 3249 2678 3303 qua
2709 3233 2944 3288 dicitur:
2990 3258 3007 3286 ι
3046 3234 3158 3288 Non
3191 3247 3273 3289 est
3307 3237 3417 3289 hac
3460 3236 3722 3304 sapientia
3771 3236 4052 3288 desursum

4161 2068 4401 2120 cedincm
4433 2077 4486 2122 et
4511 2068 4778 2137 coucupiti
4805 2068 5054 2122 culminis
5085 2068 5416 2137 dignitatem.

4762 2157 4991 2215 CAPUT
5029 2159 5137 2212 VII.

4446 2247 4523 2300 De
4556 2249 4841 2300 mundana
4871 2247 5136 2316 sapientia!
5163 2248 5443 2315 effectibus.

4235 2337 4497 2390 Praeterea
4560 2353 4700 2405 saepe
4741 2338 5004 2405 contingit
5059 2345 5114 2390 ut
5168 2337 5400 2390 nonnulli
5447 2335 5722 2390 carnaliter

4168 2429 4440 2495 sapientes
4464 2435 4517 2480 ct
4547 2427 4750 2480 diutius
4779 2428 4982 2488 vivant,
5012 2437 5065 2480 et
5088 2442 5355 2494 nunquam
5399 2428 5608 2480 valeant
5650 2426 5722 2478 iu-

4165 2522 4350 2572 venire
4379 2521 4519 2588 quod
4547 2529 4755 2587 optant.
4796 2518 4857 2575 In
4895 2520 5168 2589 sapientiae
5205 2519 5400 2587 quippe
5436 2533 5542 2571 sua:
5586 2517 5721 2569 vani-

4166 2619 4272 2661 tate
4303 2609 4516 2672 confisi,
4542 2611 4668 2663 dum
4712 2617 4932 2678 sperant
4984 2609 5143 2663 facile
5188 2617 5374 2661 cuneta
5416 2616 5720 2676 suppetere,

4165 2702 4502 2754 arbitrantur
4535 2703 4717 2768 utique
4744 2718 4801 2754 se
4827 2702 5099 2770 religionis
5144 2702 5442 2754 testimonio
5491 2715 5588 2752 non
5612 2714 5720 2768 ege-

4163 2807 4258 2855 re;
4291 2801 4346 2844 et
4372 2794 4497 2844 dum
4536 2793 4749 2845 inanem
4788 2793 5107 2860 sapientiam
5146 2793 5370 2860 jactant,
5424 2793 5721 2860 insipienter

4162 2882 4342 2934 vivere
4369 2897 4475 2934 non
4507 2881 4818 2935 formidant.
4851 2881 5211 2949 Quamobrem
5241 2898 5269 2934 a
5302 2897 5358 2936 se
5401 2881 5721 2950 conspicien-

4163 2971 4302 3023 tibus
4325 2985 4509 3024 eorum
4544 2983 4696 3025 actus
4714 2972 5036 3040 exploditur,
5085 2972 5189 3024 vita
5239 2973 5564 3039 conspuitur,
5600 2986 5718 3024 con-

4162 3063 4396 3114 versatio
4425 3063 4717 3128 deridetur,
4744 3062 4881 3116 fama
4907 3064 5182 3131 polluitur,
5216 3063 5569 3116 testimonium
5598 3078 5718 3115 con-

4163 3151 4476 3216 deninatur;
4542 3153 4766 3220 ideoque
4829 3152 4919 3221 qui
4992 3161 5381 3219 proposuerant
5426 3152 5491 3203 ad
5550 3160 5719 3202 votum

4164 3242 4343 3295 carnis
4375 3243 4568 3304 vivere,
4614 3244 4668 3296 in
4714 3237 5044 3297 contrarium
5079 3258 5228 3296 versa
5271 3241 5551 3304 sententia,
5588 3255 5720 3308 saepe

2479 3321 2834 3388 descendens,
2856 3324 2950 3378 sed
2988 3333 3222 3389 terrena,
3263 3324 3532 3386 animalis,
3568 3323 3832 3377 diabolica
3860 3321 4044 3390 (Joan.
4080 3309 4123 3368 C
4155 3330 4550 3400 compelluntur
4570 3346 4756 3402 egere,
4786 3348 4802 3385 ε

3395 3324 3532 3386 “iis:
3568 3323 3832 3377 (υίιὶθυιίοδ
3860 3321 4044 3390 “00"-
4080 3309 4123 3368 (ἶ
4155 3330 4550 3400 compelluntur
4570 3346 4756 3402 egere,
4786 3347 4908 3385 cum
4929 3348 4959 3386 e
4985 3333 5197 3386 diverso
5229 3335 5425 3400 quique
5461 3331 5718 3399 simplices

2477 3412 2583 3478 Hi).
2620 3431 2639 3462 ι
2673 3411 2759 3473 Et,
2790 3427 2822 3464 o
2852 3416 3067 3479 quantis
3103 3411 3215 3466 haec
3263 3413 3374 3480 ipsa
3444 3421 3654 3468 terrena
3701 3421 3757 3466 et
3804 3409 4052 3463 animalis

2480 3499 2746 3567 sapientia
2771 3514 2876 3554 non
2903 3502 3171 3554 concessit
3207 3505 3308 3554 iter
3345 3515 3681 3569 prosperum.
3710 3509 3767 3552 ut
3803 3499 4050 3554 videlicet

2483 3596 2610 3639 ante
2637 3597 2956 3642 corruerent
2982 3587 3033 3640 in
3069 3588 3366 3656 periculum
3388 3590 3591 3643 mortis.
3610 3604 3772 3656 Quam
3806 3587 4048 3648 frueren-

2475 3688 2564 3734 tur
2586 3680 2816 3748 Optatisl

2991 3773 3155 3843 723
3183 3771 3409 3831 caper
3449 3773 3531 3826 Vl.

2548 3862 2704 3926 Quod
2731 3863 2958 3916 humana
2981 3865 3237 3932 sapientia
3261 3864 3436 3917 multis
3455 3865 3695 3923 periculis
3721 3865 3975 3932 subjarst.

2545 3951 2836 4008 Gualterus
2898 3956 3072 4023 plane,
3134 3956 3372 4024 magistri
3430 3957 3550 4016 mei,
3596 3957 3800 4008 setlicet
3851 3955 4046 4019 lvouis,

2476 4041 2655 4096 socius
2689 4041 2812 4106 fuit,
2841 4044 2930 4110 qui
2954 4059 3046 4112 per
3072 4030 3288 4112 triginta
3319 4043 3486 4096 ferme
3525 4059 3696 4096 annos
3727 4045 3798 4096 ita
3831 4057 3925 4112 per
3954 4059 4048 4097 oc-

2475 4131 2664 4184 ciduos
2696 4134 2830 4186 lines
2866 4133 3182 4198 sapientiam
3214 4141 3526 4201 persecutus
3564 4142 3668 4195 est,
3697 4143 3756 4186 ut
3783 4134 3848 4185 de
3872 4133 4050 4202 regnis

2474 4220 2538 4273 ad
2589 4236 2752 4290 regna
2809 4223 3198 4278 contenderet:
3246 4234 3300 4277 et
3350 4238 3454 4276 non
3509 4223 3666 4277 modo
3721 4222 4046 4286 Teutonunt,

2473 4312 2778 4380 Gallorum,
2809 4317 2904 4369 sed
2944 4326 2998 4370 et
3042 4315 3434 4371 Saracenorum
3468 4330 3682 4384 quoque
3729 4314 4046 4384 Hispanien-

2470 4406 2609 4460 sium
2641 4407 2819 4473 urbes,
2850 4409 3045 4478 oppida
3075 4408 3234 4463 simul
3265 4421 3427 4476 atque
3455 4408 3760 4476 provincias
3793 4417 4046 4475 penetra-

2471 4509 2583 4563 ret;
2608 4498 2702 4552 sed
2727 4513 2847 4552 mox
2872 4509 2953 4562 ut,
2981 4498 3171 4552 studiis
3201 4507 3334 4562 toto,
3363 4506 3422 4551 ut
3445 4499 3513 4551 ita
3537 4497 3744 4565 loquar,
3767 4498 3897 4552 orbe
3926 4512 4046 4551 cor-

2470 4591 2630 4655 rasis,
2660 4589 2908 4643 exsilium
2947 4589 3274 4644 habitatione
3305 4590 3550 4652 mutavit,
3583 4599 3635 4643 et
3662 4589 3774 4658 jam
3817 4590 3960 4644 velut
3992 4591 4041 4642 in

2473 4695 2608 4752 pace
2643 4682 2972 4750 compositus
3012 4681 3205 4736 docere
3245 4698 3438 4750 pueros
3476 4683 3639 4750 coepit
3668 4723 3681 4746 ,
3716 4681 3891 4736 :emuli
3930 4681 4044 4743 sui,
4076 4667 4127 4725 Β

2471 4771 2747 4839 cujusdam
2777 4770 3024 4825 videlicet
3080 4772 3302 4825 alterius
3339 4773 3597 4838 sapientis
3629 4773 3913 4826 necessarii
3968 4772 4048 4824 vcl

2477 4856 2738 4920 fautores,
2767 4873 2887 4911 eum
2919 4859 3234 4926 simpliciter
3256 4861 3584 4926 gradientem
3629 4875 3700 4912 ex-
3726 4861 3933 4914 insidiis
3957 4877 4048 4915 oc-

2475 4947 2759 5003 ciderunt:
2792 4948 2882 5014 qui
2915 4949 3195 5003 confatssns
3225 4949 3433 5018 gladiis,
3478 4967 3583 5003 non
3627 4952 3955 5016 sacerdotes,
3990 4962 4047 5005 ut

2471 5035 2602 5091 mihi
2667 5035 2894 5088 relatum
2957 5037 3208 5101 arbitror,
3273 5040 3459 5107 petiit;
3511 5056 3613 5092 non
3656 5042 3720 5094 de
3762 5044 4048 5095 transactis

2469 5124 2862 5179 confessionem
2895 5126 2976 5180 vel
3001 5128 3384 5194 ptenitudinem
3432 5132 3629 5198 gessit;
3663 5131 3754 5185 sed
3783 5146 3950 5198 usque
3978 5134 4042 5185 ad

2470 5213 2717 5266 ultimum
2744 5215 2988 5280 spiritum
3030 5218 3130 5268 hoc
3171 5217 3338 5270 solum
3382 5219 3674 5272 inclamare
3715 5236 3819 5273 non
3853 5221 4038 5274 desiit:

2477 5299 2590 5375 llgu
2615 5303 2775 5370 quale
2814 5303 3100 5359 damnum!
3153 5307 3206 5360 Si
3249 5310 3378 5378 quid
3415 5320 3590 5364 autem
3621 5313 3701 5365 vel
3734 5313 3799 5366 de
3827 5313 4039 5367 confes-

2473 5389 2622 5444 sione
2650 5389 2895 5446 facienda
2954 5393 3036 5447 vel
3080 5395 3221 5448 aliud
3272 5399 3398 5465 quid
3445 5399 3755 5464 dicebatur,
3806 5402 3893 5454 ille
3928 5404 4038 5470 jam

2470 5480 2729 5534 alienatus
2787 5483 2886 5535 hoc
2950 5483 3283 5539 solummodo
3345 5488 3668 5555 repetebat:
3716 5489 3826 5544 Heu
3882 5493 4040 5559 quale

2472 5567 2751 5622 damnum!
2788 5571 2882 5626 llic
2909 5573 3088 5644 itaque
3135 5576 3274 5629 velut
3329 5581 3559 5632 arachue
3611 5581 3997 5635 iuextricabilia
4023 5623 4036 5646 ,

2473 5669 2526 5711 ιιι
2583 5660 2684 5713 sibi
2734 5663 3026 5728 videbatur,
3072 5665 3422 5734 subtegminis
3476 5669 3559 5722 tila
3601 5674 3906 5737 contexuit;
3946 5675 4036 5726 sed

2469 5769 2590 5809 mox
2624 5766 2679 5807 ut
2730 5773 2793 5810 ea
2827 5767 3016 5814 ventus
3045 5761 3239 5816 ultimm
3266 5766 3601 5819 necessitatis
3643 5767 3850 5835 impulit
3872 5808 3884 5830 ,
3912 5784 4032 5836 pro-

2473 5841 2615 5898 titt'Js
2646 5845 2696 5898 iu
2734 5847 2955 5902 nihilum
2984 5852 3161 5906 omnia
3194 5854 3490 5922 til:$ipﬂ\il.
3526 5856 3662 5908 Atztti
3705 5857 3896 5925 quippe
3943 5876 4036 5910 tto-

4157 3435 4212 3478 et
4250 3426 4416 3494 quieti
4476 3428 4636 3480 rebus
4672 3425 4966 3480 exuberent
5002 3425 5318 3479 necessariis
5360 3423 5534 3494 729.
5571 3421 5719 3476 Unde

4156 3532 4252 3585 per
4275 3519 4468 3571 tsaiam
4509 3518 4764 3571 Dominus
4789 3518 4917 3570 dicit
4946 3533 4960 3568 :
5006 3534 5026 3567 ι
5062 3516 5164 3570 Pro
5188 3531 5250 3570 eo
5276 3516 5413 3583 quod
5447 3513 5649 3573 vocavi.
5673 3524 5720 3562 ct

4157 3623 4262 3660 non
4298 3606 4685 3675 respondistis;
4729 3607 4936 3661 locutus
4967 3620 5105 3669 sum,
5152 3614 5206 3658 et
5248 3621 5352 3658 non
5385 3602 5638 3666 audistis;
5669 3611 5722 3654 et

4157 3694 4438 3749 faciebatis
4473 3699 4671 3749 malum
4709 3696 4761 3749 in
4801 3695 4972 3750 oculis
5003 3696 5168 3757 meis;
5209 3702 5263 3748 et
5291 3707 5408 3761 quae
5445 3691 5589 3746 nolui
5623 3690 5720 3745 ele-

4153 3786 4340 3854 gistis:
4373 3797 4590 3854 propter
4625 3786 4723 3839 boc
4751 3799 4879 3839 ecce
4909 3785 5049 3838 servi
5080 3784 5182 3837 mei
5215 3782 5512 3846 comedent,
5546 3789 5600 3834 et
5628 3793 5718 3832 vos

4151 3878 4434 3931 esurietis:
4465 3892 4592 3931 ecce
4617 3877 4755 3931 servi
4781 3877 4882 3930 mei
4911 3875 5120 3939 bibent,
5149 3885 5204 3929 et
5228 3890 5320 3928 vos
5342 3873 5566 3936 sitietis;
5596 3886 5718 3926 ecce

4153 3968 4298 4021 servi
4339 3968 4442 4021 mei
4488 3966 4830 4028 laetabuntur,
4884 3976 4936 4018 et
4988 3980 5080 4017 vos
5122 3962 5548 4027 confundemiui;
5595 3976 5718 4016 ecce

4153 4058 4294 4112 servi
4327 4058 4428 4110 mei
4462 4058 4760 4110 laudabuns
4794 4072 4902 4125 prce
4932 4054 5284 4108 exsultatione
5313 4053 5505 4117 cordis,
5543 4064 5599 4106 et
5628 4067 5720 4105 vos

4153 4146 4455 4200 clamabitis
4502 4161 4611 4215 prae
4659 4145 4861 4207 dolore,
4901 4151 4954 4197 et
4994 4159 5104 4212 pra:
5153 4143 5466 4198 contritione
5501 4142 5720 4212 spiritus

4153 4235 4425 4289 ululabitis
4447 4234 4581 4304 (lsa.
4616 4235 4758 4304 μιν).
4804 4253 4822 4286 ι

4223 4322 4498 4391 Hodieque
4540 4332 4685 4378 certe
4728 4325 4778 4376 in
4819 4323 5061 4378 Romana
5106 4325 5235 4379 urbe
5273 4323 5436 4378 frater
5483 4323 5701 4387 advivit,

4150 4422 4301 4466 ortus
4328 4413 4393 4466 de
4423 4415 4648 4469 summis
4679 4414 4994 4482 proceribus
5047 4413 5358 4478 Galliarum,
5416 4412 5565 4481 cujus
5624 4428 5716 4468 no-

4150 4513 4468 4566 menlaceo,
4516 4505 4642 4571 quia
4705 4503 4887 4557 fratris
4953 4503 5294 4574 ignominiam
5340 4503 5710 4572 perhorresco.

4149 4591 4246 4645 Cui
4292 4592 4478 4645 nescio
4519 4607 4585 4646 an
4626 4592 4823 4660 aliquid
4851 4593 5095 4647 utilitatis
5119 4594 5274 4646 desit.
5315 4591 5414 4645 Tot
5448 4591 5710 4658 siquidem

4154 4683 4486 4737 exteriorum
4521 4683 4781 4737 benorum
4820 4680 5039 4736 ﬂoribus
5077 4679 5321 4734 enitescit
5362 4695 5373 4731 :
5415 4679 5608 4734 nobilis
5657 4688 5715 4732 ut

4155 4772 4480 4838 imperator;
4533 4770 4755 4838 pulcher
4813 4779 5032 4839 aspectu
5089 4767 5496 4837 quodammodo,
5570 4767 5714 4820 sicut

4154 4859 4361 4914 Tullius
4390 4859 4656 4927 loquitur;
4701 4873 4759 4913 ut
4803 4858 5054 4928 Virgilius
5077 4867 5348 4928 poetatur;
5384 4855 5505 4909 tuba
5547 4855 5714 4908 vehe-

4153 4964 4307 5002 mens
4351 4950 4400 5002 in
4446 4948 4712 5014 Ecclesia;
4751 4947 5030 5016 perspicax
5056 4957 5109 5002 et
5156 4956 5340 5001 acutus
5387 4959 5468 4999 est
5511 4945 5559 4998 iu
5595 4945 5713 5014 lege

4153 5038 4364 5101 divina;
4389 5037 4707 5096 scholastice
4742 5038 5039 5106 disputans,
5073 5038 5223 5106 quasi
5273 5035 5533 5103 descripta
5584 5034 5707 5088 libri

4152 5129 4311 5182 verba
4337 5130 4627 5197 percurrit;
4659 5129 4949 5196 vulgariter
4989 5128 5228 5198 loquens,
5264 5127 5510 5181 Romamn
5546 5128 5708 5178 urba-

4151 5220 4332 5272 nitatis
4385 5219 4619 5289 regulare
4673 5234 4778 5272 non
4837 5216 5075 5272 offendit.
5129 5215 5263 5291 Quid
5291 5215 5353 5270 de
5393 5213 5707 5268 monachico

4148 5326 4442 5380 prosequar
4469 5310 4692 5364 ordine?
4715 5309 4843 5378 quid
4883 5310 4946 5362 dc
4980 5307 5238 5378 regularis
5283 5306 5585 5375 magisterio
5623 5307 5706 5359 di-

4147 5403 4418 5471 sciplina?
4457 5401 4511 5454 In
4552 5415 4778 5470 quorum
4815 5399 5057 5455 videlicet
5106 5400 5289 5453 notitia
5326 5399 5393 5451 ita
5437 5396 5706 5450 convaluit

4147 5505 4202 5546 ut
4247 5511 4345 5549 nec
4375 5497 4569 5549 docere
4589 5494 4797 5556 navier
4836 5493 5033 5562 possit;
5069 5492 5159 5546 sed
5189 5493 5325 5560 ejus,
5354 5489 5481 5557 proh
5519 5487 5699 5541 dolor!

4147 5585 4263 5638 talis
4301 5596 4384 5638 est
4414 5588 4538 5646 vita,
4601 5593 4658 5637 ut
4706 5598 4824 5636 eum
4853 5584 5003 5636 alteri
5049 5581 5220 5634 nullus
5250 5579 5513 5640 invideat,
5545 5579 5610 5631 ad
5647 5593 5703 5630 sc

4144 5674 4483 5728 introducere
4524 5690 4682 5728 nemo
4719 5674 4999 5744 deposcat;
5029 5682 5100 5736 et,
5131 5681 5184 5725 ut
5225 5685 5333 5724 rem
5370 5684 5469 5723 non
5498 5669 5700 5722 diutius

4142 5770 4474 5834 protraham,
4516 5768 4680 5821 stulto
4725 5769 4951 5836 sapienti
5012 5764 5399 5820 monasterialis
5429 5764 5491 5816 ad
5540 5762 5693 5815 habi-

4145 5861 4359 5912 tandum
4395 5861 4558 5927 jauua
4606 5859 4914 5914 clauditur:
4948 5856 5097 5926 cuius
5145 5855 5336 5926 passim
5391 5852 5601 5910 rusticis
5647 5858 5700 5903 ct
