  <div class='ocr_page' id='page_1' title='image "/cluster/home/n/w/nwhite01/storage/ocr_20150623/144-145/uc1.31175001639262/890.png"; bbox 0 0 5882 6604; ppageno 0'>
   <div class='ocr_carea' id='block_1_1' title="bbox 900 423 4154 507">
    <p class='ocr_par' dir='ltr' id='par_1_1' title="bbox 900 423 4154 507">
     <span class='ocr_line' id='line_1_1' title="bbox 900 423 4154 507; baseline -0.009 -1"><span class='ocrx_word' id='word_1_1' title='bbox 900 451 992 507; x_wconf 80' lang='grc'><strong>’701</strong></span> <span class='ocrx_word' id='word_1_2' title='bbox 1743 437 1985 495; x_wconf 82' lang='lat' dir='ltr'><strong>OPUSC.</strong></span> <span class='ocrx_word' id='word_1_3' title='bbox 2023 433 2180 491; x_wconf 72' lang='lat' dir='ltr'><strong>XLV.</strong></span> <span class='ocrx_word' id='word_1_4' title='bbox 2221 465 2291 475; x_wconf 89' lang='lat'><strong>--</strong></span> <span class='ocrx_word' id='word_1_5' title='bbox 2328 433 2415 488; x_wconf 78' lang='lat' dir='ltr'><strong>DE</strong></span> <span class='ocrx_word' id='word_1_6' title='bbox 2453 429 2721 487; x_wconf 73' lang='lat' dir='ltr'><strong>SANCTA</strong></span> <span class='ocrx_word' id='word_1_7' title='bbox 2765 426 3260 485; x_wconf 69' lang='lat' dir='ltr'><strong>SIMPLICI&#39;FATE.</strong></span> <span class='ocrx_word' id='word_1_8' title='bbox 4049 423 4154 477; x_wconf 69' lang='grc' dir='ltr'><strong>’Νι</strong></span> 
     </span>
    </p>
   </div>
   <div class='ocr_carea' id='block_1_2' title="bbox 901 533 4146 630">
    <p class='ocr_par' dir='ltr' id='par_1_2' title="bbox 901 533 4146 630">
     <span class='ocr_line' id='line_1_2' title="bbox 901 533 4146 630; baseline -0.01 -14"><span class='ocrx_word' id='word_1_9' title='bbox 901 559 1162 630; x_wconf 78' lang='lat' dir='ltr'><strong>imperitis</strong></span> <span class='ocrx_word' id='word_1_10' title='bbox 1214 573 1278 613; x_wconf 89' lang='lat' dir='ltr'><strong>ac</strong></span> <span class='ocrx_word' id='word_1_11' title='bbox 1321 555 1552 628; x_wconf 81' lang='lat' dir='ltr'><strong>dyseoiis</strong></span> <span class='ocrx_word' id='word_1_12' title='bbox 1605 552 1782 606; x_wconf 83' lang='lat' dir='ltr'><strong>aditus</strong></span> <span class='ocrx_word' id='word_1_13' title='bbox 1824 566 1927 604; x_wconf 92' lang='lat' dir='ltr'><strong>non</strong></span> <span class='ocrx_word' id='word_1_14' title='bbox 1985 555 2227 614; x_wconf 76' lang='lat' dir='ltr'><strong>negatur.</strong></span> <span class='ocrx_word' id='word_1_15' title='bbox 2309 543 2460 598; x_wconf 88' lang='lat' dir='ltr'><strong>Unde</strong></span> <span class='ocrx_word' id='word_1_16' title='bbox 2490 544 2536 601; x_wconf 80' lang='grc' dir='ltr'>Α</span> <span class='ocrx_word' id='word_1_17' title='bbox 2567 540 2731 592; x_wconf 86' lang='lat' dir='ltr'><strong>Deum</strong></span> <span class='ocrx_word' id='word_1_18' title='bbox 2771 543 2854 594; x_wconf 91' lang='lat' dir='ltr'><strong>vel</strong></span> <span class='ocrx_word' id='word_1_19' title='bbox 2884 548 3102 592; x_wconf 86' lang='lat' dir='ltr'><strong>sanctos</strong></span> <span class='ocrx_word' id='word_1_20' title='bbox 3125 550 3242 602; x_wconf 66' lang='lat' dir='ltr'><strong>eius</strong></span> <span class='ocrx_word' id='word_1_21' title='bbox 3291 535 3730 602; x_wconf 64' lang='lat' dir='ltr'><strong>sincemquatrit</strong></span> <span class='ocrx_word' id='word_1_22' title='bbox 3782 533 4002 615; x_wconf 85' lang='lat' dir='ltr'><strong>intuitu,</strong></span> <span class='ocrx_word' id='word_1_23' title='bbox 4034 551 4146 588; x_wconf 85' lang='lat' dir='ltr'><strong>nou</strong></span> 
     </span>
    </p>
   </div>
   <div class='ocr_carea' id='block_1_3' title="bbox 906 621 4147 715">
    <p class='ocr_par' dir='ltr' id='par_1_3' title="bbox 906 621 4147 715">
     <span class='ocr_line' id='line_1_3' title="bbox 906 621 4147 715; baseline -0.01 -8"><span class='ocrx_word' id='word_1_24' title='bbox 906 621 1050 707; x_wconf 77' lang='lat' dir='ltr'><strong>recte</strong></span> <span class='ocrx_word' id='word_1_25' title='bbox 1093 651 1175 704; x_wconf 90' lang='lat' dir='ltr'><strong>vir</strong></span> <span class='ocrx_word' id='word_1_26' title='bbox 1209 621 1422 715; x_wconf 74' lang='lat' dir='ltr'><strong>sapiens</strong></span> <span class='ocrx_word' id='word_1_27' title='bbox 1457 648 1531 699; x_wconf 88' lang='lat' dir='ltr'><strong>ait</strong></span> <span class='ocrx_word' id='word_1_28' title='bbox 1583 667 1594 697; x_wconf 81' lang='lat'><strong>;</strong></span> <span class='ocrx_word' id='word_1_29' title='bbox 1651 661 1669 694; x_wconf 73' lang='grc' dir='ltr'><strong><em>ε</em></strong></span> <span class='ocrx_word' id='word_1_30' title='bbox 1713 642 1905 696; x_wconf 71' lang='lat' dir='ltr'><strong>Melior</strong></span> <span class='ocrx_word' id='word_1_31' title='bbox 1941 649 2023 693; x_wconf 89' lang='lat' dir='ltr'><strong>est</strong></span> <span class='ocrx_word' id='word_1_32' title='bbox 2042 639 2202 692; x_wconf 90' lang='lat' dir='ltr'><strong>homo</strong></span> <span class='ocrx_word' id='word_1_33' title='bbox 2251 637 2335 690; x_wconf 91' lang='lat' dir='ltr'><strong>cui</strong></span> <span class='ocrx_word' id='word_1_34' title='bbox 2370 635 2460 688; x_wconf 66' lang='lat' dir='ltr'><strong>de:</strong></span> <span class='ocrx_word' id='word_1_35' title='bbox 2572 629 2770 697; x_wconf 87' lang='lat' dir='ltr'><strong>indiget</strong></span> <span class='ocrx_word' id='word_1_36' title='bbox 2801 627 3082 696; x_wconf 80' lang='lat' dir='ltr'><strong>peregrina</strong></span> <span class='ocrx_word' id='word_1_37' title='bbox 3110 625 3226 677; x_wconf 88' lang='lat' dir='ltr'><strong>luce</strong></span> <span class='ocrx_word' id='word_1_38' title='bbox 3282 634 3341 677; x_wconf 90' lang='lat' dir='ltr'><strong>ut</strong></span> <span class='ocrx_word' id='word_1_39' title='bbox 3385 638 3569 676; x_wconf 84' lang='lat' dir='ltr'><strong>veram</strong></span> <span class='ocrx_word' id='word_1_40' title='bbox 3598 623 3907 690; x_wconf 85' lang='lat' dir='ltr'><strong>conspiciat</strong></span> <span class='ocrx_word' id='word_1_41' title='bbox 3950 621 4147 675; x_wconf 83' lang='lat' dir='ltr'><strong>lucem.</strong></span> 
     </span>
    </p>
   </div>
   <div class='ocr_carea' id='block_1_4' title="bbox 904 711 4149 813">
    <p class='ocr_par' dir='ltr' id='par_1_4' title="bbox 904 711 4149 813">
     <span class='ocr_line' id='line_1_4' title="bbox 904 711 4149 813; baseline -0.008 -17"><span class='ocrx_word' id='word_1_42' title='bbox 904 743 1016 804; x_wconf 64' lang='lat' dir='ltr'><strong>[icit</strong></span> <span class='ocrx_word' id='word_1_43' title='bbox 1049 711 1330 813; x_wconf 76' lang='lat' dir='ltr'><strong>sapientia,</strong></span> <span class='ocrx_word' id='word_1_44' title='bbox 1352 747 1407 791; x_wconf 91' lang='lat' dir='ltr'><strong>et</strong></span> <span class='ocrx_word' id='word_1_45' title='bbox 1435 737 1689 790; x_wconf 90' lang='lat' dir='ltr'><strong>dellciens</strong></span> <span class='ocrx_word' id='word_1_46' title='bbox 1726 748 1887 787; x_wconf 89' lang='lat' dir='ltr'><strong>sensu</strong></span> <span class='ocrx_word' id='word_1_47' title='bbox 1940 732 1992 783; x_wconf 93' lang='lat' dir='ltr'><strong>in</strong></span> <span class='ocrx_word' id='word_1_48' title='bbox 2043 729 2254 790; x_wconf 90' lang='lat' dir='ltr'><strong>timore,</strong></span> <span class='ocrx_word' id='word_1_49' title='bbox 2304 739 2465 791; x_wconf 82' lang='lat' dir='ltr'><strong>quam</strong></span> <span class='ocrx_word' id='word_1_50' title='bbox 2572 718 2684 784; x_wconf 69' lang='lat' dir='ltr'><strong>Ipsa</strong></span> <span class='ocrx_word' id='word_1_51' title='bbox 2714 716 2908 813; x_wconf 60' lang='lat' dir='ltr'><strong>quin»</strong></span> <span class='ocrx_word' id='word_1_52' title='bbox 2940 728 3064 813; x_wconf 60' lang='grc' dir='ltr'><strong>γεω</strong></span> <span class='ocrx_word' id='word_1_53' title='bbox 3091 713 3354 813; x_wconf 52' lang='grc' dir='ltr'><strong>ξ²1ξίθ¹¹ιί³</strong></span> <span class='ocrx_word' id='word_1_54' title='bbox 3470 711 3838 813; x_wconf 28' lang='grc' dir='ltr'><strong>(ιιξεετεηιιξὺυε</strong></span> <span class='ocrx_word' id='word_1_55' title='bbox 3855 711 4149 813; x_wconf 13' lang='grc' dir='ltr'><strong>θρθΐξιςιθι.</strong></span> 
     </span>
    </p>
   </div>
   <div class='ocr_carea' id='block_1_5' title="bbox 904 797 4153 902">
    <p class='ocr_par' dir='ltr' id='par_1_5' title="bbox 904 797 4153 902">
     <span class='ocr_line' id='line_1_5' title="bbox 904 797 4153 902; baseline -0.005 -35"><span class='ocrx_word' id='word_1_56' title='bbox 904 801 1000 902; x_wconf 34' lang='lat' dir='ltr'><strong>du;</strong></span> <span class='ocrx_word' id='word_1_57' title='bbox 1025 797 1464 896; x_wconf 50' lang='grc' dir='ltr'><strong>ηδιςήάεηεέηδη,</strong></span> <span class='ocrx_word' id='word_1_58' title='bbox 1494 840 1547 885; x_wconf 69' lang='grc' dir='ltr'>ει</span> <span class='ocrx_word' id='word_1_59' title='bbox 1593 824 1982 896; x_wconf 59' lang='grc' dir='ltr'><strong>ιηηεετράίωι-</strong></span> <span class='ocrx_word' id='word_1_60' title='bbox 2010 821 2178 891; x_wconf 59' lang='lat' dir='ltr'><strong>legem</strong></span> <span class='ocrx_word' id='word_1_61' title='bbox 2208 817 2467 873; x_wconf 70' lang='grc' dir='ltr'>ΑιιῙεείιιιί</span> <span class='ocrx_word' id='word_1_62' title='bbox 2571 808 2687 859; x_wconf 85' lang='lat' dir='ltr'><strong>sine</strong></span> <span class='ocrx_word' id='word_1_63' title='bbox 2733 801 3226 902; x_wconf 66' lang='lat' dir='ltr'><strong>adulterinaelucis</strong></span> <span class='ocrx_word' id='word_1_64' title='bbox 3275 801 3480 854; x_wconf 77' lang='lat' dir='ltr'><strong>auxilia</strong></span> <span class='ocrx_word' id='word_1_65' title='bbox 3524 799 3821 902; x_wconf 60' lang='lat' dir='ltr'><strong>inpcciduae</strong></span> <span class='ocrx_word' id='word_1_66' title='bbox 3864 814 3925 853; x_wconf 89' lang='lat' dir='ltr'><strong>se</strong></span> <span class='ocrx_word' id='word_1_67' title='bbox 3971 797 4153 867; x_wconf 70' lang='lat' dir='ltr'><strong>fulgo:</strong></span> 
     </span>
    </p>
   </div>
   <div class='ocr_carea' id='block_1_6' title="bbox 906 886 4159 994">
    <p class='ocr_par' dir='ltr' id='par_1_6' title="bbox 906 886 4159 994">
     <span class='ocr_line' id='line_1_6' title="bbox 906 886 4159 994; baseline 0.013 -95"><span class='ocrx_word' id='word_1_68' title='bbox 1141 923 1277 990; x_wconf 48' lang='lat' dir='ltr'><strong>In).</strong></span> <span class='ocrx_word' id='word_1_69' title='bbox 1307 939 1323 970; x_wconf 59' lang='lat'>.</span> <span class='ocrx_word' id='word_1_70' title='bbox 1450 886 1462 896; x_wconf 90' lang='lat'><strong>.</strong></span> <span class='ocrx_word' id='word_1_71' title='bbox 1743 886 1774 896; x_wconf 86' lang='lat'><strong>-</strong></span> <span class='ocrx_word' id='word_1_72' title='bbox 2062 886 2086 891; x_wconf 79' lang='lat'><strong><em>‘</em></strong></span> <span class='ocrx_word' id='word_1_73' title='bbox 2303 971 2306 974; x_wconf 12' lang='lat'><strong><em>.</em></strong></span> <span class='ocrx_word' id='word_1_74' title='bbox 2569 895 2821 949; x_wconf 89' lang='lat' dir='ltr'><strong>ostendit.</strong></span> <span class='ocrx_word' id='word_1_75' title='bbox 2867 893 3016 947; x_wconf 77' lang='lat' dir='ltr'><strong>Unde</strong></span> <span class='ocrx_word' id='word_1_76' title='bbox 3037 892 3296 960; x_wconf 89' lang='lat' dir='ltr'><strong>scriptum</strong></span> <span class='ocrx_word' id='word_1_77' title='bbox 3323 899 3405 944; x_wconf 88' lang='lat' dir='ltr'><strong>est</strong></span> <span class='ocrx_word' id='word_1_78' title='bbox 3436 908 3448 942; x_wconf 90' lang='lat'><strong>:</strong></span> <span class='ocrx_word' id='word_1_79' title='bbox 3483 906 3504 941; x_wconf 70' lang='grc' dir='ltr'><em>α</em></span> <span class='ocrx_word' id='word_1_80' title='bbox 3535 886 3694 994; x_wconf 48' lang='lat' dir='ltr'><strong>C&#39;lara</strong></span> <span class='ocrx_word' id='word_1_81' title='bbox 3722 898 3805 943; x_wconf 83' lang='lat' dir='ltr'><strong>est</strong></span> <span class='ocrx_word' id='word_1_82' title='bbox 3827 904 4071 957; x_wconf 87' lang='lat' dir='ltr'><strong>semper,</strong></span> <span class='ocrx_word' id='word_1_83' title='bbox 4098 898 4159 949; x_wconf 75' lang='lat' dir='ltr'><strong>et</strong></span> 
     </span>
    </p>
   </div>
   <div class='ocr_carea' id='block_1_7' title="bbox 976 971 4148 1078">
    <p class='ocr_par' dir='ltr' id='par_1_7' title="bbox 976 971 4148 1078">
     <span class='ocr_line' id='line_1_7' title="bbox 976 971 4148 1078; baseline -0.004 -34"><span class='ocrx_word' id='word_1_84' title='bbox 976 971 1125 1078; x_wconf 39' lang='grc' dir='ltr'><strong>δέξό</strong></span> <span class='ocrx_word' id='word_1_85' title='bbox 1147 971 1328 1064; x_wconf 49' lang='grc' dir='ltr'><strong>-έίίζηι</strong></span> <span class='ocrx_word' id='word_1_86' title='bbox 1361 1010 1411 1062; x_wconf 65' lang='lat' dir='ltr'><strong>in</strong></span> <span class='ocrx_word' id='word_1_87' title='bbox 1441 1008 1666 1062; x_wconf 57' lang='grc' dir='ltr'><strong>οοηιίηθ</strong></span> <span class='ocrx_word' id='word_1_88' title='bbox 1706 1018 1826 1058; x_wconf 64' lang='lat' dir='ltr'><strong>meo</strong></span> <span class='ocrx_word' id='word_1_89' title='bbox 1859 1002 2043 1060; x_wconf 67' lang='lat' dir='ltr'><strong>Leone</strong></span> <span class='ocrx_word' id='word_1_90' title='bbox 2095 971 2353 1068; x_wconf 51' lang='lat' dir='ltr'><strong>probam;-</strong></span> <span class='ocrx_word' id='word_1_91' title='bbox 2387 995 2468 1050; x_wconf 73' lang='lat' dir='ltr'><strong>in-</strong></span> <span class='ocrx_word' id='word_1_92' title='bbox 2572 998 2844 1052; x_wconf 87' lang='lat' dir='ltr'><strong>nunquam</strong></span> <span class='ocrx_word' id='word_1_93' title='bbox 2863 990 3156 1036; x_wconf 88' lang='lat' dir='ltr'><strong>marcescet</strong></span> <span class='ocrx_word' id='word_1_94' title='bbox 3175 979 3472 1048; x_wconf 85' lang='lat' dir='ltr'><strong>sapientia;</strong></span> <span class='ocrx_word' id='word_1_95' title='bbox 3495 975 3722 1035; x_wconf 75' lang='lat' dir='ltr'><strong>etfacile</strong></span> <span class='ocrx_word' id='word_1_96' title='bbox 3742 978 4044 1033; x_wconf 83' lang='lat' dir='ltr'><strong>videturab</strong></span> <span class='ocrx_word' id='word_1_97' title='bbox 4063 980 4148 1033; x_wconf 87' lang='lat' dir='ltr'><strong>bis</strong></span> 
     </span>
    </p>
   </div>
   <div class='ocr_carea' id='block_1_8' title="bbox 905 1071 4148 1160">
    <p class='ocr_par' dir='ltr' id='par_1_8' title="bbox 905 1071 4148 1160">
     <span class='ocr_line' id='line_1_8' title="bbox 905 1071 4148 1160; baseline -0.004 -23"><span class='ocrx_word' id='word_1_98' title='bbox 905 1071 1074 1158; x_wconf 51' lang='lat' dir='ltr'><strong>cingo,</strong></span> <span class='ocrx_word' id='word_1_99' title='bbox 1108 1098 1392 1154; x_wconf 61' lang='lat' dir='ltr'><strong>posuimus</strong></span> <span class='ocrx_word' id='word_1_100' title='bbox 1433 1099 1577 1151; x_wconf 63' lang='lat' dir='ltr'><strong>enim</strong></span> <span class='ocrx_word' id='word_1_101' title='bbox 1624 1093 1790 1150; x_wconf 65' lang='lat' dir='ltr'><strong>3mm</strong></span> <span class='ocrx_word' id='word_1_102' title='bbox 1830 1092 2084 1160; x_wconf 52' lang='lat' dir='ltr'><strong>peritum,</strong></span> <span class='ocrx_word' id='word_1_103' title='bbox 2137 1099 2471 1155; x_wconf 60' lang='lat' dir='ltr'><strong>apponam“;</strong></span> <span class='ocrx_word' id='word_1_104' title='bbox 2571 1077 2662 1144; x_wconf 88' lang='lat' dir='ltr'><strong>qui</strong></span> <span class='ocrx_word' id='word_1_105' title='bbox 2687 1075 2916 1145; x_wconf 87' lang='lat' dir='ltr'><strong>diligunt</strong></span> <span class='ocrx_word' id='word_1_106' title='bbox 2943 1073 3119 1138; x_wconf 82' lang='lat' dir='ltr'><strong>illam;</strong></span> <span class='ocrx_word' id='word_1_107' title='bbox 3149 1083 3205 1127; x_wconf 89' lang='lat' dir='ltr'><strong>et</strong></span> <span class='ocrx_word' id='word_1_108' title='bbox 3230 1072 3506 1126; x_wconf 76' lang='lat' dir='ltr'><strong>invenitur</strong></span> <span class='ocrx_word' id='word_1_109' title='bbox 3531 1073 3599 1126; x_wconf 89' lang='lat' dir='ltr'><strong>ab</strong></span> <span class='ocrx_word' id='word_1_110' title='bbox 3623 1071 3710 1125; x_wconf 91' lang='lat' dir='ltr'><strong>bis</strong></span> <span class='ocrx_word' id='word_1_111' title='bbox 3746 1071 3850 1139; x_wconf 63' lang='lat' dir='ltr'><strong>qui.</strong></span> <span class='ocrx_word' id='word_1_112' title='bbox 3894 1079 4148 1140; x_wconf 62' lang='lat' dir='ltr'><strong>quierunt</strong></span> 
     </span>
    </p>
   </div>
   <div class='ocr_carea' id='block_1_9' title="bbox 905 1161 4145 1259">
    <p class='ocr_par' dir='ltr' id='par_1_9' title="bbox 905 1161 4145 1259">
     <span class='ocr_line' id='line_1_9' title="bbox 905 1161 4145 1259; baseline -0.009 -14"><span class='ocrx_word' id='word_1_113' title='bbox 905 1193 1067 1245; x_wconf 86' lang='lat' dir='ltr'><strong>etiam</strong></span> <span class='ocrx_word' id='word_1_114' title='bbox 1092 1190 1364 1259; x_wconf 85' lang='lat' dir='ltr'><strong>sapienter</strong></span> <span class='ocrx_word' id='word_1_115' title='bbox 1393 1188 1682 1240; x_wconf 86' lang='lat' dir='ltr'><strong>indoctum.</strong></span> <span class='ocrx_word' id='word_1_116' title='bbox 1715 1181 1813 1237; x_wconf 86' lang='lat' dir='ltr'><strong>ilic</strong></span> <span class='ocrx_word' id='word_1_117' title='bbox 1838 1181 2001 1251; x_wconf 82' lang='lat' dir='ltr'><strong>plane</strong></span> <span class='ocrx_word' id='word_1_118' title='bbox 2027 1178 2136 1232; x_wconf 72' lang='lat' dir='ltr'><strong>Leo</strong></span> <span class='ocrx_word' id='word_1_119' title='bbox 2165 1177 2310 1245; x_wconf 85' lang='lat' dir='ltr'><strong>(cum</strong></span> <span class='ocrx_word' id='word_1_120' title='bbox 2335 1187 2470 1243; x_wconf 68' lang='lat' dir='ltr'><strong>prie-</strong></span> <span class='ocrx_word' id='word_1_121' title='bbox 2572 1166 2716 1221; x_wconf 88' lang='lat' dir='ltr'><strong>illam</strong></span> <span class='ocrx_word' id='word_1_122' title='bbox 2747 1183 2760 1218; x_wconf 88' lang='lat'><strong>:</strong></span> <span class='ocrx_word' id='word_1_123' title='bbox 2800 1174 3142 1236; x_wconf 68' lang='lat' dir='ltr'><strong>praeoccupat</strong></span> <span class='ocrx_word' id='word_1_124' title='bbox 3171 1179 3267 1219; x_wconf 87' lang='lat' dir='ltr'><strong>eos</strong></span> <span class='ocrx_word' id='word_1_125' title='bbox 3296 1163 3467 1232; x_wconf 84' lang='lat' dir='ltr'><strong>quise</strong></span> <span class='ocrx_word' id='word_1_126' title='bbox 3485 1162 3899 1230; x_wconf 76' lang='lat' dir='ltr'><strong>concupiscunt,</strong></span> <span class='ocrx_word' id='word_1_127' title='bbox 3933 1170 3994 1214; x_wconf 90' lang='lat' dir='ltr'><strong>ut</strong></span> <span class='ocrx_word' id='word_1_128' title='bbox 4034 1161 4145 1217; x_wconf 90' lang='lat' dir='ltr'><strong>illis</strong></span> 
     </span>
    </p>
   </div>
   <div class='ocr_carea' id='block_1_10' title="bbox 907 1253 4150 1352">
    <p class='ocr_par' dir='ltr' id='par_1_10' title="bbox 907 1253 4150 1352">
     <span class='ocr_line' id='line_1_10' title="bbox 907 1253 4150 1352; baseline -0.008 -16"><span class='ocrx_word' id='word_1_129' title='bbox 907 1292 989 1336; x_wconf 89' lang='lat' dir='ltr'><strong>ter</strong></span> <span class='ocrx_word' id='word_1_130' title='bbox 1017 1253 1271 1352; x_wconf 77' lang='lat' dir='ltr'><strong>psalmos,</strong></span> <span class='ocrx_word' id='word_1_131' title='bbox 1293 1287 1385 1333; x_wconf 83' lang='lat' dir='ltr'><strong>aut</strong></span> <span class='ocrx_word' id='word_1_132' title='bbox 1411 1277 1590 1331; x_wconf 85' lang='lat' dir='ltr'><strong>nescio</strong></span> <span class='ocrx_word' id='word_1_133' title='bbox 1626 1274 1755 1344; x_wconf 88' lang='lat' dir='ltr'><strong>quid</strong></span> <span class='ocrx_word' id='word_1_134' title='bbox 1781 1271 2154 1328; x_wconf 85' lang='lat' dir='ltr'><strong>tenuissimum</strong></span> <span class='ocrx_word' id='word_1_135' title='bbox 2177 1275 2234 1321; x_wconf 87' lang='lat' dir='ltr'><strong>et</strong></span> <span class='ocrx_word' id='word_1_136' title='bbox 2285 1274 2468 1320; x_wconf 85' lang='lat' dir='ltr'><strong>extre-</strong></span> <span class='ocrx_word' id='word_1_137' title='bbox 2572 1257 2806 1326; x_wconf 73' lang='grc' dir='ltr'><strong>εει)τίοτ</strong></span> <span class='ocrx_word' id='word_1_138' title='bbox 2835 1254 3261 1326; x_wconf 77' lang='lat' dir='ltr'><strong>ostendat(Sap.</strong></span> <span class='ocrx_word' id='word_1_139' title='bbox 3306 1257 3401 1322; x_wconf 79' lang='lat' dir='ltr'><strong>vi).</strong></span> <span class='ocrx_word' id='word_1_140' title='bbox 3464 1273 3483 1306; x_wconf 77' lang='grc' dir='ltr'><strong>ι</strong></span> <span class='ocrx_word' id='word_1_141' title='bbox 3539 1253 3689 1306; x_wconf 84' lang='lat' dir='ltr'><strong>Illam</strong></span> <span class='ocrx_word' id='word_1_142' title='bbox 3751 1267 3882 1322; x_wconf 68' lang='lat' dir='ltr'><strong>ergo</strong></span> <span class='ocrx_word' id='word_1_143' title='bbox 3938 1253 4150 1320; x_wconf 56' lang='lat' dir='ltr'><strong>sapieno</strong></span> 
     </span>
    </p>
   </div>
   <div class='ocr_carea' id='block_1_11' title="bbox 905 1343 4150 1441">
    <p class='ocr_par' dir='ltr' id='par_1_11' title="bbox 905 1343 4150 1441">
     <span class='ocr_line' id='line_1_11' title="bbox 905 1343 4150 1441; baseline -0.009 -16"><span class='ocrx_word' id='word_1_144' title='bbox 905 1343 1076 1441; x_wconf 82' lang='lat' dir='ltr'><strong>mum)</strong></span> <span class='ocrx_word' id='word_1_145' title='bbox 1113 1343 1321 1423; x_wconf 81' lang='lat' dir='ltr'><strong>litteras</strong></span> <span class='ocrx_word' id='word_1_146' title='bbox 1347 1382 1450 1421; x_wconf 90' lang='lat' dir='ltr'><strong>non</strong></span> <span class='ocrx_word' id='word_1_147' title='bbox 1480 1343 1752 1426; x_wconf 87' lang='lat' dir='ltr'><strong>didicerit,</strong></span> <span class='ocrx_word' id='word_1_148' title='bbox 1787 1361 2171 1434; x_wconf 86' lang='lat' dir='ltr'><strong>grammaticos</strong></span> <span class='ocrx_word' id='word_1_149' title='bbox 2199 1354 2472 1426; x_wconf 82' lang='lat' dir='ltr'><strong>quoslibet</strong></span> <span class='ocrx_word' id='word_1_150' title='bbox 2574 1349 2703 1403; x_wconf 89' lang='lat' dir='ltr'><strong>tiam</strong></span> <span class='ocrx_word' id='word_1_151' title='bbox 2733 1361 2932 1416; x_wconf 85' lang='lat' dir='ltr'><strong>quaere,</strong></span> <span class='ocrx_word' id='word_1_152' title='bbox 2981 1346 3126 1400; x_wconf 81' lang='lat' dir='ltr'><strong>illam</strong></span> <span class='ocrx_word' id='word_1_153' title='bbox 3173 1345 3299 1399; x_wconf 90' lang='lat' dir='ltr'><strong>totis</strong></span> <span class='ocrx_word' id='word_1_154' title='bbox 3329 1345 3632 1400; x_wconf 73' lang='lat' dir='ltr'><strong>visceribus</strong></span> <span class='ocrx_word' id='word_1_155' title='bbox 3659 1343 3920 1397; x_wconf 89' lang='lat' dir='ltr'><strong>ardenter</strong></span> <span class='ocrx_word' id='word_1_156' title='bbox 3942 1343 4150 1413; x_wconf 89' lang='lat' dir='ltr'><strong>amplc-</strong></span> 
     </span>
    </p>
   </div>
   <div class='ocr_carea' id='block_1_12' title="bbox 905 1432 4150 1528">
    <p class='ocr_par' dir='ltr' id='par_1_12' title="bbox 905 1432 4150 1528">
     <span class='ocr_line' id='line_1_12' title="bbox 905 1432 4150 1528; baseline -0.009 -13"><span class='ocrx_word' id='word_1_157' title='bbox 905 1476 970 1515; x_wconf 84' lang='lat' dir='ltr'><strong>ac</strong></span> <span class='ocrx_word' id='word_1_158' title='bbox 1001 1432 1181 1514; x_wconf 82' lang='lat' dir='ltr'><strong>mundi</strong></span> <span class='ocrx_word' id='word_1_159' title='bbox 1232 1457 1581 1528; x_wconf 85' lang='lat' dir='ltr'><strong>philosophos</strong></span> <span class='ocrx_word' id='word_1_160' title='bbox 1641 1455 1695 1510; x_wconf 89' lang='lat' dir='ltr'><strong>in</strong></span> <span class='ocrx_word' id='word_1_161' title='bbox 1745 1432 2147 1522; x_wconf 75' lang='lat' dir='ltr'><strong>scripturarum</strong></span> <span class='ocrx_word' id='word_1_162' title='bbox 2187 1444 2377 1503; x_wconf 84' lang='lat' dir='ltr'><strong>notitia</strong></span> <span class='ocrx_word' id='word_1_163' title='bbox 2415 1455 2472 1501; x_wconf 90' lang='lat' dir='ltr'><strong>et</strong></span> <span class='ocrx_word' id='word_1_164' title='bbox 2573 1450 2737 1501; x_wconf 83' lang='lat' dir='ltr'><strong>ctere,</strong></span> <span class='ocrx_word' id='word_1_165' title='bbox 2755 1455 2822 1492; x_wconf 84' lang='lat' dir='ltr'><strong>ex</strong></span> <span class='ocrx_word' id='word_1_166' title='bbox 2850 1453 2956 1507; x_wconf 91' lang='lat' dir='ltr'><strong>qua</strong></span> <span class='ocrx_word' id='word_1_167' title='bbox 2980 1434 3710 1528; x_wconf 21' lang='lat' dir='ltr'><strong>non‘modowaleassapere,</strong></span> <span class='ocrx_word' id='word_1_168' title='bbox 3740 1432 3833 1488; x_wconf 82' lang='lat' dir='ltr'><strong>sed</strong></span> <span class='ocrx_word' id='word_1_169' title='bbox 3863 1441 3918 1487; x_wconf 91' lang='lat' dir='ltr'><strong>et</strong></span> <span class='ocrx_word' id='word_1_170' title='bbox 3945 1436 4150 1517; x_wconf 76' lang='lat' dir='ltr'><strong>vivere,</strong></span> 
     </span>
    </p>
   </div>
   <div class='ocr_carea' id='block_1_13' title="bbox 903 1524 4147 1622">
    <p class='ocr_par' dir='ltr' id='par_1_13' title="bbox 903 1524 4147 1622">
     <span class='ocr_line' id='line_1_13' title="bbox 903 1524 4147 1622; baseline -0.009 -18"><span class='ocrx_word' id='word_1_171' title='bbox 903 1524 1639 1622; x_wconf 60' lang='lat' dir='ltr'><strong>consiliorumspiritualium</strong></span> <span class='ocrx_word' id='word_1_172' title='bbox 1669 1542 2034 1612; x_wconf 87' lang='lat' dir='ltr'><strong>profunditate</strong></span> <span class='ocrx_word' id='word_1_173' title='bbox 2077 1537 2332 1608; x_wconf 66' lang='lat' dir='ltr'><strong>pracellit</strong></span> <span class='ocrx_word' id='word_1_174' title='bbox 2367 1555 2379 1590; x_wconf 89' lang='lat'><strong>:</strong></span> <span class='ocrx_word' id='word_1_175' title='bbox 2414 1546 2473 1590; x_wconf 88' lang='lat' dir='ltr'><strong>ut</strong></span> <span class='ocrx_word' id='word_1_176' title='bbox 2571 1547 2636 1585; x_wconf 90' lang='lat' dir='ltr'><strong>ac</strong></span> <span class='ocrx_word' id='word_1_177' title='bbox 2660 1544 2755 1600; x_wconf 89' lang='lat' dir='ltr'><strong>per</strong></span> <span class='ocrx_word' id='word_1_178' title='bbox 2778 1544 2905 1622; x_wconf 80' lang='lat' dir='ltr'><strong>eam</strong></span> <span class='ocrx_word' id='word_1_179' title='bbox 2931 1529 3047 1582; x_wconf 85' lang='lat' dir='ltr'><strong>sine</strong></span> <span class='ocrx_word' id='word_1_180' title='bbox 3075 1526 3180 1580; x_wconf 88' lang='lat' dir='ltr'><strong>line</strong></span> <span class='ocrx_word' id='word_1_181' title='bbox 3203 1525 3871 1622; x_wconf 36' lang='lat' dir='ltr'><strong>gaudereJ-ri-Deoigitur,</strong></span> <span class='ocrx_word' id='word_1_182' title='bbox 3899 1524 3990 1593; x_wconf 90' lang='lat' dir='ltr'><strong>qui</strong></span> <span class='ocrx_word' id='word_1_183' title='bbox 4016 1537 4147 1622; x_wconf 71' lang='lat' dir='ltr'><strong>vera</strong></span> 
     </span>
    </p>
   </div>
   <div class='ocr_carea' id='block_1_14' title="bbox 903 1611 4148 1709">
    <p class='ocr_par' dir='ltr' id='par_1_14' title="bbox 903 1611 4148 1709">
     <span class='ocr_line' id='line_1_14' title="bbox 903 1611 4148 1709; baseline -0.009 -16"><span class='ocrx_word' id='word_1_184' title='bbox 903 1639 1215 1709; x_wconf 88' lang='lat' dir='ltr'><strong>quicunque</strong></span> <span class='ocrx_word' id='word_1_185' title='bbox 1236 1611 1478 1692; x_wconf 36' lang='lat' dir='ltr'><strong>ad‘illum</strong></span> <span class='ocrx_word' id='word_1_186' title='bbox 1503 1636 1570 1690; x_wconf 90' lang='lat' dir='ltr'><strong>de</strong></span> <span class='ocrx_word' id='word_1_187' title='bbox 1607 1611 1798 1705; x_wconf 84' lang='lat' dir='ltr'><strong>quovis</strong></span> <span class='ocrx_word' id='word_1_188' title='bbox 1817 1632 2010 1691; x_wconf 75' lang='lat' dir='ltr'><strong>anima:</strong></span> <span class='ocrx_word' id='word_1_189' title='bbox 2033 1629 2248 1702; x_wconf 88' lang='lat' dir='ltr'><strong>negotio</strong></span> <span class='ocrx_word' id='word_1_190' title='bbox 2271 1643 2469 1684; x_wconf 87' lang='lat' dir='ltr'><strong>consu—</strong></span> <span class='ocrx_word' id='word_1_191' title='bbox 2571 1629 2654 1674; x_wconf 86' lang='lat' dir='ltr'><strong>est</strong></span> <span class='ocrx_word' id='word_1_192' title='bbox 2675 1617 2963 1688; x_wconf 89' lang='lat' dir='ltr'><strong>sapientia,</strong></span> <span class='ocrx_word' id='word_1_193' title='bbox 2992 1614 3265 1686; x_wconf 58' lang='lat' dir='ltr'><strong>quaerendi</strong></span> <span class='ocrx_word' id='word_1_194' title='bbox 3290 1624 3347 1669; x_wconf 90' lang='lat' dir='ltr'><strong>et</strong></span> <span class='ocrx_word' id='word_1_195' title='bbox 3375 1615 3706 1684; x_wconf 75' lang='lat' dir='ltr'><strong>intelligendi</strong></span> <span class='ocrx_word' id='word_1_196' title='bbox 3745 1613 3906 1667; x_wconf 87' lang='lat' dir='ltr'><strong>linem</strong></span> <span class='ocrx_word' id='word_1_197' title='bbox 3938 1611 4148 1666; x_wconf 84' lang='lat' dir='ltr'><strong>consti-</strong></span> 
     </span>
    </p>
   </div>
   <div class='ocr_carea' id='block_1_15' title="bbox 904 1701 3227 1798">
    <p class='ocr_par' dir='ltr' id='par_1_15' title="bbox 904 1701 3227 1798">
     <span class='ocr_line' id='line_1_15' title="bbox 904 1701 3227 1798; baseline -0.006 -13"><span class='ocrx_word' id='word_1_198' title='bbox 904 1732 1081 1785; x_wconf 86' lang='lat' dir='ltr'><strong>lentes</strong></span> <span class='ocrx_word' id='word_1_199' title='bbox 1105 1729 1433 1794; x_wconf 86' lang='lat' dir='ltr'><strong>accedimus,</strong></span> <span class='ocrx_word' id='word_1_200' title='bbox 1463 1701 1816 1798; x_wconf 77' lang='lat' dir='ltr'><strong>suscipientes</strong></span> <span class='ocrx_word' id='word_1_201' title='bbox 1863 1724 1933 1780; x_wconf 89' lang='lat' dir='ltr'><strong>ab</strong></span> <span class='ocrx_word' id='word_1_202' title='bbox 1983 1740 2049 1780; x_wconf 89' lang='lat' dir='ltr'><strong>eo</strong></span> <span class='ocrx_word' id='word_1_203' title='bbox 2101 1701 2346 1788; x_wconf 88' lang='lat' dir='ltr'><strong>verbum,</strong></span> <span class='ocrx_word' id='word_1_204' title='bbox 2396 1722 2470 1776; x_wconf 90' lang='lat' dir='ltr'><strong>ita</strong></span> <span class='ocrx_word' id='word_1_205' title='bbox 2575 1718 2664 1765; x_wconf 77' lang='grc' dir='ltr'><strong>ιυθ</strong></span> <span class='ocrx_word' id='word_1_206' title='bbox 2696 1728 2708 1763; x_wconf 75' lang='grc' dir='ltr'>ε</span> <span class='ocrx_word' id='word_1_207' title='bbox 2743 1709 2885 1762; x_wconf 73' lang='lat' dir='ltr'><strong>hunc</strong></span> <span class='ocrx_word' id='word_1_208' title='bbox 2909 1706 3162 1798; x_wconf 52' lang='grc' dir='ltr'><strong>θεδίάιξυε</strong></span> <span class='ocrx_word' id='word_1_209' title='bbox 3184 1721 3227 1759; x_wconf 79' lang='grc' dir='ltr'>ιη</span> 
     </span>
    </p>
   </div>
   <div class='ocr_carea' id='block_1_16' title="bbox 1827 1701 4150 1798">
    <p class='ocr_par' dir='ltr' id='par_1_16' title="bbox 1863 1701 4150 1788">
     <span class='ocr_line' id='line_1_16' title="bbox 1863 1701 4150 1788; baseline -0.006 -20"><span class='ocrx_word' id='word_1_210' title='bbox 1863 1724 1933 1780; x_wconf 70' lang='lat' dir='ltr'><strong>ab</strong></span> <span class='ocrx_word' id='word_1_211' title='bbox 1983 1740 2049 1780; x_wconf 74' lang='grc' dir='ltr'><strong>θο</strong></span> <span class='ocrx_word' id='word_1_212' title='bbox 2101 1701 2346 1788; x_wconf 50' lang='lat' dir='ltr'><strong>ecl-bum,</strong></span> <span class='ocrx_word' id='word_1_213' title='bbox 2396 1722 2470 1776; x_wconf 66' lang='lat' dir='ltr'><strong>im</strong></span> <span class='ocrx_word' id='word_1_214' title='bbox 2575 1718 2664 1765; x_wconf 90' lang='lat' dir='ltr'><strong>tue</strong></span> <span class='ocrx_word' id='word_1_215' title='bbox 2696 1728 2708 1763; x_wconf 85' lang='lat'><strong>:</strong></span> <span class='ocrx_word' id='word_1_216' title='bbox 2743 1709 2885 1762; x_wconf 91' lang='lat' dir='ltr'><strong>hunc</strong></span> <span class='ocrx_word' id='word_1_217' title='bbox 2909 1706 3162 1762; x_wconf 88' lang='lat' dir='ltr'><strong>assiduus</strong></span> <span class='ocrx_word' id='word_1_218' title='bbox 3184 1705 3467 1769; x_wconf 75' lang='lat' dir='ltr'><strong>meditare,</strong></span> <span class='ocrx_word' id='word_1_219' title='bbox 3516 1705 3570 1758; x_wconf 88' lang='lat' dir='ltr'><strong>in</strong></span> <span class='ocrx_word' id='word_1_220' title='bbox 3602 1712 3666 1758; x_wconf 86' lang='lat' dir='ltr'><strong>eb</strong></span> <span class='ocrx_word' id='word_1_221' title='bbox 3699 1703 3904 1772; x_wconf 87' lang='lat' dir='ltr'><strong>jugitcr</strong></span> <span class='ocrx_word' id='word_1_222' title='bbox 3931 1701 4150 1770; x_wconf 72' lang='lat' dir='ltr'><strong>requie-</strong></span> 
     </span>
    </p>
   </div>
   <div class='ocr_carea' id='block_1_17' title="bbox 901 1791 4143 1891">
    <p class='ocr_par' dir='ltr' id='par_1_17' title="bbox 901 1791 4143 1891">
     <span class='ocr_line' id='line_1_17' title="bbox 901 1791 4143 1891; baseline -0.006 -12"><span class='ocrx_word' id='word_1_223' title='bbox 901 1823 1222 1879; x_wconf 81' lang='lat' dir='ltr'><strong>cOnlidimus</strong></span> <span class='ocrx_word' id='word_1_224' title='bbox 1260 1837 1325 1877; x_wconf 86' lang='lat' dir='ltr'><strong>ac</strong></span> <span class='ocrx_word' id='word_1_225' title='bbox 1359 1791 1751 1891; x_wconf 28' lang='lat' dir='ltr'><strong>si&#39;proph-etici.</strong></span> <span class='ocrx_word' id='word_1_226' title='bbox 1789 1817 2012 1887; x_wconf 83' lang='lat' dir='ltr'><strong>spiritus</strong></span> <span class='ocrx_word' id='word_1_227' title='bbox 2055 1815 2339 1872; x_wconf 66' lang='lat' dir='ltr'><strong>oraculum</strong></span> <span class='ocrx_word' id='word_1_228' title='bbox 2379 1830 2463 1869; x_wconf 83' lang='lat' dir='ltr'><strong>re-</strong></span> <span class='ocrx_word' id='word_1_229' title='bbox 2498 1873 2541 1891; x_wconf 51' lang='grc' dir='ltr'>ἢ</span> <span class='ocrx_word' id='word_1_230' title='bbox 2574 1815 2685 1891; x_wconf 48' lang='grc' dir='ltr'><strong>δεξιά</strong></span> <span class='ocrx_word' id='word_1_231' title='bbox 2707 1798 2807 1856; x_wconf 60' lang='lat' dir='ltr'><strong>Ci“</strong></span> <span class='ocrx_word' id='word_1_232' title='bbox 2846 1797 3133 1891; x_wconf 58' lang='grc' dir='ltr'><strong>δοξιίοθιίη</strong></span> <span class='ocrx_word' id='word_1_233' title='bbox 3171 1795 3362 1850; x_wconf 70' lang='grc' dir='ltr'>θοάεηι</span> <span class='ocrx_word' id='word_1_234' title='bbox 3389 1794 3696 1891; x_wconf 53' lang='grc' dir='ltr'><strong>δδρίξθυιίξιξ</strong></span> <span class='ocrx_word' id='word_1_235' title='bbox 3726 1792 3865 1891; x_wconf 66' lang='lat' dir='ltr'><strong>“be</strong></span> <span class='ocrx_word' id='word_1_236' title='bbox 3896 1791 4097 1890; x_wconf 56' lang='lat' dir='ltr'><strong>dieimf</strong></span> <span class='ocrx_word' id='word_1_237' title='bbox 4129 1807 4143 1842; x_wconf 76' lang='grc'>³</span> 
     </span>
    </p>
   </div>
   <div class='ocr_carea' id='block_1_18' title="bbox 899 1873 3222 1981">
    <p class='ocr_par' dir='ltr' id='par_1_18' title="bbox 899 1873 3222 1981">
     <span class='ocr_line' id='line_1_18' title="bbox 899 1873 3222 1981; baseline -0.007 -15"><span class='ocrx_word' id='word_1_238' title='bbox 899 1921 1194 1981; x_wconf 79' lang='lat' dir='ltr'><strong>portemus.</strong></span> <span class='ocrx_word' id='word_1_239' title='bbox 1227 1911 1332 1965; x_wconf 93' lang='lat' dir='ltr'><strong>Sed</strong></span> <span class='ocrx_word' id='word_1_240' title='bbox 1366 1873 1617 1978; x_wconf 62' lang='lat' dir='ltr'><strong>quoniam</strong></span> <span class='ocrx_word' id='word_1_241' title='bbox 1649 1919 1704 1962; x_wconf 89' lang='lat' dir='ltr'><strong>et</strong></span> <span class='ocrx_word' id='word_1_242' title='bbox 1734 1873 1836 1962; x_wconf 73' lang='lat' dir='ltr'><strong>tibi</strong></span> <span class='ocrx_word' id='word_1_243' title='bbox 1869 1908 2112 1976; x_wconf 88' lang='lat' dir='ltr'><strong>apprime</strong></span> <span class='ocrx_word' id='word_1_244' title='bbox 2157 1915 2317 1961; x_wconf 89' lang='lat' dir='ltr'><strong>notus</strong></span> <span class='ocrx_word' id='word_1_245' title='bbox 2357 1914 2463 1968; x_wconf 90' lang='lat' dir='ltr'><strong>est,</strong></span> <span class='ocrx_word' id='word_1_246' title='bbox 2498 1873 2542 1931; x_wconf 75' lang='grc' dir='ltr'>Β</span> <span class='ocrx_word' id='word_1_247' title='bbox 2571 1908 2595 1981; x_wconf 23' lang='grc' dir='ltr'><strong>Α(</strong></span> <span class='ocrx_word' id='word_1_248' title='bbox 2631 1887 2802 1981; x_wconf 56' lang='grc' dir='ltr'><strong>Νρξεθ</strong></span> <span class='ocrx_word' id='word_1_249' title='bbox 2829 1888 3073 1981; x_wconf 66' lang='lat' dir='ltr'><strong>enim_l€.</strong></span> <span class='ocrx_word' id='word_1_250' title='bbox 3102 1899 3222 1941; x_wconf 75' lang='grc' dir='ltr'><strong>εοηὲ</strong></span> 
     </span>
    </p>
   </div>
   <div class='ocr_carea' id='block_1_19' title="bbox 1827 1873 4150 1981">
    <p class='ocr_par' dir='ltr' id='par_1_19' title="bbox 1827 1873 4150 1976">
     <span class='ocr_line' id='line_1_19' title="bbox 1827 1873 4150 1976; baseline -0.003 -35"><span class='ocrx_word' id='word_1_251' title='bbox 1827 1873 1836 1960; x_wconf 45' lang='grc' dir='ltr'><em>ί</em></span> <span class='ocrx_word' id='word_1_252' title='bbox 1869 1908 2112 1976; x_wconf 64' lang='lat' dir='ltr'><strong>apprime</strong></span> <span class='ocrx_word' id='word_1_253' title='bbox 2157 1915 2317 1961; x_wconf 67' lang='grc' dir='ltr'><strong>ηοιηε</strong></span> <span class='ocrx_word' id='word_1_254' title='bbox 2357 1914 2463 1968; x_wconf 53' lang='grc' dir='ltr'><strong>εει,</strong></span> <span class='ocrx_word' id='word_1_255' title='bbox 2498 1873 2542 1931; x_wconf 82' lang='grc' dir='ltr'>Β</span> <span class='ocrx_word' id='word_1_256' title='bbox 2577 1908 2595 1940; x_wconf 78' lang='lat' dir='ltr'><strong>r</strong></span> <span class='ocrx_word' id='word_1_257' title='bbox 2631 1887 2802 1942; x_wconf 80' lang='lat' dir='ltr'><strong>Nosse</strong></span> <span class='ocrx_word' id='word_1_258' title='bbox 2829 1888 2975 1943; x_wconf 88' lang='lat' dir='ltr'><strong>enim</strong></span> <span class='ocrx_word' id='word_1_259' title='bbox 3002 1896 3073 1950; x_wconf 89' lang='lat' dir='ltr'><strong>te,</strong></span> <span class='ocrx_word' id='word_1_260' title='bbox 3102 1893 3475 1941; x_wconf 89' lang='lat' dir='ltr'><strong>consummata</strong></span> <span class='ocrx_word' id='word_1_261' title='bbox 3512 1883 3723 1953; x_wconf 87' lang='lat' dir='ltr'><strong>justitia</strong></span> <span class='ocrx_word' id='word_1_262' title='bbox 3757 1888 3872 1945; x_wconf 90' lang='lat' dir='ltr'><strong>est;</strong></span> <span class='ocrx_word' id='word_1_263' title='bbox 3902 1888 3958 1933; x_wconf 89' lang='lat' dir='ltr'><strong>et</strong></span> <span class='ocrx_word' id='word_1_264' title='bbox 4008 1878 4150 1933; x_wconf 81' lang='lat' dir='ltr'><strong>scire</strong></span> 
     </span>
    </p>
   </div>
   <div class='ocr_carea' id='block_1_20' title="bbox 2563 1969 4147 2052">
    <p class='ocr_par' dir='ltr' id='par_1_20' title="bbox 2563 1969 4147 2052">
     <span class='ocr_line' id='line_1_20' title="bbox 2563 1969 4147 2052; baseline -0.005 -23"><span class='ocrx_word' id='word_1_265' title='bbox 2563 1978 2842 2046; x_wconf 88' lang='lat' dir='ltr'><strong>justitiam.</strong></span> <span class='ocrx_word' id='word_1_266' title='bbox 2860 1985 2916 2031; x_wconf 89' lang='lat' dir='ltr'><strong>et</strong></span> <span class='ocrx_word' id='word_1_267' title='bbox 2948 1976 3206 2031; x_wconf 80' lang='lat' dir='ltr'><strong>virtutem</strong></span> <span class='ocrx_word' id='word_1_268' title='bbox 3243 1983 3422 2039; x_wconf 81' lang='lat' dir='ltr'><strong>tuam,</strong></span> <span class='ocrx_word' id='word_1_269' title='bbox 3455 1974 3606 2028; x_wconf 80' lang='lat' dir='ltr'><strong>radix</strong></span> <span class='ocrx_word' id='word_1_270' title='bbox 3646 1975 3730 2027; x_wconf 86' lang='lat' dir='ltr'><strong>est</strong></span> <span class='ocrx_word' id='word_1_271' title='bbox 3763 1969 4147 2052; x_wconf 85' lang='lat' dir='ltr'><strong>immortalita-</strong></span> 
     </span>
    </p>
   </div>
   <div class='ocr_carea' id='block_1_21' title="bbox 2571 2063 4148 2141">
    <p class='ocr_par' dir='ltr' id='par_1_21' title="bbox 2571 2063 4148 2141">
     <span class='ocr_line' id='line_1_21' title="bbox 2571 2063 4148 2141; baseline -0.009 -16"><span class='ocrx_word' id='word_1_272' title='bbox 2571 2073 2638 2126; x_wconf 89' lang='lat' dir='ltr'><strong>tis</strong></span> <span class='ocrx_word' id='word_1_273' title='bbox 2659 2070 2808 2141; x_wconf 85' lang='lat' dir='ltr'><strong>(Sap.</strong></span> <span class='ocrx_word' id='word_1_274' title='bbox 2838 2067 2980 2137; x_wconf 86' lang='lat' dir='ltr'><strong>xm).</strong></span> <span class='ocrx_word' id='word_1_275' title='bbox 3017 2086 3036 2119; x_wconf 78' lang='grc' dir='ltr'><strong>ι</strong></span> <span class='ocrx_word' id='word_1_276' title='bbox 3064 2067 3120 2120; x_wconf 93' lang='lat' dir='ltr'><strong>in</strong></span> <span class='ocrx_word' id='word_1_277' title='bbox 3147 2065 3238 2119; x_wconf 92' lang='lat' dir='ltr'><strong>illo</strong></span> <span class='ocrx_word' id='word_1_278' title='bbox 3263 2064 3425 2133; x_wconf 83' lang='lat' dir='ltr'><strong>igitut:</strong></span> <span class='ocrx_word' id='word_1_279' title='bbox 3457 2063 3627 2132; x_wconf 78' lang='lat' dir='ltr'><strong>delige</strong></span> <span class='ocrx_word' id='word_1_280' title='bbox 3664 2071 3835 2115; x_wconf 89' lang='lat' dir='ltr'><strong>totum</strong></span> <span class='ocrx_word' id='word_1_281' title='bbox 3869 2071 3972 2113; x_wconf 66' lang='lat' dir='ltr'><strong>tuae</strong></span> <span class='ocrx_word' id='word_1_282' title='bbox 3995 2072 4148 2113; x_wconf 87' lang='lat' dir='ltr'><strong>men-</strong></span> 
     </span>
    </p>
   </div>
   <div class='ocr_carea' id='block_1_22' title="bbox 2569 2150 4146 2225">
    <p class='ocr_par' dir='ltr' id='par_1_22' title="bbox 2569 2150 4146 2225">
     <span class='ocr_line' id='line_1_22' title="bbox 2569 2150 4146 2225; baseline -0.008 -8"><span class='ocrx_word' id='word_1_283' title='bbox 2569 2165 2637 2217; x_wconf 87' lang='lat' dir='ltr'><strong>tis</strong></span> <span class='ocrx_word' id='word_1_284' title='bbox 2666 2163 2938 2224; x_wconf 76' lang='lat' dir='ltr'><strong>obtutum,</strong></span> <span class='ocrx_word' id='word_1_285' title='bbox 2970 2161 3038 2214; x_wconf 82' lang='lat' dir='ltr'><strong>ab</strong></span> <span class='ocrx_word' id='word_1_286' title='bbox 3084 2157 3177 2212; x_wconf 86' lang='lat' dir='ltr'><strong>illo</strong></span> <span class='ocrx_word' id='word_1_287' title='bbox 3208 2153 3487 2225; x_wconf 74' lang='lat' dir='ltr'><strong>sapientia:</strong></span> <span class='ocrx_word' id='word_1_288' title='bbox 3517 2153 3664 2208; x_wconf 88' lang='lat' dir='ltr'><strong>fonte</strong></span> <span class='ocrx_word' id='word_1_289' title='bbox 3699 2166 3853 2206; x_wconf 90' lang='lat' dir='ltr'><strong>sume</strong></span> <span class='ocrx_word' id='word_1_290' title='bbox 3887 2150 4146 2205; x_wconf 83' lang='lat' dir='ltr'><strong>sitibundi</strong></span> 
     </span>
    </p>
   </div>
   <div class='ocr_carea' id='block_1_23' title="bbox 2567 2239 4145 2324">
    <p class='ocr_par' dir='ltr' id='par_1_23' title="bbox 2567 2239 4145 2324">
     <span class='ocr_line' id='line_1_23' title="bbox 2567 2239 4145 2324; baseline -0.008 -15"><span class='ocrx_word' id='word_1_291' title='bbox 2567 2253 2799 2324; x_wconf 85' lang='lat' dir='ltr'><strong>pectoris</strong></span> <span class='ocrx_word' id='word_1_292' title='bbox 2826 2253 3096 2314; x_wconf 74' lang='lat' dir='ltr'><strong>haustum,</strong></span> <span class='ocrx_word' id='word_1_293' title='bbox 3124 2248 3262 2302; x_wconf 80' lang='lat' dir='ltr'><strong>utin</strong></span> <span class='ocrx_word' id='word_1_294' title='bbox 3301 2245 3600 2300; x_wconf 79' lang='lat' dir='ltr'><strong>visceribus</strong></span> <span class='ocrx_word' id='word_1_295' title='bbox 3640 2244 3748 2298; x_wconf 88' lang='lat' dir='ltr'><strong>tuis</strong></span> <span class='ocrx_word' id='word_1_296' title='bbox 3791 2241 3934 2299; x_wconf 90' lang='lat' dir='ltr'><strong>illius</strong></span> <span class='ocrx_word' id='word_1_297' title='bbox 3959 2239 4145 2296; x_wconf 83' lang='lat' dir='ltr'><strong>vitalis</strong></span> 
     </span>
    </p>
   </div>
   <div class='ocr_carea' id='block_1_24' title="bbox 2566 2333 4144 2412">
    <p class='ocr_par' dir='ltr' id='par_1_24' title="bbox 2566 2333 4144 2412">
     <span class='ocr_line' id='line_1_24' title="bbox 2566 2333 4144 2412; baseline -0.008 -14"><span class='ocrx_word' id='word_1_298' title='bbox 2566 2343 2743 2412; x_wconf 88' lang='lat' dir='ltr'><strong>poculi</strong></span> <span class='ocrx_word' id='word_1_299' title='bbox 2781 2342 2965 2410; x_wconf 70' lang='lat' dir='ltr'><strong>vigore</strong></span> <span class='ocrx_word' id='word_1_300' title='bbox 2989 2347 3275 2408; x_wconf 89' lang='lat' dir='ltr'><strong>concepto,</strong></span> <span class='ocrx_word' id='word_1_301' title='bbox 3305 2347 3360 2392; x_wconf 89' lang='lat' dir='ltr'><strong>et</strong></span> <span class='ocrx_word' id='word_1_302' title='bbox 3387 2334 3501 2405; x_wconf 89' lang='lat' dir='ltr'><strong>ipse</strong></span> <span class='ocrx_word' id='word_1_303' title='bbox 3530 2334 3777 2391; x_wconf 67' lang='lat' dir='ltr'><strong>celestis</strong></span> <span class='ocrx_word' id='word_1_304' title='bbox 3807 2333 3998 2404; x_wconf 70' lang='lat' dir='ltr'><strong>gratia:</strong></span> <span class='ocrx_word' id='word_1_305' title='bbox 4026 2347 4144 2386; x_wconf 85' lang='lat' dir='ltr'><strong>ma-</strong></span> 
     </span>
    </p>
   </div>
   <div class='ocr_carea' id='block_1_25' title="bbox 2566 2420 4141 2498">
    <p class='ocr_par' dir='ltr' id='par_1_25' title="bbox 2566 2420 4141 2498">
     <span class='ocr_line' id='line_1_25' title="bbox 2566 2420 4141 2498; baseline -0.008 -12"><span class='ocrx_word' id='word_1_306' title='bbox 2566 2433 2696 2486; x_wconf 88' lang='lat' dir='ltr'><strong>dore</strong></span> <span class='ocrx_word' id='word_1_307' title='bbox 2713 2429 2821 2498; x_wconf 84' lang='lat' dir='ltr'><strong>jugi</strong></span> <span class='ocrx_word' id='word_1_308' title='bbox 2844 2445 2914 2485; x_wconf 91' lang='lat' dir='ltr'><strong>.er</strong></span> <span class='ocrx_word' id='word_1_309' title='bbox 2937 2429 3225 2493; x_wconf 86' lang='lat' dir='ltr'><strong>vireas,_et</strong></span> <span class='ocrx_word' id='word_1_310' title='bbox 3257 2428 3311 2480; x_wconf 91' lang='lat' dir='ltr'><strong>in</strong></span> <span class='ocrx_word' id='word_1_311' title='bbox 3335 2425 3472 2480; x_wconf 86' lang='lat' dir='ltr'><strong>alios</strong></span> <span class='ocrx_word' id='word_1_312' title='bbox 3506 2421 3827 2479; x_wconf 81' lang='lat' dir='ltr'><strong>distillantia</strong></span> <span class='ocrx_word' id='word_1_313' title='bbox 3854 2420 4023 2477; x_wconf 85' lang='lat' dir='ltr'><strong>fontis</strong></span> <span class='ocrx_word' id='word_1_314' title='bbox 4065 2421 4141 2474; x_wconf 80' lang='lat' dir='ltr'><strong>ir-</strong></span> 
     </span>
    </p>
   </div>
   <div class='ocr_carea' id='block_1_26' title="bbox 2569 2512 4146 2592">
    <p class='ocr_par' dir='ltr' id='par_1_26' title="bbox 2569 2512 4146 2592">
     <span class='ocr_line' id='line_1_26' title="bbox 2569 2512 4146 2592; baseline -0.008 -16"><span class='ocrx_word' id='word_1_315' title='bbox 2569 2522 2703 2592; x_wconf 89' lang='lat' dir='ltr'><strong>rigui</strong></span> <span class='ocrx_word' id='word_1_316' title='bbox 2730 2521 2794 2574; x_wconf 86' lang='lat' dir='ltr'><strong>liu</strong></span> <span class='ocrx_word' id='word_1_317' title='bbox 2826 2529 2928 2575; x_wconf 72' lang='lat' dir='ltr'><strong>:nta</strong></span> <span class='ocrx_word' id='word_1_318' title='bbox 2968 2516 3332 2573; x_wconf 87' lang='lat' dir='ltr'><strong>transfundas.</strong></span> <span class='ocrx_word' id='word_1_319' title='bbox 3373 2515 3441 2569; x_wconf 85' lang='lat' dir='ltr'><strong>Et</strong></span> <span class='ocrx_word' id='word_1_320' title='bbox 3467 2528 3652 2585; x_wconf 64' lang='lat' dir='ltr'><strong>quaeso</strong></span> <span class='ocrx_word' id='word_1_321' title='bbox 3693 2521 3750 2566; x_wconf 92' lang='lat' dir='ltr'><strong>ut</strong></span> <span class='ocrx_word' id='word_1_322' title='bbox 3793 2512 3899 2566; x_wconf 86' lang='lat' dir='ltr'><strong>hoc</strong></span> <span class='ocrx_word' id='word_1_323' title='bbox 3939 2525 4036 2580; x_wconf 87' lang='lat' dir='ltr'><strong>per</strong></span> <span class='ocrx_word' id='word_1_324' title='bbox 4091 2517 4146 2565; x_wconf 83' lang='lat' dir='ltr'><strong>te</strong></span> 
     </span>
    </p>
   </div>
   <div class='ocr_carea' id='block_1_27' title="bbox 2565 2599 4151 2682">
    <p class='ocr_par' dir='ltr' id='par_1_27' title="bbox 2565 2599 4151 2682">
     <span class='ocr_line' id='line_1_27' title="bbox 2565 2599 4151 2682; baseline -0.007 -19"><span class='ocrx_word' id='word_1_325' title='bbox 2565 2610 2885 2682; x_wconf 62' lang='lat' dir='ltr'><strong>quandmue</strong></span> <span class='ocrx_word' id='word_1_326' title='bbox 2907 2607 3052 2661; x_wconf 85' lang='lat' dir='ltr'><strong>Deus</strong></span> <span class='ocrx_word' id='word_1_327' title='bbox 3078 2605 3444 2672; x_wconf 86' lang='lat' dir='ltr'><strong>omnipotens</strong></span> <span class='ocrx_word' id='word_1_328' title='bbox 3470 2602 3725 2657; x_wconf 75' lang='lat' dir='ltr'><strong>exhibeat</strong></span> <span class='ocrx_word' id='word_1_329' title='bbox 3749 2600 4012 2654; x_wconf 89' lang='lat' dir='ltr'><strong>fratribus</strong></span> <span class='ocrx_word' id='word_1_330' title='bbox 4045 2599 4151 2653; x_wconf 86' lang='lat' dir='ltr'><strong>tuis</strong></span> 
     </span>
    </p>
   </div>
   <div class='ocr_carea' id='block_1_28' title="bbox 2565 2687 4145 2771">
    <p class='ocr_par' dir='ltr' id='par_1_28' title="bbox 2565 2687 4145 2771">
     <span class='ocr_line' id='line_1_28' title="bbox 2565 2687 4145 2771; baseline -0.006 -18"><span class='ocrx_word' id='word_1_331' title='bbox 2565 2698 2705 2771; x_wconf 88' lang='lat' dir='ltr'><strong>quod</strong></span> <span class='ocrx_word' id='word_1_332' title='bbox 2724 2713 2817 2768; x_wconf 90' lang='lat' dir='ltr'><strong>per</strong></span> <span class='ocrx_word' id='word_1_333' title='bbox 2843 2697 3035 2751; x_wconf 88' lang='lat' dir='ltr'><strong>lsaiam</strong></span> <span class='ocrx_word' id='word_1_334' title='bbox 3066 2694 3315 2764; x_wconf 87' lang='lat' dir='ltr'><strong>promisit</strong></span> <span class='ocrx_word' id='word_1_335' title='bbox 3339 2692 3667 2763; x_wconf 88' lang='lat' dir='ltr'><strong>pauperibus</strong></span> <span class='ocrx_word' id='word_1_336' title='bbox 3685 2692 3799 2746; x_wconf 88' lang='lat' dir='ltr'><strong>suis</strong></span> <span class='ocrx_word' id='word_1_337' title='bbox 3839 2706 3854 2743; x_wconf 73' lang='grc' dir='ltr'>ε</span> <span class='ocrx_word' id='word_1_338' title='bbox 3891 2708 3910 2741; x_wconf 75' lang='grc' dir='ltr'><strong>ι</strong></span> <span class='ocrx_word' id='word_1_339' title='bbox 3951 2687 4145 2760; x_wconf 85' lang='lat' dir='ltr'><strong>Egeni.</strong></span> 
     </span>
    </p>
   </div>
   <div class='ocr_carea' id='block_1_29' title="bbox 2566 2774 4144 2860">
    <p class='ocr_par' dir='ltr' id='par_1_29' title="bbox 2566 2774 4144 2860">
     <span class='ocr_line' id='line_1_29' title="bbox 2566 2774 4144 2860; baseline -0.011 -14"><span class='ocrx_word' id='word_1_340' title='bbox 2566 2790 2761 2860; x_wconf 88' lang='lat' dir='ltr'><strong>inquit,</strong></span> <span class='ocrx_word' id='word_1_341' title='bbox 2798 2797 2851 2842; x_wconf 88' lang='lat' dir='ltr'><strong>et</strong></span> <span class='ocrx_word' id='word_1_342' title='bbox 2879 2800 3142 2858; x_wconf 88' lang='lat' dir='ltr'><strong>pauperes</strong></span> <span class='ocrx_word' id='word_1_343' title='bbox 3171 2774 3630 2854; x_wconf 83' lang='lat' dir='ltr'><strong>quaeruntaquas,</strong></span> <span class='ocrx_word' id='word_1_344' title='bbox 3653 2789 3709 2835; x_wconf 90' lang='lat' dir='ltr'><strong>et</strong></span> <span class='ocrx_word' id='word_1_345' title='bbox 3729 2794 3835 2834; x_wconf 91' lang='lat' dir='ltr'><strong>non</strong></span> <span class='ocrx_word' id='word_1_346' title='bbox 3863 2787 4024 2843; x_wconf 65' lang='lat' dir='ltr'><strong>sunt;</strong></span> <span class='ocrx_word' id='word_1_347' title='bbox 4045 2777 4144 2830; x_wconf 83' lang='lat' dir='ltr'><strong>lin-</strong></span> 
     </span>
    </p>
   </div>
   <div class='ocr_carea' id='block_1_30' title="bbox 2563 2863 4141 2950">
    <p class='ocr_par' dir='ltr' id='par_1_30' title="bbox 2563 2863 4141 2950">
     <span class='ocr_line' id='line_1_30' title="bbox 2563 2863 4141 2950; baseline -0.008 -15"><span class='ocrx_word' id='word_1_348' title='bbox 2563 2897 2667 2950; x_wconf 89' lang='lat' dir='ltr'><strong>gua</strong></span> <span class='ocrx_word' id='word_1_349' title='bbox 2691 2863 2876 2934; x_wconf 82' lang='lat' dir='ltr'><strong>eorum</strong></span> <span class='ocrx_word' id='word_1_350' title='bbox 2917 2876 3005 2930; x_wconf 85' lang='lat' dir='ltr'><strong>siti</strong></span> <span class='ocrx_word' id='word_1_351' title='bbox 3037 2875 3198 2929; x_wconf 91' lang='lat' dir='ltr'><strong>aruit.</strong></span> <span class='ocrx_word' id='word_1_352' title='bbox 3250 2873 3364 2941; x_wconf 81' lang='lat' dir='ltr'><strong>Ego</strong></span> <span class='ocrx_word' id='word_1_353' title='bbox 3409 2871 3672 2948; x_wconf 83' lang='lat' dir='ltr'><strong>Dominus</strong></span> <span class='ocrx_word' id='word_1_354' title='bbox 3693 2870 3981 2924; x_wconf 80' lang='lat' dir='ltr'><strong>exaudiam</strong></span> <span class='ocrx_word' id='word_1_355' title='bbox 4022 2883 4141 2931; x_wconf 83' lang='lat' dir='ltr'><strong>eos,</strong></span> 
     </span>
    </p>
   </div>
   <div class='ocr_carea' id='block_1_31' title="bbox 2564 2957 4140 3033">
    <p class='ocr_par' dir='ltr' id='par_1_31' title="bbox 2564 2957 4140 3033">
     <span class='ocr_line' id='line_1_31' title="bbox 2564 2957 4140 3033; baseline -0.007 -9"><span class='ocrx_word' id='word_1_356' title='bbox 2564 2970 2704 3024; x_wconf 91' lang='lat' dir='ltr'><strong>Deus</strong></span> <span class='ocrx_word' id='word_1_357' title='bbox 2729 2965 2892 3022; x_wconf 85' lang='lat' dir='ltr'><strong>Israel</strong></span> <span class='ocrx_word' id='word_1_358' title='bbox 2915 2980 3026 3020; x_wconf 87' lang='lat' dir='ltr'><strong>non</strong></span> <span class='ocrx_word' id='word_1_359' title='bbox 3050 2963 3421 3032; x_wconf 86' lang='lat' dir='ltr'><strong>derelinquam</strong></span> <span class='ocrx_word' id='word_1_360' title='bbox 3459 2978 3554 3018; x_wconf 87' lang='lat' dir='ltr'><strong>eos</strong></span> <span class='ocrx_word' id='word_1_361' title='bbox 3574 2961 3711 3033; x_wconf 77' lang='lat' dir='ltr'><strong>(ha.</strong></span> <span class='ocrx_word' id='word_1_362' title='bbox 3773 2962 3913 3031; x_wconf 66' lang='lat' dir='ltr'><strong>xu).</strong></span> <span class='ocrx_word' id='word_1_363' title='bbox 3963 2978 3980 3011; x_wconf 72' lang='grc' dir='ltr'><strong>ι</strong></span> <span class='ocrx_word' id='word_1_364' title='bbox 4038 2957 4140 3014; x_wconf 80' lang='lat' dir='ltr'><strong>[ibi</strong></span> 
     </span>
    </p>
   </div>
   <div class='ocr_carea' id='block_1_32' title="bbox 2564 3049 4140 3128">
    <p class='ocr_par' dir='ltr' id='par_1_32' title="bbox 2564 3049 4140 3128">
     <span class='ocr_line' id='line_1_32' title="bbox 2564 3049 4140 3128; baseline -0.008 -14"><span class='ocrx_word' id='word_1_365' title='bbox 2564 3075 2686 3114; x_wconf 87' lang='lat' dir='ltr'><strong>mox</strong></span> <span class='ocrx_word' id='word_1_366' title='bbox 2712 3057 2962 3128; x_wconf 87' lang='lat' dir='ltr'><strong>sequitur</strong></span> <span class='ocrx_word' id='word_1_367' title='bbox 2989 3071 3004 3109; x_wconf 87' lang='lat'><strong>:</strong></span> <span class='ocrx_word' id='word_1_368' title='bbox 3042 3072 3061 3107; x_wconf 73' lang='grc' dir='ltr'><strong>ι</strong></span> <span class='ocrx_word' id='word_1_369' title='bbox 3092 3053 3417 3122; x_wconf 72' lang='lat' dir='ltr'><strong>Aperiamin</strong></span> <span class='ocrx_word' id='word_1_370' title='bbox 3432 3053 3641 3124; x_wconf 88' lang='lat' dir='ltr'><strong>supinis</strong></span> <span class='ocrx_word' id='word_1_371' title='bbox 3654 3052 3880 3108; x_wconf 88' lang='lat' dir='ltr'><strong>collibus</strong></span> <span class='ocrx_word' id='word_1_372' title='bbox 3893 3049 4140 3114; x_wconf 75' lang='lat' dir='ltr'><strong>flumina,</strong></span> 
     </span>
    </p>
   </div>
   <div class='ocr_carea' id='block_1_33' title="bbox 2564 3141 4143 3214">
    <p class='ocr_par' dir='ltr' id='par_1_33' title="bbox 2564 3141 4143 3214">
     <span class='ocr_line' id='line_1_33' title="bbox 2564 3141 4143 3214; baseline -0.009 -7"><span class='ocrx_word' id='word_1_373' title='bbox 2564 3151 2693 3206; x_wconf 88' lang='lat' dir='ltr'><strong>etin</strong></span> <span class='ocrx_word' id='word_1_374' title='bbox 2723 3147 2899 3202; x_wconf 89' lang='lat' dir='ltr'><strong>medio</strong></span> <span class='ocrx_word' id='word_1_375' title='bbox 2917 3159 3230 3214; x_wconf 87' lang='lat' dir='ltr'><strong>camporum</strong></span> <span class='ocrx_word' id='word_1_376' title='bbox 3269 3144 3480 3208; x_wconf 88' lang='lat' dir='ltr'><strong>fontes;</strong></span> <span class='ocrx_word' id='word_1_377' title='bbox 3528 3159 3726 3213; x_wconf 89' lang='lat' dir='ltr'><strong>ponam</strong></span> <span class='ocrx_word' id='word_1_378' title='bbox 3771 3143 4047 3201; x_wconf 72' lang='lat' dir='ltr'><strong>deser‘mm</strong></span> <span class='ocrx_word' id='word_1_379' title='bbox 4087 3141 4143 3194; x_wconf 92' lang='lat' dir='ltr'><strong>in</strong></span> 
     </span>
    </p>
   </div>
   <div class='ocr_carea' id='block_1_34' title="bbox 2567 3233 4145 3313">
    <p class='ocr_par' dir='ltr' id='par_1_34' title="bbox 2567 3233 4145 3313">
     <span class='ocr_line' id='line_1_34' title="bbox 2567 3233 4145 3313; baseline -0.004 -19"><span class='ocrx_word' id='word_1_380' title='bbox 2567 3247 2811 3311; x_wconf 89' lang='lat' dir='ltr'><strong>stagnum</strong></span> <span class='ocrx_word' id='word_1_381' title='bbox 2835 3251 3120 3307; x_wconf 86' lang='lat' dir='ltr'><strong>aquarum,</strong></span> <span class='ocrx_word' id='word_1_382' title='bbox 3149 3244 3205 3290; x_wconf 90' lang='lat' dir='ltr'><strong>et</strong></span> <span class='ocrx_word' id='word_1_383' title='bbox 3230 3243 3432 3291; x_wconf 88' lang='lat' dir='ltr'><strong>terram</strong></span> <span class='ocrx_word' id='word_1_384' title='bbox 3456 3235 3655 3292; x_wconf 82' lang='lat' dir='ltr'><strong>inviam</strong></span> <span class='ocrx_word' id='word_1_385' title='bbox 3693 3235 3747 3290; x_wconf 91' lang='lat' dir='ltr'><strong>in</strong></span> <span class='ocrx_word' id='word_1_386' title='bbox 3774 3233 3922 3293; x_wconf 89' lang='lat' dir='ltr'><strong>rivos</strong></span> <span class='ocrx_word' id='word_1_387' title='bbox 3975 3248 4145 3313; x_wconf 87' lang='lat' dir='ltr'><strong>aqua-</strong></span> 
     </span>
    </p>
   </div>
   <div class='ocr_carea' id='block_1_35' title="bbox 2567 3328 2968 3400">
    <p class='ocr_par' dir='ltr' id='par_1_35' title="bbox 2567 3328 2968 3400">
     <span class='ocr_line' id='line_1_35' title="bbox 2567 3328 2968 3400; baseline -0.01 -15"><span class='ocrx_word' id='word_1_388' title='bbox 2567 3346 2683 3385; x_wconf 92' lang='lat' dir='ltr'><strong>rum</strong></span> <span class='ocrx_word' id='word_1_389' title='bbox 2709 3328 2918 3400; x_wconf 82' lang='lat' dir='ltr'><strong>(Ibid.).</strong></span> <span class='ocrx_word' id='word_1_390' title='bbox 2948 3348 2968 3382; x_wconf 71' lang='grc' dir='ltr'><strong>ι</strong></span> 
     </span>
    </p>
   </div>
   <div class='ocr_carea' id='block_1_36' title="bbox 2641 3415 4148 3491">
    <p class='ocr_par' dir='ltr' id='par_1_36' title="bbox 2641 3415 4148 3491">
     <span class='ocr_line' id='line_1_36' title="bbox 2641 3415 4148 3491; baseline -0.005 -14"><span class='ocrx_word' id='word_1_391' title='bbox 2641 3422 2907 3488; x_wconf 85' lang='lat' dir='ltr'><strong>Quoniam</strong></span> <span class='ocrx_word' id='word_1_392' title='bbox 2939 3421 3120 3491; x_wconf 89' lang='lat' dir='ltr'><strong>igitur,</strong></span> <span class='ocrx_word' id='word_1_393' title='bbox 3145 3418 3217 3474; x_wconf 89' lang='lat' dir='ltr'><strong>fili</strong></span> <span class='ocrx_word' id='word_1_394' title='bbox 3250 3418 3592 3483; x_wconf 84' lang='lat' dir='ltr'><strong>cbarissime,</strong></span> <span class='ocrx_word' id='word_1_395' title='bbox 3621 3416 3966 3486; x_wconf 85' lang='lat' dir='ltr'><strong>temetipsum</strong></span> <span class='ocrx_word' id='word_1_396' title='bbox 4000 3415 4148 3470; x_wconf 87' lang='lat' dir='ltr'><strong>velut</strong></span> 
     </span>
    </p>
   </div>
   <div class='ocr_carea' id='block_1_37' title="bbox 2567 3505 4139 3582">
    <p class='ocr_par' dir='ltr' id='par_1_37' title="bbox 2567 3505 4139 3582">
     <span class='ocr_line' id='line_1_37' title="bbox 2567 3505 4139 3582; baseline -0.003 -17"><span class='ocrx_word' id='word_1_397' title='bbox 2567 3526 2765 3582; x_wconf 89' lang='lat' dir='ltr'><strong>agnum</strong></span> <span class='ocrx_word' id='word_1_398' title='bbox 2803 3511 3156 3565; x_wconf 89' lang='lat' dir='ltr'><strong>tenerrimum</strong></span> <span class='ocrx_word' id='word_1_399' title='bbox 3177 3507 3444 3571; x_wconf 87' lang='lat' dir='ltr'><strong>obtulisti,</strong></span> <span class='ocrx_word' id='word_1_400' title='bbox 3466 3515 3521 3562; x_wconf 86' lang='lat' dir='ltr'><strong>et</strong></span> <span class='ocrx_word' id='word_1_401' title='bbox 3555 3505 3660 3561; x_wconf 88' lang='lat' dir='ltr'><strong>hoc</strong></span> <span class='ocrx_word' id='word_1_402' title='bbox 3689 3506 3963 3560; x_wconf 66' lang='lat' dir='ltr'><strong>daemones</strong></span> <span class='ocrx_word' id='word_1_403' title='bbox 3978 3505 4139 3575; x_wconf 78' lang='lat'><strong>731</strong></span> 
     </span>
    </p>
   </div>
   <div class='ocr_carea' id='block_1_38' title="bbox 2565 3594 4138 3670">
    <p class='ocr_par' dir='ltr' id='par_1_38' title="bbox 2565 3594 4138 3670">
     <span class='ocr_line' id='line_1_38' title="bbox 2565 3594 4138 3670; baseline -0.003 -17"><span class='ocrx_word' id='word_1_404' title='bbox 2565 3614 2661 3670; x_wconf 90' lang='lat' dir='ltr'><strong>per</strong></span> <span class='ocrx_word' id='word_1_405' title='bbox 2697 3613 2823 3655; x_wconf 85' lang='lat' dir='ltr'><strong>aera</strong></span> <span class='ocrx_word' id='word_1_406' title='bbox 2858 3597 3149 3652; x_wconf 88' lang='lat' dir='ltr'><strong>volitantes</strong></span> <span class='ocrx_word' id='word_1_407' title='bbox 3175 3597 3475 3660; x_wconf 87' lang='lat' dir='ltr'><strong>incursant,</strong></span> <span class='ocrx_word' id='word_1_408' title='bbox 3521 3607 3583 3649; x_wconf 91' lang='lat' dir='ltr'><strong>ut</strong></span> <span class='ocrx_word' id='word_1_409' title='bbox 3634 3594 3721 3650; x_wconf 89' lang='lat' dir='ltr'><strong>vel</strong></span> <span class='ocrx_word' id='word_1_410' title='bbox 3771 3608 3838 3650; x_wconf 86' lang='lat' dir='ltr'><strong>ex</strong></span> <span class='ocrx_word' id='word_1_411' title='bbox 3884 3595 4138 3650; x_wconf 82' lang='lat' dir='ltr'><strong>manibus</strong></span> 
     </span>
    </p>
   </div>
   <div class='ocr_carea' id='block_1_39' title="bbox 2566 3684 4138 3755">
    <p class='ocr_par' dir='ltr' id='par_1_39' title="bbox 2566 3684 4138 3755">
     <span class='ocr_line' id='line_1_39' title="bbox 2566 3684 4138 3755; baseline 0.001 -15"><span class='ocrx_word' id='word_1_412' title='bbox 2566 3689 2671 3742; x_wconf 88' lang='lat' dir='ltr'><strong>tuis</strong></span> <span class='ocrx_word' id='word_1_413' title='bbox 2709 3687 2885 3742; x_wconf 88' lang='lat' dir='ltr'><strong>oblata</strong></span> <span class='ocrx_word' id='word_1_414' title='bbox 2907 3686 3184 3755; x_wconf 88' lang='lat' dir='ltr'><strong>diripiant,</strong></span> <span class='ocrx_word' id='word_1_415' title='bbox 3226 3686 3310 3741; x_wconf 91' lang='lat' dir='ltr'><strong>vel</strong></span> <span class='ocrx_word' id='word_1_416' title='bbox 3351 3685 3546 3753; x_wconf 88' lang='lat' dir='ltr'><strong>injecta</strong></span> <span class='ocrx_word' id='word_1_417' title='bbox 3575 3700 3756 3755; x_wconf 79' lang='lat' dir='ltr'><strong>prava:</strong></span> <span class='ocrx_word' id='word_1_418' title='bbox 3793 3684 4138 3755; x_wconf 73' lang='lat' dir='ltr'><strong>cogitationis</strong></span> 
     </span>
    </p>
   </div>
   <div class='ocr_carea' id='block_1_40' title="bbox 2566 3774 4146 3845">
    <p class='ocr_par' dir='ltr' id='par_1_40' title="bbox 2566 3774 4146 3845">
     <span class='ocr_line' id='line_1_40' title="bbox 2566 3774 4146 3845; baseline 0 -15"><span class='ocrx_word' id='word_1_419' title='bbox 2566 3777 2820 3833; x_wconf 86' lang='lat' dir='ltr'><strong>illuvione</strong></span> <span class='ocrx_word' id='word_1_420' title='bbox 2850 3784 3238 3845; x_wconf 87' lang='lat' dir='ltr'><strong>corrumpant;</strong></span> <span class='ocrx_word' id='word_1_421' title='bbox 3267 3785 3323 3829; x_wconf 91' lang='lat' dir='ltr'><strong>tu</strong></span> <span class='ocrx_word' id='word_1_422' title='bbox 3351 3774 3772 3830; x_wconf 82' lang='lat' dir='ltr'><strong>cumAbrabam</strong></span> <span class='ocrx_word' id='word_1_423' title='bbox 3795 3774 4146 3832; x_wconf 81' lang='lat' dir='ltr'><strong>imminentes</strong></span> 
     </span>
    </p>
   </div>
   <div class='ocr_carea' id='block_1_41' title="bbox 2566 3864 4142 3936">
    <p class='ocr_par' dir='ltr' id='par_1_41' title="bbox 2566 3864 4142 3936">
     <span class='ocr_line' id='line_1_41' title="bbox 2566 3864 4142 3936; baseline -0.003 -14"><span class='ocrx_word' id='word_1_424' title='bbox 2566 3868 2633 3922; x_wconf 87' lang='lat' dir='ltr'><strong>ad</strong></span> <span class='ocrx_word' id='word_1_425' title='bbox 2681 3868 2938 3936; x_wconf 80' lang='lat' dir='ltr'><strong>impetum</strong></span> <span class='ocrx_word' id='word_1_426' title='bbox 2972 3865 3220 3920; x_wconf 85' lang='lat' dir='ltr'><strong>volucres</strong></span> <span class='ocrx_word' id='word_1_427' title='bbox 3241 3865 3418 3936; x_wconf 89' lang='lat' dir='ltr'><strong>abige,</strong></span> <span class='ocrx_word' id='word_1_428' title='bbox 3456 3873 3516 3918; x_wconf 93' lang='lat' dir='ltr'><strong>ut</strong></span> <span class='ocrx_word' id='word_1_429' title='bbox 3563 3864 3942 3920; x_wconf 84' lang='lat' dir='ltr'><strong>holocaustum</strong></span> <span class='ocrx_word' id='word_1_430' title='bbox 3987 3873 4142 3919; x_wconf 85' lang='lat' dir='ltr'><strong>tuum</strong></span> 
     </span>
    </p>
   </div>
   <div class='ocr_carea' id='block_1_42' title="bbox 2565 3951 4140 4027">
    <p class='ocr_par' dir='ltr' id='par_1_42' title="bbox 2565 3951 4140 4027">
     <span class='ocr_line' id='line_1_42' title="bbox 2565 3951 4140 4027; baseline -0.002 -14"><span class='ocrx_word' id='word_1_431' title='bbox 2565 3956 2971 4013; x_wconf 87' lang='lat' dir='ltr'><strong>immaculatum</strong></span> <span class='ocrx_word' id='word_1_432' title='bbox 3022 3965 3075 4009; x_wconf 86' lang='lat' dir='ltr'><strong>et</strong></span> <span class='ocrx_word' id='word_1_433' title='bbox 3111 3956 3378 4027; x_wconf 84' lang='lat' dir='ltr'><strong>integrum</strong></span> <span class='ocrx_word' id='word_1_434' title='bbox 3425 3955 3608 4011; x_wconf 83' lang='lat' dir='ltr'><strong>valeas</strong></span> <span class='ocrx_word' id='word_1_435' title='bbox 3662 3954 3936 4010; x_wconf 86' lang='lat' dir='ltr'><strong>custodire</strong></span> <span class='ocrx_word' id='word_1_436' title='bbox 3977 3951 4140 4024; x_wconf 67' lang='lat' dir='ltr'><strong>(Gen.</strong></span> 
     </span>
    </p>
   </div>
   <div class='ocr_carea' id='block_1_43' title="bbox 2563 4042 4146 4115">
    <p class='ocr_par' dir='ltr' id='par_1_43' title="bbox 2563 4042 4146 4115">
     <span class='ocr_line' id='line_1_43' title="bbox 2563 4042 4146 4115; baseline -0.003 -14"><span class='ocrx_word' id='word_1_437' title='bbox 2563 4046 2656 4115; x_wconf 82' lang='lat' dir='ltr'><strong>xi).</strong></span> <span class='ocrx_word' id='word_1_438' title='bbox 2712 4045 2790 4099; x_wconf 83' lang='lat' dir='ltr'><strong>Ex</strong></span> <span class='ocrx_word' id='word_1_439' title='bbox 2820 4059 3009 4100; x_wconf 88' lang='lat' dir='ltr'><strong>eorum</strong></span> <span class='ocrx_word' id='word_1_440' title='bbox 3036 4043 3235 4114; x_wconf 86' lang='lat' dir='ltr'><strong>quippe</strong></span> <span class='ocrx_word' id='word_1_441' title='bbox 3263 4045 3516 4113; x_wconf 88' lang='lat' dir='ltr'><strong>pharetra</strong></span> <span class='ocrx_word' id='word_1_442' title='bbox 3565 4043 3755 4112; x_wconf 84' lang='lat' dir='ltr'><strong>procul</strong></span> <span class='ocrx_word' id='word_1_443' title='bbox 3796 4042 3972 4099; x_wconf 87' lang='lat' dir='ltr'><strong>dubio</strong></span> <span class='ocrx_word' id='word_1_444' title='bbox 4002 4043 4146 4098; x_wconf 74' lang='grc' dir='ltr'><strong>ιοιὶ-</strong></span> 
     </span>
    </p>
   </div>
   <div class='ocr_carea' id='block_1_44' title="bbox 896 4132 3219 4230">
    <p class='ocr_par' dir='ltr' id='par_1_44' title="bbox 896 4133 3219 4230">
     <span class='ocr_line' id='line_1_44' title="bbox 896 4133 3219 4230; baseline -0.003 -16"><span class='ocrx_word' id='word_1_445' title='bbox 896 4163 1079 4214; x_wconf 89' lang='lat' dir='ltr'><strong>evenit</strong></span> <span class='ocrx_word' id='word_1_446' title='bbox 1107 4162 1444 4217; x_wconf 88' lang='lat' dir='ltr'><strong>histrionem.</strong></span> <span class='ocrx_word' id='word_1_447' title='bbox 1472 4163 1562 4215; x_wconf 89' lang='lat' dir='ltr'><strong>ille</strong></span> <span class='ocrx_word' id='word_1_448' title='bbox 1600 4163 1862 4230; x_wconf 82' lang='lat' dir='ltr'><strong>siquidem</strong></span> <span class='ocrx_word' id='word_1_449' title='bbox 1885 4163 2090 4218; x_wconf 88' lang='lat' dir='ltr'><strong>viribus</strong></span> <span class='ocrx_word' id='word_1_450' title='bbox 2114 4163 2272 4218; x_wconf 90' lang='lat' dir='ltr'><strong>fortia</strong></span> <span class='ocrx_word' id='word_1_451' title='bbox 2309 4163 2452 4219; x_wconf 88' lang='lat' dir='ltr'><strong>fece-</strong></span> <span class='ocrx_word' id='word_1_452' title='bbox 2563 4149 2679 4190; x_wconf 53' lang='lat'><strong>‘3‘”</strong></span> <span class='ocrx_word' id='word_1_453' title='bbox 2736 4134 3078 4230; x_wconf 44' lang='grc' dir='ltr'><strong>θοείξῖιίοθίθ</strong></span> <span class='ocrx_word' id='word_1_454' title='bbox 3098 4133 3219 4203; x_wconf 61' lang='lat' dir='ltr'><strong>hui“</strong></span> 
     </span>
    </p>
   </div>
   <div class='ocr_carea' id='block_1_45' title="bbox 1816 4132 4139 4230">
    <p class='ocr_par' dir='ltr' id='par_1_45' title="bbox 1816 4132 4139 4219">
     <span class='ocr_line' id='line_1_45' title="bbox 1816 4132 4139 4219; baseline -0.003 -26"><span class='ocrx_word' id='word_1_455' title='bbox 1816 4178 1862 4217; x_wconf 65' lang='grc' dir='ltr'><strong>η,</strong></span> <span class='ocrx_word' id='word_1_456' title='bbox 1885 4163 2090 4218; x_wconf 54' lang='lat' dir='ltr'><strong>viribus</strong></span> <span class='ocrx_word' id='word_1_457' title='bbox 2114 4163 2272 4218; x_wconf 55' lang='lat' dir='ltr'><strong>“mia</strong></span> <span class='ocrx_word' id='word_1_458' title='bbox 2309 4163 2452 4219; x_wconf 58' lang='grc' dir='ltr'><strong>[εω-</strong></span> <span class='ocrx_word' id='word_1_459' title='bbox 2563 4149 2640 4190; x_wconf 70' lang='grc' dir='ltr'>ωι</span> <span class='ocrx_word' id='word_1_460' title='bbox 2660 4159 2679 4172; x_wconf 81' lang='grc'><strong>··</strong></span> <span class='ocrx_word' id='word_1_461' title='bbox 2736 4134 3078 4204; x_wconf 74' lang='lat' dir='ltr'><strong>cogitationis</strong></span> <span class='ocrx_word' id='word_1_462' title='bbox 3098 4133 3257 4203; x_wconf 86' lang='lat' dir='ltr'><strong>hujus</strong></span> <span class='ocrx_word' id='word_1_463' title='bbox 3282 4133 3480 4204; x_wconf 78' lang='lat' dir='ltr'><strong>sagitta</strong></span> <span class='ocrx_word' id='word_1_464' title='bbox 3505 4133 3865 4201; x_wconf 86' lang='lat' dir='ltr'><strong>depromitur,</strong></span> <span class='ocrx_word' id='word_1_465' title='bbox 3896 4144 3955 4186; x_wconf 91' lang='lat' dir='ltr'><strong>ut</strong></span> <span class='ocrx_word' id='word_1_466' title='bbox 3990 4132 4139 4187; x_wconf 85' lang='lat' dir='ltr'><strong>litte-</strong></span> 
     </span>
    </p>
   </div>
   <div class='ocr_carea' id='block_1_46' title="bbox 896 4222 4133 4316">
    <p class='ocr_par' dir='ltr' id='par_1_46' title="bbox 896 4222 4133 4316">
     <span class='ocr_line' id='line_1_46' title="bbox 896 4222 4133 4316; baseline -0.001 -20"><span class='ocrx_word' id='word_1_467' title='bbox 896 4255 1000 4309; x_wconf 85' lang='lat' dir='ltr'><strong>rat,</strong></span> <span class='ocrx_word' id='word_1_468' title='bbox 1029 4245 1130 4300; x_wconf 87' lang='lat' dir='ltr'><strong>iste</strong></span> <span class='ocrx_word' id='word_1_469' title='bbox 1158 4245 1269 4300; x_wconf 87' lang='lat' dir='ltr'><strong>sola</strong></span> <span class='ocrx_word' id='word_1_470' title='bbox 1298 4260 1426 4300; x_wconf 90' lang='lat' dir='ltr'><strong>voce</strong></span> <span class='ocrx_word' id='word_1_471' title='bbox 1455 4222 1791 4314; x_wconf 73' lang='lat' dir='ltr'><strong>triumphalia</strong></span> <span class='ocrx_word' id='word_1_472' title='bbox 1830 4246 1948 4316; x_wconf 83' lang='lat' dir='ltr'><strong>ejus</strong></span> <span class='ocrx_word' id='word_1_473' title='bbox 1988 4256 2138 4316; x_wconf 87' lang='lat' dir='ltr'><strong>gesta</strong></span> <span class='ocrx_word' id='word_1_474' title='bbox 2176 4248 2450 4302; x_wconf 81' lang='lat' dir='ltr'><strong>decantat.</strong></span> <span class='ocrx_word' id='word_1_475' title='bbox 2563 4240 2748 4316; x_wconf 41' lang='lat' dir='ltr'><strong>Parum</strong></span> <span class='ocrx_word' id='word_1_476' title='bbox 2779 4223 2956 4316; x_wconf 62' lang='grc' dir='ltr'><strong>δωδίὲ</strong></span> <span class='ocrx_word' id='word_1_477' title='bbox 2979 4225 3384 4316; x_wconf 60' lang='grc' dir='ltr'><strong>τεί¹¹³²¹¹θ¹¹ιίί³⁰⁸</strong></span> <span class='ocrx_word' id='word_1_478' title='bbox 3430 4225 3484 4279; x_wconf 61' lang='grc'><strong>⁵⁸³</strong></span> <span class='ocrx_word' id='word_1_479' title='bbox 3533 4223 3732 4280; x_wconf 53' lang='lat' dir='ltr'><strong>“culo</strong></span> <span class='ocrx_word' id='word_1_480' title='bbox 3775 4224 3973 4278; x_wconf 64' lang='grc' dir='ltr'><strong>θθπνίε</strong></span> <span class='ocrx_word' id='word_1_481' title='bbox 4024 4222 4133 4276; x_wconf 75' lang='grc' dir='ltr'><strong>ωί³</strong></span> 
     </span>
    </p>
   </div>
   <div class='ocr_carea' id='block_1_47' title="bbox 895 4314 3218 4403">
    <p class='ocr_par' dir='ltr' id='par_1_47' title="bbox 895 4314 3218 4403">
     <span class='ocr_line' id='line_1_47' title="bbox 895 4314 3218 4403; baseline -0.003 -19"><span class='ocrx_word' id='word_1_482' title='bbox 895 4331 984 4387; x_wconf 89' lang='lat' dir='ltr'><strong>Ille</strong></span> <span class='ocrx_word' id='word_1_483' title='bbox 1017 4332 1270 4391; x_wconf 87' lang='lat' dir='ltr'><strong>nimirum</strong></span> <span class='ocrx_word' id='word_1_484' title='bbox 1316 4333 1511 4390; x_wconf 74' lang='lat' dir='ltr'><strong>se-Deo</strong></span> <span class='ocrx_word' id='word_1_485' title='bbox 1536 4336 1683 4390; x_wconf 89' lang='lat' dir='ltr'><strong>novit</strong></span> <span class='ocrx_word' id='word_1_486' title='bbox 1708 4348 1805 4403; x_wconf 89' lang='lat' dir='ltr'><strong>per</strong></span> <span class='ocrx_word' id='word_1_487' title='bbox 1833 4314 2014 4388; x_wconf 77' lang='lat' dir='ltr'><strong>somni</strong></span> <span class='ocrx_word' id='word_1_488' title='bbox 2045 4345 2283 4396; x_wconf 83' lang='lat' dir='ltr'><strong>mactare</strong></span> <span class='ocrx_word' id='word_1_489' title='bbox 2326 4350 2454 4390; x_wconf 85' lang='lat' dir='ltr'><strong>eon-</strong></span> <span class='ocrx_word' id='word_1_490' title='bbox 2562 4315 2835 4380; x_wconf 52' lang='lat' dir='ltr'><strong>“Videas.</strong></span> <span class='ocrx_word' id='word_1_491' title='bbox 2863 4323 2918 4368; x_wconf 70' lang='grc' dir='ltr'>θι</span> <span class='ocrx_word' id='word_1_492' title='bbox 2946 4315 3000 4370; x_wconf 71' lang='lat' dir='ltr'><strong>in</strong></span> <span class='ocrx_word' id='word_1_493' title='bbox 3029 4314 3132 4369; x_wconf 77' lang='lat' dir='ltr'><strong>hoc</strong></span> <span class='ocrx_word' id='word_1_494' title='bbox 3157 4329 3218 4369; x_wconf 79' lang='lat' dir='ltr'><strong>eo</strong></span> 
     </span>
    </p>
   </div>
   <div class='ocr_carea' id='block_1_48' title="bbox 1813 4314 4136 4403">
    <p class='ocr_par' dir='ltr' id='par_1_48' title="bbox 1833 4314 4136 4396">
     <span class='ocr_line' id='line_1_48' title="bbox 1833 4314 4136 4396; baseline -0.003 -22"><span class='ocrx_word' id='word_1_495' title='bbox 1833 4314 2014 4388; x_wconf 61' lang='grc' dir='ltr'><strong>ελ)ωηῖ</strong></span> <span class='ocrx_word' id='word_1_496' title='bbox 2045 4345 2283 4396; x_wconf 62' lang='grc' dir='ltr'><strong>ηηοωτε</strong></span> <span class='ocrx_word' id='word_1_497' title='bbox 2326 4350 2454 4390; x_wconf 60' lang='lat' dir='ltr'><strong>con-</strong></span> <span class='ocrx_word' id='word_1_498' title='bbox 2562 4315 2835 4380; x_wconf 87' lang='lat' dir='ltr'><strong>invideas,</strong></span> <span class='ocrx_word' id='word_1_499' title='bbox 2863 4323 2918 4368; x_wconf 82' lang='lat' dir='ltr'><strong>et</strong></span> <span class='ocrx_word' id='word_1_500' title='bbox 2946 4315 3000 4370; x_wconf 88' lang='lat' dir='ltr'><strong>in</strong></span> <span class='ocrx_word' id='word_1_501' title='bbox 3029 4314 3132 4369; x_wconf 89' lang='lat' dir='ltr'><strong>boc</strong></span> <span class='ocrx_word' id='word_1_502' title='bbox 3157 4329 3251 4369; x_wconf 87' lang='lat' dir='ltr'><strong>eos</strong></span> <span class='ocrx_word' id='word_1_503' title='bbox 3280 4324 3466 4369; x_wconf 88' lang='lat' dir='ltr'><strong>cautos</strong></span> <span class='ocrx_word' id='word_1_504' title='bbox 3505 4329 3569 4368; x_wconf 92' lang='lat' dir='ltr'><strong>ac</strong></span> <span class='ocrx_word' id='word_1_505' title='bbox 3597 4314 3871 4384; x_wconf 84' lang='lat' dir='ltr'><strong>providos,</strong></span> <span class='ocrx_word' id='word_1_506' title='bbox 3923 4324 3974 4367; x_wconf 79' lang='lat' dir='ltr'><strong>te</strong></span> <span class='ocrx_word' id='word_1_507' title='bbox 4007 4329 4136 4368; x_wconf 91' lang='lat' dir='ltr'><strong>vero</strong></span> 
     </span>
    </p>
   </div>
   <div class='ocr_carea' id='block_1_49' title="bbox 895 4403 4140 4487">
    <p class='ocr_par' dir='ltr' id='par_1_49' title="bbox 895 4403 4140 4487">
     <span class='ocr_line' id='line_1_49' title="bbox 895 4403 4140 4487; baseline -0.002 -11"><span class='ocrx_word' id='word_1_508' title='bbox 895 4422 1133 4487; x_wconf 74' lang='lat' dir='ltr'><strong>dictum;</strong></span> <span class='ocrx_word' id='word_1_509' title='bbox 1183 4439 1282 4479; x_wconf 89' lang='lat' dir='ltr'><strong>nos</strong></span> <span class='ocrx_word' id='word_1_510' title='bbox 1332 4423 1623 4479; x_wconf 87' lang='lat' dir='ltr'><strong>versiculos</strong></span> <span class='ocrx_word' id='word_1_511' title='bbox 1670 4424 1898 4478; x_wconf 78' lang='lat' dir='ltr'><strong>facimus</strong></span> <span class='ocrx_word' id='word_1_512' title='bbox 1938 4425 2005 4478; x_wconf 89' lang='lat' dir='ltr'><strong>ad</strong></span> <span class='ocrx_word' id='word_1_513' title='bbox 2047 4423 2452 4479; x_wconf 85' lang='lat' dir='ltr'><strong>similitudinem</strong></span> <span class='ocrx_word' id='word_1_514' title='bbox 2562 4405 2844 4474; x_wconf 67' lang='grc' dir='ltr'><strong>ἀθεεΡῑυιη</strong></span> <span class='ocrx_word' id='word_1_515' title='bbox 2874 4404 3159 4458; x_wconf 52' lang='lat' dir='ltr'><strong>“ramum</strong></span> <span class='ocrx_word' id='word_1_516' title='bbox 3190 4404 3406 4469; x_wconf 61' lang='lat' dir='ltr'><strong>credas:</strong></span> <span class='ocrx_word' id='word_1_517' title='bbox 3455 4411 3660 4473; x_wconf 70' lang='grc' dir='ltr'><strong>υφοιθν</strong></span> <span class='ocrx_word' id='word_1_518' title='bbox 3691 4404 3734 4457; x_wconf 75' lang='grc' dir='ltr'><strong>εί</strong></span> <span class='ocrx_word' id='word_1_519' title='bbox 3764 4405 3865 4458; x_wconf 74' lang='grc' dir='ltr'><strong>ίιοθ</strong></span> <span class='ocrx_word' id='word_1_520' title='bbox 3912 4412 3970 4458; x_wconf 76' lang='grc' dir='ltr'>ει</span> <span class='ocrx_word' id='word_1_521' title='bbox 4021 4403 4140 4473; x_wconf 65' lang='lat' dir='ltr'><strong>ipse</strong></span> 
     </span>
    </p>
   </div>
   <div class='ocr_carea' id='block_1_50' title="bbox 893 4493 3216 4584">
    <p class='ocr_par' dir='ltr' id='par_1_50' title="bbox 893 4495 3216 4584">
     <span class='ocr_line' id='line_1_50' title="bbox 893 4495 3216 4584; baseline -0 -18"><span class='ocrx_word' id='word_1_522' title='bbox 893 4530 1201 4581; x_wconf 88' lang='lat' dir='ltr'><strong>puerorum.</strong></span> <span class='ocrx_word' id='word_1_523' title='bbox 1226 4515 1295 4568; x_wconf 89' lang='lat' dir='ltr'><strong>Et</strong></span> <span class='ocrx_word' id='word_1_524' title='bbox 1317 4515 1504 4583; x_wconf 90' lang='lat' dir='ltr'><strong>quale,</strong></span> <span class='ocrx_word' id='word_1_525' title='bbox 1536 4529 1746 4584; x_wconf 66' lang='lat' dir='ltr'><strong>quaeso,</strong></span> <span class='ocrx_word' id='word_1_526' title='bbox 1773 4522 1855 4568; x_wconf 84' lang='lat' dir='ltr'><strong>est</strong></span> <span class='ocrx_word' id='word_1_527' title='bbox 1879 4511 2094 4577; x_wconf 85' lang='lat' dir='ltr'><strong>effetum</strong></span> <span class='ocrx_word' id='word_1_528' title='bbox 2143 4515 2349 4569; x_wconf 80' lang='lat' dir='ltr'><strong>viribus</strong></span> <span class='ocrx_word' id='word_1_529' title='bbox 2390 4530 2452 4568; x_wconf 92' lang='lat' dir='ltr'><strong>ac</strong></span> <span class='ocrx_word' id='word_1_530' title='bbox 2485 4551 2532 4584; x_wconf 72' lang='grc' dir='ltr'>η</span> <span class='ocrx_word' id='word_1_531' title='bbox 2560 4496 2803 4559; x_wconf 67' lang='grc' dir='ltr'><strong>Ῑεθίεεθεο</strong></span> <span class='ocrx_word' id='word_1_532' title='bbox 2868 4495 3020 4584; x_wconf 46' lang='lat' dir='ltr'><strong>quas?</strong></span> <span class='ocrx_word' id='word_1_533' title='bbox 3071 4495 3216 4566; x_wconf 59' lang='grc' dir='ltr'><strong>κτρα</strong></span> 
     </span>
    </p>
   </div>
   <div class='ocr_carea' id='block_1_51' title="bbox 1817 4493 4140 4584">
    <p class='ocr_par' dir='ltr' id='par_1_51' title="bbox 1817 4493 4140 4584">
     <span class='ocr_line' id='line_1_51' title="bbox 1817 4493 4140 4584; baseline -0.003 -30"><span class='ocrx_word' id='word_1_534' title='bbox 1817 4522 1855 4568; x_wconf 58' lang='grc' dir='ltr'>δι</span> <span class='ocrx_word' id='word_1_535' title='bbox 1879 4511 2094 4577; x_wconf 62' lang='lat' dir='ltr'><strong>caelum</strong></span> <span class='ocrx_word' id='word_1_536' title='bbox 2143 4515 2349 4569; x_wconf 59' lang='lat' dir='ltr'><strong>viribus</strong></span> <span class='ocrx_word' id='word_1_537' title='bbox 2390 4530 2452 4568; x_wconf 68' lang='lat' dir='ltr'><strong>ac</strong></span> <span class='ocrx_word' id='word_1_538' title='bbox 2485 4496 2803 4584; x_wconf 77' lang='lat' dir='ltr'><strong>nfecisses,</strong></span> <span class='ocrx_word' id='word_1_539' title='bbox 2868 4495 3020 4565; x_wconf 88' lang='lat' dir='ltr'><strong>quasi</strong></span> <span class='ocrx_word' id='word_1_540' title='bbox 3071 4495 3363 4566; x_wconf 87' lang='lat' dir='ltr'><strong>gratiorem</strong></span> <span class='ocrx_word' id='word_1_541' title='bbox 3415 4503 3542 4548; x_wconf 90' lang='lat' dir='ltr'><strong>tunc</strong></span> <span class='ocrx_word' id='word_1_542' title='bbox 3588 4493 3820 4548; x_wconf 87' lang='lat' dir='ltr'><strong>hostiam</strong></span> <span class='ocrx_word' id='word_1_543' title='bbox 3872 4493 3985 4547; x_wconf 84' lang='lat' dir='ltr'><strong>Deo</strong></span> <span class='ocrx_word' id='word_1_544' title='bbox 4035 4503 4140 4548; x_wconf 81' lang='lat' dir='ltr'><strong>tua:</strong></span> 
     </span>
    </p>
   </div>
   <div class='ocr_carea' id='block_1_52' title="bbox 2483 4551 2532 4611">
    <p class='ocr_par' dir='ltr' id='par_1_52' title="bbox 2483 4551 2532 4611">
     <span class='ocr_line' id='line_1_52' title="bbox 2483 4551 2532 4611; baseline 0 0"><span class='ocrx_word' id='word_1_545' title='bbox 2483 4551 2532 4611; x_wconf 93' lang='lat' dir='ltr'><strong>D</strong></span> 
     </span>
    </p>
   </div>
   <div class='ocr_carea' id='block_1_53' title="bbox 893 4583 4140 4672">
    <p class='ocr_par' dir='ltr' id='par_1_53' title="bbox 893 4583 4140 4672">
     <span class='ocr_line' id='line_1_53' title="bbox 893 4583 4140 4672; baseline -0.003 -21"><span class='ocrx_word' id='word_1_546' title='bbox 893 4602 1194 4657; x_wconf 76' lang='lat' dir='ltr'><strong>tenuissimi</strong></span> <span class='ocrx_word' id='word_1_547' title='bbox 1225 4603 1467 4672; x_wconf 69' lang='lat' dir='ltr'><strong>corporis</strong></span> <span class='ocrx_word' id='word_1_548' title='bbox 1511 4583 1782 4659; x_wconf 56' lang='lat' dir='ltr'><strong>hominem</strong></span> <span class='ocrx_word' id='word_1_549' title='bbox 1813 4602 1924 4671; x_wconf 69' lang='lat' dir='ltr'><strong>jam</strong></span> <span class='ocrx_word' id='word_1_550' title='bbox 1972 4619 2069 4672; x_wconf 62' lang='lat' dir='ltr'><strong>per</strong></span> <span class='ocrx_word' id='word_1_551' title='bbox 2111 4604 2448 4672; x_wconf 50' lang='lat' dir='ltr'><strong>septuaginta</strong></span> <span class='ocrx_word' id='word_1_552' title='bbox 2483 4583 2532 4611; x_wconf 84' lang='grc' dir='ltr'>ν</span> <span class='ocrx_word' id='word_1_553' title='bbox 2559 4585 2928 4640; x_wconf 87' lang='lat' dir='ltr'><strong>conversionis</strong></span> <span class='ocrx_word' id='word_1_554' title='bbox 2954 4583 3216 4639; x_wconf 78' lang='lat' dir='ltr'><strong>offerres:</strong></span> <span class='ocrx_word' id='word_1_555' title='bbox 3247 4584 3341 4672; x_wconf 87' lang='lat' dir='ltr'><strong>sed</strong></span> <span class='ocrx_word' id='word_1_556' title='bbox 3371 4583 3473 4640; x_wconf 89' lang='lat' dir='ltr'><strong>hoc</strong></span> <span class='ocrx_word' id='word_1_557' title='bbox 3505 4592 3676 4638; x_wconf 85' lang='lat' dir='ltr'><strong>totum</strong></span> <span class='ocrx_word' id='word_1_558' title='bbox 3724 4583 3835 4640; x_wconf 88' lang='lat' dir='ltr'><strong>Deo</strong></span> <span class='ocrx_word' id='word_1_559' title='bbox 3870 4585 4140 4640; x_wconf 86' lang='lat' dir='ltr'><strong>veraciter</strong></span> 
     </span>
    </p>
   </div>
   <div class='ocr_carea' id='block_1_54' title="bbox 890 4671 4134 4762">
    <p class='ocr_par' dir='ltr' id='par_1_54' title="bbox 890 4671 4134 4762">
     <span class='ocr_line' id='line_1_54' title="bbox 890 4671 4134 4762; baseline -0.004 -24"><span class='ocrx_word' id='word_1_560' title='bbox 890 4691 1004 4745; x_wconf 70' lang='lat' dir='ltr'><strong>fere</strong></span> <span class='ocrx_word' id='word_1_561' title='bbox 1030 4706 1200 4746; x_wconf 72' lang='lat' dir='ltr'><strong>annos</strong></span> <span class='ocrx_word' id='word_1_562' title='bbox 1247 4693 1300 4746; x_wconf 78' lang='lat' dir='ltr'><strong>in</strong></span> <span class='ocrx_word' id='word_1_563' title='bbox 1324 4671 1642 4748; x_wconf 23' lang='grc' dir='ltr'><strong>ίωοηεειίεο</strong></span> <span class='ocrx_word' id='word_1_564' title='bbox 1665 4693 1850 4748; x_wconf 70' lang='lat' dir='ltr'><strong>habim</strong></span> <span class='ocrx_word' id='word_1_565' title='bbox 1887 4671 2111 4762; x_wconf 45' lang='lat' dir='ltr'><strong>degere,</strong></span> <span class='ocrx_word' id='word_1_566' title='bbox 2163 4671 2217 4747; x_wconf 59' lang='grc' dir='ltr'>ει</span> <span class='ocrx_word' id='word_1_567' title='bbox 2276 4671 2451 4747; x_wconf 65' lang='lat' dir='ltr'><strong>adhuc</strong></span> <span class='ocrx_word' id='word_1_568' title='bbox 2556 4673 2795 4729; x_wconf 84' lang='lat' dir='ltr'><strong>obtulisti</strong></span> <span class='ocrx_word' id='word_1_569' title='bbox 2823 4672 3104 4742; x_wconf 84' lang='lat' dir='ltr'><strong>quidquid,</strong></span> <span class='ocrx_word' id='word_1_570' title='bbox 3133 4673 3200 4726; x_wconf 88' lang='lat' dir='ltr'><strong>ad</strong></span> <span class='ocrx_word' id='word_1_571' title='bbox 3232 4671 3509 4726; x_wconf 89' lang='lat' dir='ltr'><strong>meliorem</strong></span> <span class='ocrx_word' id='word_1_572' title='bbox 3557 4687 3620 4726; x_wconf 88' lang='lat' dir='ltr'><strong>ac</strong></span> <span class='ocrx_word' id='word_1_573' title='bbox 3651 4681 3958 4726; x_wconf 84' lang='lat' dir='ltr'><strong>manentem</strong></span> <span class='ocrx_word' id='word_1_574' title='bbox 4001 4674 4134 4727; x_wconf 83' lang='lat' dir='ltr'><strong>sub-</strong></span> 
     </span>
    </p>
   </div>
   <div class='ocr_carea' id='block_1_55' title="bbox 890 4763 3213 4852">
    <p class='ocr_par' dir='ltr' id='par_1_55' title="bbox 890 4767 3213 4852">
     <span class='ocr_line' id='line_1_55' title="bbox 890 4767 3213 4852; baseline 0.001 -20"><span class='ocrx_word' id='word_1_575' title='bbox 890 4789 1072 4837; x_wconf 87' lang='lat' dir='ltr'><strong>utrum</strong></span> <span class='ocrx_word' id='word_1_576' title='bbox 1105 4780 1311 4834; x_wconf 72' lang='lat' dir='ltr'><strong>diurnae</strong></span> <span class='ocrx_word' id='word_1_577' title='bbox 1338 4781 1476 4835; x_wconf 91' lang='lat' dir='ltr'><strong>lucis</strong></span> <span class='ocrx_word' id='word_1_578' title='bbox 1501 4792 1816 4851; x_wconf 85' lang='lat' dir='ltr'><strong>erumpente</strong></span> <span class='ocrx_word' id='word_1_579' title='bbox 1853 4781 2167 4852; x_wconf 89' lang='lat' dir='ltr'><strong>crepusculo</strong></span> <span class='ocrx_word' id='word_1_580' title='bbox 2213 4783 2450 4837; x_wconf 86' lang='lat' dir='ltr'><strong>dormire</strong></span> <span class='ocrx_word' id='word_1_581' title='bbox 2556 4767 2809 4820; x_wconf 65' lang='grc' dir='ltr'><strong>διεηιίθητ</strong></span> <span class='ocrx_word' id='word_1_582' title='bbox 2841 4778 3158 4833; x_wconf 57' lang='lat' dir='ltr'><strong>Propera”:</strong></span> <span class='ocrx_word' id='word_1_583' title='bbox 3187 4779 3213 4834; x_wconf 69' lang='lat' dir='ltr'><strong>i1</strong></span> 
     </span>
    </p>
   </div>
   <div class='ocr_carea' id='block_1_56' title="bbox 1813 4763 4136 4852">
    <p class='ocr_par' dir='ltr' id='par_1_56' title="bbox 1813 4763 4136 4852">
     <span class='ocr_line' id='line_1_56' title="bbox 1813 4763 4136 4852; baseline -0.002 -28"><span class='ocrx_word' id='word_1_584' title='bbox 1813 4805 1816 4833; x_wconf 67' lang='grc' dir='ltr'><em>ε</em></span> <span class='ocrx_word' id='word_1_585' title='bbox 1853 4781 2167 4852; x_wconf 64' lang='lat' dir='ltr'><strong>crepusculo</strong></span> <span class='ocrx_word' id='word_1_586' title='bbox 2213 4783 2450 4837; x_wconf 62' lang='lat' dir='ltr'><strong>dormire</strong></span> <span class='ocrx_word' id='word_1_587' title='bbox 2556 4767 2809 4820; x_wconf 87' lang='lat' dir='ltr'><strong>stantiam</strong></span> <span class='ocrx_word' id='word_1_588' title='bbox 2841 4778 3158 4833; x_wconf 87' lang='lat' dir='ltr'><strong>properans,</strong></span> <span class='ocrx_word' id='word_1_589' title='bbox 3187 4779 3285 4834; x_wconf 91' lang='lat' dir='ltr'><strong>pro</strong></span> <span class='ocrx_word' id='word_1_590' title='bbox 3306 4778 3491 4818; x_wconf 90' lang='lat' dir='ltr'><strong>amore</strong></span> <span class='ocrx_word' id='word_1_591' title='bbox 3520 4763 3666 4818; x_wconf 91' lang='lat' dir='ltr'><strong>illius</strong></span> <span class='ocrx_word' id='word_1_592' title='bbox 3694 4765 3978 4833; x_wconf 89' lang='lat' dir='ltr'><strong>acquirere</strong></span> <span class='ocrx_word' id='word_1_593' title='bbox 4001 4780 4136 4820; x_wconf 87' lang='lat' dir='ltr'><strong>con-</strong></span> 
     </span>
    </p>
   </div>
   <div class='ocr_carea' id='block_1_57' title="bbox 888 4853 3211 4940">
    <p class='ocr_par' dir='ltr' id='par_1_57' title="bbox 888 4853 3193 4940">
     <span class='ocr_line' id='line_1_57' title="bbox 888 4853 3193 4940; baseline 0.002 -24"><span class='ocrx_word' id='word_1_594' title='bbox 888 4867 1087 4929; x_wconf 81' lang='lat' dir='ltr'><strong>valeat,</strong></span> <span class='ocrx_word' id='word_1_595' title='bbox 1114 4868 1399 4938; x_wconf 78' lang='lat' dir='ltr'><strong>ignorare?</strong></span> <span class='ocrx_word' id='word_1_596' title='bbox 1420 4869 1711 4939; x_wconf 81' lang='lat' dir='ltr'><strong>Hicitaque</strong></span> <span class='ocrx_word' id='word_1_597' title='bbox 1731 4871 1988 4940; x_wconf 90' lang='lat' dir='ltr'><strong>prudens,</strong></span> <span class='ocrx_word' id='word_1_598' title='bbox 2015 4871 2103 4924; x_wconf 89' lang='lat' dir='ltr'><strong>hic</strong></span> <span class='ocrx_word' id='word_1_599' title='bbox 2122 4885 2248 4925; x_wconf 81' lang='lat' dir='ltr'><strong>vero</strong></span> <span class='ocrx_word' id='word_1_600' title='bbox 2271 4870 2451 4924; x_wconf 89' lang='lat' dir='ltr'><strong>dicen-</strong></span> <span class='ocrx_word' id='word_1_601' title='bbox 2556 4854 2839 4924; x_wconf 68' lang='grc' dir='ltr'><strong>ιθηιρδίειίο</strong></span> <span class='ocrx_word' id='word_1_602' title='bbox 2891 4853 3079 4908; x_wconf 61' lang='lat' dir='ltr'><strong>melius</strong></span> <span class='ocrx_word' id='word_1_603' title='bbox 3107 4861 3193 4908; x_wconf 75' lang='grc' dir='ltr'>οδί</span> 
     </span>
    </p>
   </div>
   <div class='ocr_carea' id='block_1_58' title="bbox 1810 4853 4133 4940">
    <p class='ocr_par' dir='ltr' id='par_1_58' title="bbox 1810 4853 4133 4934">
     <span class='ocr_line' id='line_1_58' title="bbox 1810 4853 4133 4934; baseline -0.002 -19"><span class='ocrx_word' id='word_1_604' title='bbox 1810 4871 2103 4934; x_wconf 66' lang='grc' dir='ltr'><strong>ιάεηε,ιιῑο</strong></span> <span class='ocrx_word' id='word_1_605' title='bbox 2122 4885 2248 4925; x_wconf 70' lang='grc' dir='ltr'>νει-ο</span> <span class='ocrx_word' id='word_1_606' title='bbox 2271 4870 2451 4924; x_wconf 73' lang='lat' dir='ltr'><strong>dicen-</strong></span> <span class='ocrx_word' id='word_1_607' title='bbox 2556 4854 2839 4924; x_wconf 87' lang='lat' dir='ltr'><strong>tempsisti.</strong></span> <span class='ocrx_word' id='word_1_608' title='bbox 2891 4853 3079 4908; x_wconf 82' lang='lat' dir='ltr'><strong>Melius</strong></span> <span class='ocrx_word' id='word_1_609' title='bbox 3107 4861 3193 4908; x_wconf 87' lang='lat' dir='ltr'><strong>est</strong></span> <span class='ocrx_word' id='word_1_610' title='bbox 3241 4863 3422 4907; x_wconf 91' lang='lat' dir='ltr'><strong>autem</strong></span> <span class='ocrx_word' id='word_1_611' title='bbox 3469 4862 3638 4908; x_wconf 92' lang='lat' dir='ltr'><strong>totum</strong></span> <span class='ocrx_word' id='word_1_612' title='bbox 3693 4854 3852 4908; x_wconf 89' lang='lat' dir='ltr'><strong>simul</strong></span> <span class='ocrx_word' id='word_1_613' title='bbox 3910 4853 4133 4920; x_wconf 81' lang='lat' dir='ltr'><strong>olferre,</strong></span> 
     </span>
    </p>
   </div>
   <div class='ocr_carea' id='block_1_59' title="bbox 888 4943 4136 5030">
    <p class='ocr_par' dir='ltr' id='par_1_59' title="bbox 888 4943 4136 5030">
     <span class='ocr_line' id='line_1_59' title="bbox 888 4943 4136 5030; baseline -0.002 -23"><span class='ocrx_word' id='word_1_614' title='bbox 888 4957 987 5010; x_wconf 88' lang='lat' dir='ltr'><strong>dus</strong></span> <span class='ocrx_word' id='word_1_615' title='bbox 1016 4966 1100 5011; x_wconf 79' lang='lat' dir='ltr'><strong>est</strong></span> <span class='ocrx_word' id='word_1_616' title='bbox 1138 4960 1374 5028; x_wconf 71' lang='lat' dir='ltr'><strong>sapiens,</strong></span> <span class='ocrx_word' id='word_1_617' title='bbox 1405 4962 1518 5028; x_wconf 69' lang='lat' dir='ltr'><strong>qui,</strong></span> <span class='ocrx_word' id='word_1_618' title='bbox 1545 4962 1668 5015; x_wconf 77' lang='lat' dir='ltr'><strong>dum</strong></span> <span class='ocrx_word' id='word_1_619' title='bbox 1689 4962 1945 5015; x_wconf 72' lang='lat' dir='ltr'><strong>mundum</strong></span> <span class='ocrx_word' id='word_1_620' title='bbox 1973 4961 2209 5015; x_wconf 60' lang='lat' dir='ltr'><strong>calcibus</strong></span> <span class='ocrx_word' id='word_1_621' title='bbox 2242 4961 2446 5030; x_wconf 49' lang='lat' dir='ltr'><strong>abige&quot;,</strong></span> <span class='ocrx_word' id='word_1_622' title='bbox 2557 4961 2715 5015; x_wconf 88' lang='lat' dir='ltr'><strong>quam</strong></span> <span class='ocrx_word' id='word_1_623' title='bbox 2741 4943 3138 5013; x_wconf 88' lang='lat' dir='ltr'><strong>particulariter</strong></span> <span class='ocrx_word' id='word_1_624' title='bbox 3165 4943 3503 5011; x_wconf 85' lang='lat' dir='ltr'><strong>dispensare.</strong></span> <span class='ocrx_word' id='word_1_625' title='bbox 3553 4943 3707 4999; x_wconf 88' lang='lat' dir='ltr'><strong>Sicut</strong></span> <span class='ocrx_word' id='word_1_626' title='bbox 3750 4945 3894 4999; x_wconf 90' lang='lat' dir='ltr'><strong>enim</strong></span> <span class='ocrx_word' id='word_1_627' title='bbox 3939 4945 4136 5002; x_wconf 79' lang='lat' dir='ltr'><strong>melius</strong></span> 
     </span>
    </p>
   </div>
   <div class='ocr_carea' id='block_1_60' title="bbox 899 1995 2467 2070">
    <p class='ocr_par' dir='ltr' id='par_1_60' title="bbox 899 1995 2467 2070">
     <span class='ocr_line' id='line_1_60' title="bbox 899 1995 2467 2070; baseline -0.005 -13"><span class='ocrx_word' id='word_1_628' title='bbox 899 2012 955 2057; x_wconf 90' lang='lat' dir='ltr'><strong>et</strong></span> <span class='ocrx_word' id='word_1_629' title='bbox 1000 2002 1271 2070; x_wconf 87' lang='lat' dir='ltr'><strong>opusculis</strong></span> <span class='ocrx_word' id='word_1_630' title='bbox 1319 2001 1518 2056; x_wconf 89' lang='lat' dir='ltr'><strong>nostris</strong></span> <span class='ocrx_word' id='word_1_631' title='bbox 1562 2000 1871 2070; x_wconf 84' lang='lat' dir='ltr'><strong>frequenter</strong></span> <span class='ocrx_word' id='word_1_632' title='bbox 1925 2000 2183 2062; x_wconf 84' lang='lat' dir='ltr'><strong>insertus,</strong></span> <span class='ocrx_word' id='word_1_633' title='bbox 2239 1995 2467 2051; x_wconf 79' lang='lat' dir='ltr'><strong>sullieiat</strong></span> 
     </span>
    </p>
   </div>
   <div class='ocr_carea' id='block_1_61' title="bbox 898 2088 2466 2162">
    <p class='ocr_par' dir='ltr' id='par_1_61' title="bbox 898 2088 2466 2162">
     <span class='ocr_line' id='line_1_61' title="bbox 898 2088 2466 2162; baseline -0.004 -15"><span class='ocrx_word' id='word_1_634' title='bbox 898 2110 1064 2148; x_wconf 81' lang='lat' dir='ltr'><strong>unum</strong></span> <span class='ocrx_word' id='word_1_635' title='bbox 1095 2094 1182 2148; x_wconf 88' lang='lat' dir='ltr'><strong>hic</strong></span> <span class='ocrx_word' id='word_1_636' title='bbox 1223 2095 1446 2146; x_wconf 90' lang='lat' dir='ltr'><strong>verbum</strong></span> <span class='ocrx_word' id='word_1_637' title='bbox 1487 2107 1789 2162; x_wconf 84' lang='lat' dir='ltr'><strong>proponere</strong></span> <span class='ocrx_word' id='word_1_638' title='bbox 1832 2090 1976 2161; x_wconf 90' lang='lat' dir='ltr'><strong>quod</strong></span> <span class='ocrx_word' id='word_1_639' title='bbox 2033 2105 2202 2159; x_wconf 90' lang='lat' dir='ltr'><strong>nuper</strong></span> <span class='ocrx_word' id='word_1_640' title='bbox 2235 2089 2302 2143; x_wconf 88' lang='lat' dir='ltr'><strong>ab</strong></span> <span class='ocrx_word' id='word_1_641' title='bbox 2349 2088 2466 2156; x_wconf 83' lang='lat' dir='ltr'><strong>ejus</strong></span> 
     </span>
    </p>
   </div>
   <div class='ocr_carea' id='block_1_62' title="bbox 896 2179 2467 2252">
    <p class='ocr_par' dir='ltr' id='par_1_62' title="bbox 896 2179 2467 2252">
     <span class='ocr_line' id='line_1_62' title="bbox 896 2179 2467 2252; baseline -0.006 -11"><span class='ocrx_word' id='word_1_642' title='bbox 896 2201 990 2241; x_wconf 84' lang='lat' dir='ltr'><strong>ore</strong></span> <span class='ocrx_word' id='word_1_643' title='bbox 1028 2183 1178 2251; x_wconf 89' lang='lat' dir='ltr'><strong>quasi</strong></span> <span class='ocrx_word' id='word_1_644' title='bbox 1216 2182 1546 2252; x_wconf 79' lang='lat' dir='ltr'><strong>negligenter</strong></span> <span class='ocrx_word' id='word_1_645' title='bbox 1574 2182 1787 2245; x_wconf 87' lang='lat' dir='ltr'><strong>cecidit,</strong></span> <span class='ocrx_word' id='word_1_646' title='bbox 1817 2180 1911 2236; x_wconf 84' lang='lat' dir='ltr'><strong>sed</strong></span> <span class='ocrx_word' id='word_1_647' title='bbox 1941 2197 1970 2234; x_wconf 87' lang='lat' dir='ltr'><strong>a</strong></span> <span class='ocrx_word' id='word_1_648' title='bbox 2013 2194 2099 2234; x_wconf 91' lang='lat' dir='ltr'><strong>me</strong></span> <span class='ocrx_word' id='word_1_649' title='bbox 2129 2179 2467 2250; x_wconf 88' lang='lat' dir='ltr'><strong>negligenter</strong></span> 
     </span>
    </p>
   </div>
   <div class='ocr_carea' id='block_1_63' title="bbox 895 2269 2464 2345">
    <p class='ocr_par' dir='ltr' id='par_1_63' title="bbox 895 2269 2464 2345">
     <span class='ocr_line' id='line_1_63' title="bbox 895 2269 2464 2345; baseline -0.006 -13"><span class='ocrx_word' id='word_1_650' title='bbox 895 2277 1071 2334; x_wconf 80' lang='lat' dir='ltr'><strong>audiri</strong></span> <span class='ocrx_word' id='word_1_651' title='bbox 1099 2292 1203 2331; x_wconf 92' lang='lat' dir='ltr'><strong>non</strong></span> <span class='ocrx_word' id='word_1_652' title='bbox 1228 2276 1421 2345; x_wconf 88' lang='lat' dir='ltr'><strong>potuit.</strong></span> <span class='ocrx_word' id='word_1_653' title='bbox 1452 2274 1586 2328; x_wconf 84' lang='lat' dir='ltr'><strong>Nam</strong></span> <span class='ocrx_word' id='word_1_654' title='bbox 1615 2289 1737 2328; x_wconf 92' lang='lat' dir='ltr'><strong>cum</strong></span> <span class='ocrx_word' id='word_1_655' title='bbox 1766 2274 1913 2328; x_wconf 84' lang='lat' dir='ltr'><strong>inter</strong></span> <span class='ocrx_word' id='word_1_656' title='bbox 1940 2281 2136 2328; x_wconf 64' lang='lat' dir='ltr'><strong>caetera</strong></span> <span class='ocrx_word' id='word_1_657' title='bbox 2165 2269 2464 2340; x_wconf 84' lang='lat' dir='ltr'><strong>spirituali-</strong></span> 
     </span>
    </p>
   </div>
   <div class='ocr_carea' id='block_1_64' title="bbox 896 2362 2466 2439">
    <p class='ocr_par' dir='ltr' id='par_1_64' title="bbox 896 2362 2466 2439">
     <span class='ocr_line' id='line_1_64' title="bbox 896 2362 2466 2439; baseline -0.004 -14"><span class='ocrx_word' id='word_1_658' title='bbox 896 2381 979 2439; x_wconf 64' lang='grc' dir='ltr'>ιρι·</span> <span class='ocrx_word' id='word_1_659' title='bbox 1003 2368 1213 2424; x_wconf 90' lang='lat' dir='ltr'><strong>vivendi</strong></span> <span class='ocrx_word' id='word_1_660' title='bbox 1234 2366 1468 2438; x_wconf 88' lang='lat' dir='ltr'><strong>capitula</strong></span> <span class='ocrx_word' id='word_1_661' title='bbox 1489 2367 1718 2422; x_wconf 73' lang='lat' dir='ltr'><strong>solerter</strong></span> <span class='ocrx_word' id='word_1_662' title='bbox 1745 2366 2074 2435; x_wconf 76' lang='lat' dir='ltr'><strong>inquirerem</strong></span> <span class='ocrx_word' id='word_1_663' title='bbox 2108 2381 2120 2418; x_wconf 91' lang='lat'><strong>:</strong></span> <span class='ocrx_word' id='word_1_664' title='bbox 2157 2362 2347 2417; x_wconf 88' lang='lat' dir='ltr'><strong>Utrum</strong></span> <span class='ocrx_word' id='word_1_665' title='bbox 2379 2363 2466 2418; x_wconf 91' lang='lat' dir='ltr'><strong>ille</strong></span> 
     </span>
    </p>
   </div>
   <div class='ocr_carea' id='block_1_65' title="bbox 895 2452 2466 2528">
    <p class='ocr_par' dir='ltr' id='par_1_65' title="bbox 895 2452 2466 2528">
     <span class='ocr_line' id='line_1_65' title="bbox 895 2452 2466 2528; baseline -0.006 -14"><span class='ocrx_word' id='word_1_666' title='bbox 895 2469 1020 2528; x_wconf 86' lang='lat' dir='ltr'><strong>post</strong></span> <span class='ocrx_word' id='word_1_667' title='bbox 1058 2459 1287 2514; x_wconf 87' lang='lat' dir='ltr'><strong>solutum</strong></span> <span class='ocrx_word' id='word_1_668' title='bbox 1311 2467 1584 2513; x_wconf 68' lang='lat' dir='ltr'><strong>nocturnae</strong></span> <span class='ocrx_word' id='word_1_669' title='bbox 1607 2455 1829 2527; x_wconf 84' lang='lat' dir='ltr'><strong>synaxis</strong></span> <span class='ocrx_word' id='word_1_670' title='bbox 1876 2452 2108 2509; x_wconf 81' lang='lat' dir='ltr'><strong>ofﬁcium</strong></span> <span class='ocrx_word' id='word_1_671' title='bbox 2131 2460 2312 2522; x_wconf 83' lang='lat' dir='ltr'><strong>posset</strong></span> <span class='ocrx_word' id='word_1_672' title='bbox 2340 2452 2466 2507; x_wconf 86' lang='lat' dir='ltr'><strong>dor-</strong></span> 
     </span>
    </p>
   </div>
   <div class='ocr_carea' id='block_1_66' title="bbox 897 2544 2457 2615">
    <p class='ocr_par' dir='ltr' id='par_1_66' title="bbox 897 2544 2457 2615">
     <span class='ocr_line' id='line_1_66' title="bbox 897 2544 2457 2615; baseline -0.004 -10"><span class='ocrx_word' id='word_1_673' title='bbox 897 2554 1033 2605; x_wconf 87' lang='lat' dir='ltr'><strong>mire</strong></span> <span class='ocrx_word' id='word_1_674' title='bbox 1081 2551 1123 2604; x_wconf 89' lang='lat' dir='ltr'><strong>si</strong></span> <span class='ocrx_word' id='word_1_675' title='bbox 1165 2549 1342 2615; x_wconf 88' lang='lat' dir='ltr'><strong>vellet,</strong></span> <span class='ocrx_word' id='word_1_676' title='bbox 1399 2551 1499 2604; x_wconf 90' lang='lat' dir='ltr'><strong>hoc</strong></span> <span class='ocrx_word' id='word_1_677' title='bbox 1535 2563 1597 2603; x_wconf 87' lang='lat' dir='ltr'><strong>se</strong></span> <span class='ocrx_word' id='word_1_678' title='bbox 1637 2547 1876 2603; x_wconf 87' lang='lat' dir='ltr'><strong>funditus</strong></span> <span class='ocrx_word' id='word_1_679' title='bbox 1923 2545 2132 2600; x_wconf 89' lang='lat' dir='ltr'><strong>nescire</strong></span> <span class='ocrx_word' id='word_1_680' title='bbox 2159 2544 2457 2614; x_wconf 84' lang='lat' dir='ltr'><strong>perhibuit.</strong></span> 
     </span>
    </p>
   </div>
   <div class='ocr_carea' id='block_1_67' title="bbox 895 2634 2465 2711">
    <p class='ocr_par' dir='ltr' id='par_1_67' title="bbox 895 2634 2465 2711">
     <span class='ocr_line' id='line_1_67' title="bbox 895 2634 2465 2711; baseline -0.005 -15"><span class='ocrx_word' id='word_1_681' title='bbox 895 2641 1139 2711; x_wconf 76' lang='lat' dir='ltr'><strong>Cnrnqne</strong></span> <span class='ocrx_word' id='word_1_682' title='bbox 1162 2639 1394 2708; x_wconf 79' lang='lat' dir='ltr'><strong>idipsmn</strong></span> <span class='ocrx_word' id='word_1_683' title='bbox 1444 2654 1543 2710; x_wconf 85' lang='lat' dir='ltr'><strong>ego</strong></span> <span class='ocrx_word' id='word_1_684' title='bbox 1597 2638 1792 2709; x_wconf 68' lang='lat' dir='ltr'><strong>saepius</strong></span> <span class='ocrx_word' id='word_1_685' title='bbox 1848 2638 2119 2701; x_wconf 86' lang='lat' dir='ltr'><strong>iterarem,</strong></span> <span class='ocrx_word' id='word_1_686' title='bbox 2161 2643 2216 2690; x_wconf 89' lang='lat' dir='ltr'><strong>et</strong></span> <span class='ocrx_word' id='word_1_687' title='bbox 2254 2650 2320 2688; x_wconf 87' lang='lat' dir='ltr'><strong>an</strong></span> <span class='ocrx_word' id='word_1_688' title='bbox 2375 2634 2465 2688; x_wconf 83' lang='lat' dir='ltr'><strong>ille</strong></span> 
     </span>
    </p>
   </div>
   <div class='ocr_carea' id='block_1_68' title="bbox 896 2725 2468 2798">
    <p class='ocr_par' dir='ltr' id='par_1_68' title="bbox 896 2725 2468 2798">
     <span class='ocr_line' id='line_1_68' title="bbox 896 2725 2468 2798; baseline -0.003 -16"><span class='ocrx_word' id='word_1_689' title='bbox 896 2731 1043 2784; x_wconf 88' lang='lat' dir='ltr'><strong>circa</strong></span> <span class='ocrx_word' id='word_1_690' title='bbox 1092 2729 1381 2784; x_wconf 86' lang='lat' dir='ltr'><strong>diluculum</strong></span> <span class='ocrx_word' id='word_1_691' title='bbox 1427 2729 1685 2785; x_wconf 89' lang='lat' dir='ltr'><strong>dormiret</strong></span> <span class='ocrx_word' id='word_1_692' title='bbox 1751 2728 2140 2798; x_wconf 88' lang='lat' dir='ltr'><strong>perquirerem,</strong></span> <span class='ocrx_word' id='word_1_693' title='bbox 2188 2725 2468 2796; x_wconf 86' lang='lat' dir='ltr'><strong>respondit</strong></span> 
     </span>
    </p>
   </div>
   <div class='ocr_carea' id='block_1_69' title="bbox 899 2817 2461 2888">
    <p class='ocr_par' dir='ltr' id='par_1_69' title="bbox 899 2817 2461 2888">
     <span class='ocr_line' id='line_1_69' title="bbox 899 2817 2461 2888; baseline -0.003 -16"><span class='ocrx_word' id='word_1_694' title='bbox 899 2820 985 2874; x_wconf 91' lang='lat' dir='ltr'><strong>ille</strong></span> <span class='ocrx_word' id='word_1_695' title='bbox 1040 2833 1098 2874; x_wconf 87' lang='lat' dir='ltr'><strong>se</strong></span> <span class='ocrx_word' id='word_1_696' title='bbox 1149 2820 1250 2875; x_wconf 86' lang='lat' dir='ltr'><strong>hoc</strong></span> <span class='ocrx_word' id='word_1_697' title='bbox 1297 2819 1622 2875; x_wconf 80' lang='lat' dir='ltr'><strong>omnimodis</strong></span> <span class='ocrx_word' id='word_1_698' title='bbox 1671 2819 1960 2888; x_wconf 86' lang='lat' dir='ltr'><strong>ignorare,</strong></span> <span class='ocrx_word' id='word_1_699' title='bbox 2011 2817 2138 2884; x_wconf 69' lang='lat' dir='ltr'><strong>mnia</strong></span> <span class='ocrx_word' id='word_1_700' title='bbox 2188 2831 2461 2884; x_wconf 91' lang='lat' dir='ltr'><strong>nunquam</strong></span> 
     </span>
    </p>
   </div>
   <div class='ocr_carea' id='block_1_70' title="bbox 899 2906 2464 2977">
    <p class='ocr_par' dir='ltr' id='par_1_70' title="bbox 899 2906 2464 2977">
     <span class='ocr_line' id='line_1_70' title="bbox 899 2906 2464 2977; baseline -0.002 -16"><span class='ocrx_word' id='word_1_701' title='bbox 899 2908 1118 2976; x_wconf 86' lang='lat' dir='ltr'><strong>penitus</strong></span> <span class='ocrx_word' id='word_1_702' title='bbox 1143 2918 1401 2977; x_wconf 80' lang='lat' dir='ltr'><strong>expertus</strong></span> <span class='ocrx_word' id='word_1_703' title='bbox 1425 2911 1589 2961; x_wconf 82' lang='lat' dir='ltr'><strong>esset.</strong></span> <span class='ocrx_word' id='word_1_704' title='bbox 1643 2906 1931 2975; x_wconf 70' lang='lat' dir='ltr'><strong>Subiunxit</strong></span> <span class='ocrx_word' id='word_1_705' title='bbox 1950 2907 2112 2962; x_wconf 80' lang='lat' dir='ltr'><strong>etiam</strong></span> <span class='ocrx_word' id='word_1_706' title='bbox 2152 2921 2210 2960; x_wconf 89' lang='lat' dir='ltr'><strong>se</strong></span> <span class='ocrx_word' id='word_1_707' title='bbox 2238 2907 2350 2960; x_wconf 89' lang='lat' dir='ltr'><strong>suis</strong></span> <span class='ocrx_word' id='word_1_708' title='bbox 2378 2921 2464 2959; x_wconf 81' lang='lat' dir='ltr'><strong>as-</strong></span> 
     </span>
    </p>
   </div>
   <div class='ocr_carea' id='block_1_71' title="bbox 898 2994 2462 3067">
    <p class='ocr_par' dir='ltr' id='par_1_71' title="bbox 898 2994 2462 3067">
     <span class='ocr_line' id='line_1_71' title="bbox 898 2994 2462 3067; baseline -0.001 -17"><span class='ocrx_word' id='word_1_709' title='bbox 898 3007 1110 3050; x_wconf 86' lang='lat' dir='ltr'><strong>suetum</strong></span> <span class='ocrx_word' id='word_1_710' title='bbox 1140 2997 1559 3067; x_wconf 86' lang='lat' dir='ltr'><strong>cogitationibus</strong></span> <span class='ocrx_word' id='word_1_711' title='bbox 1594 2996 1920 3064; x_wconf 84' lang='lat' dir='ltr'><strong>respondero</strong></span> <span class='ocrx_word' id='word_1_712' title='bbox 1949 3011 1964 3050; x_wconf 91' lang='lat'><strong>:</strong></span> <span class='ocrx_word' id='word_1_713' title='bbox 1994 2995 2322 3060; x_wconf 82' lang='lat' dir='ltr'><strong>Accidietur,</strong></span> <span class='ocrx_word' id='word_1_714' title='bbox 2377 2994 2462 3048; x_wconf 84' lang='lat' dir='ltr'><strong>in-</strong></span> 
     </span>
    </p>
   </div>
   <div class='ocr_carea' id='block_1_72' title="bbox 897 3084 2462 3155">
    <p class='ocr_par' dir='ltr' id='par_1_72' title="bbox 897 3084 2462 3155">
     <span class='ocr_line' id='line_1_72' title="bbox 897 3084 2462 3155; baseline -0.001 -17"><span class='ocrx_word' id='word_1_715' title='bbox 897 3088 1174 3154; x_wconf 91' lang='lat' dir='ltr'><strong>quit,cor,</strong></span> <span class='ocrx_word' id='word_1_716' title='bbox 1201 3085 1459 3155; x_wconf 88' lang='lat' dir='ltr'><strong>palpitent</strong></span> <span class='ocrx_word' id='word_1_717' title='bbox 1494 3085 1658 3150; x_wconf 88' lang='lat' dir='ltr'><strong>oculi,</strong></span> <span class='ocrx_word' id='word_1_718' title='bbox 1700 3100 1764 3140; x_wconf 87' lang='lat' dir='ltr'><strong>os</strong></span> <span class='ocrx_word' id='word_1_719' title='bbox 1816 3099 1915 3154; x_wconf 91' lang='lat' dir='ltr'><strong>per</strong></span> <span class='ocrx_word' id='word_1_720' title='bbox 1957 3085 2148 3140; x_wconf 90' lang='lat' dir='ltr'><strong>crebra</strong></span> <span class='ocrx_word' id='word_1_721' title='bbox 2196 3084 2462 3139; x_wconf 87' lang='lat' dir='ltr'><strong>balaustia</strong></span> 
     </span>
    </p>
   </div>
   <div class='ocr_carea' id='block_1_73' title="bbox 897 3174 2535 3269">
    <p class='ocr_par' dir='ltr' id='par_1_73' title="bbox 897 3174 2535 3269">
     <span class='ocr_line' id='line_1_73' title="bbox 897 3174 2535 3269; baseline 0.001 -41"><span class='ocrx_word' id='word_1_722' title='bbox 897 3175 1120 3242; x_wconf 89' lang='lat' dir='ltr'><strong>gannire</strong></span> <span class='ocrx_word' id='word_1_723' title='bbox 1151 3191 1252 3228; x_wconf 92' lang='lat' dir='ltr'><strong>non</strong></span> <span class='ocrx_word' id='word_1_724' title='bbox 1274 3184 1471 3239; x_wconf 84' lang='lat' dir='ltr'><strong>cesset,</strong></span> <span class='ocrx_word' id='word_1_725' title='bbox 1516 3185 1673 3245; x_wconf 91' lang='lat' dir='ltr'><strong>caput</strong></span> <span class='ocrx_word' id='word_1_726' title='bbox 1694 3175 1855 3229; x_wconf 88' lang='lat' dir='ltr'><strong>etiam</strong></span> <span class='ocrx_word' id='word_1_727' title='bbox 1883 3185 2034 3229; x_wconf 90' lang='lat' dir='ltr'><strong>nutet</strong></span> <span class='ocrx_word' id='word_1_728' title='bbox 2082 3183 2137 3230; x_wconf 90' lang='lat' dir='ltr'><strong>et</strong></span> <span class='ocrx_word' id='word_1_729' title='bbox 2160 3177 2212 3228; x_wconf 92' lang='lat' dir='ltr'><strong>in</strong></span> <span class='ocrx_word' id='word_1_730' title='bbox 2237 3175 2342 3228; x_wconf 91' lang='lat' dir='ltr'><strong>ima</strong></span> <span class='ocrx_word' id='word_1_731' title='bbox 2365 3174 2463 3230; x_wconf 88' lang='lat' dir='ltr'><strong>de-</strong></span> <span class='ocrx_word' id='word_1_732' title='bbox 2491 3208 2535 3269; x_wconf 65' lang='grc' dir='ltr'><strong>ρ</strong></span> 
     </span>
    </p>
   </div>
   <div class='ocr_carea' id='block_1_74' title="bbox 898 3265 2457 3336">
    <p class='ocr_par' dir='ltr' id='par_1_74' title="bbox 898 3265 2457 3336">
     <span class='ocr_line' id='line_1_74' title="bbox 898 3265 2457 3336; baseline -0.001 -18"><span class='ocrx_word' id='word_1_733' title='bbox 898 3273 1116 3336; x_wconf 83' lang='lat' dir='ltr'><strong>vergat;</strong></span> <span class='ocrx_word' id='word_1_734' title='bbox 1143 3265 1235 3322; x_wconf 83' lang='lat' dir='ltr'><strong>sed</strong></span> <span class='ocrx_word' id='word_1_735' title='bbox 1258 3266 1383 3335; x_wconf 86' lang='lat' dir='ltr'><strong>quia</strong></span> <span class='ocrx_word' id='word_1_736' title='bbox 1412 3267 1526 3319; x_wconf 63' lang='lat' dir='ltr'><strong>hac</strong></span> <span class='ocrx_word' id='word_1_737' title='bbox 1554 3266 1736 3320; x_wconf 89' lang='lat' dir='ltr'><strong>omnia</strong></span> <span class='ocrx_word' id='word_1_738' title='bbox 1762 3279 1847 3318; x_wconf 91' lang='lat' dir='ltr'><strong>me</strong></span> <span class='ocrx_word' id='word_1_739' title='bbox 1877 3266 2141 3333; x_wconf 84' lang='lat' dir='ltr'><strong>perimere</strong></span> <span class='ocrx_word' id='word_1_740' title='bbox 2163 3273 2457 3332; x_wconf 88' lang='lat' dir='ltr'><strong>nequeunt,</strong></span> 
     </span>
    </p>
   </div>
   <div class='ocr_carea' id='block_1_75' title="bbox 897 3355 2460 3425">
    <p class='ocr_par' dir='ltr' id='par_1_75' title="bbox 897 3355 2460 3425">
     <span class='ocr_line' id='line_1_75' title="bbox 897 3355 2460 3425; baseline 0.001 -17"><span class='ocrx_word' id='word_1_741' title='bbox 897 3356 963 3410; x_wconf 89' lang='lat' dir='ltr'><strong>ad</strong></span> <span class='ocrx_word' id='word_1_742' title='bbox 991 3355 1431 3411; x_wconf 87' lang='lat' dir='ltr'><strong>consentiendum</strong></span> <span class='ocrx_word' id='word_1_743' title='bbox 1461 3356 1619 3424; x_wconf 83' lang='lat' dir='ltr'><strong>bujns</strong></span> <span class='ocrx_word' id='word_1_744' title='bbox 1651 3356 1907 3425; x_wconf 89' lang='lat' dir='ltr'><strong>temporis</strong></span> <span class='ocrx_word' id='word_1_745' title='bbox 1927 3370 2116 3409; x_wconf 89' lang='lat' dir='ltr'><strong>somno</strong></span> <span class='ocrx_word' id='word_1_746' title='bbox 2156 3355 2460 3411; x_wconf 87' lang='lat' dir='ltr'><strong>nullatenus</strong></span> 
     </span>
    </p>
   </div>
   <div class='ocr_carea' id='block_1_76' title="bbox 898 3445 2458 3514">
    <p class='ocr_par' dir='ltr' id='par_1_76' title="bbox 898 3445 2458 3514">
     <span class='ocr_line' id='line_1_76' title="bbox 898 3445 2458 3514; baseline 0.001 -16"><span class='ocrx_word' id='word_1_747' title='bbox 898 3446 1249 3514; x_wconf 84' lang='lat' dir='ltr'><strong>superabunt.</strong></span> <span class='ocrx_word' id='word_1_748' title='bbox 1279 3445 1414 3504; x_wconf 85' lang='lat' dir='ltr'><strong>Nam</strong></span> <span class='ocrx_word' id='word_1_749' title='bbox 1452 3453 1508 3498; x_wconf 88' lang='lat' dir='ltr'><strong>et</strong></span> <span class='ocrx_word' id='word_1_750' title='bbox 1535 3459 1636 3501; x_wconf 91' lang='lat' dir='ltr'><strong>nos</strong></span> <span class='ocrx_word' id='word_1_751' title='bbox 1671 3460 1832 3513; x_wconf 89' lang='lat' dir='ltr'><strong>super</strong></span> <span class='ocrx_word' id='word_1_752' title='bbox 1863 3445 1964 3499; x_wconf 87' lang='lat' dir='ltr'><strong>bac</strong></span> <span class='ocrx_word' id='word_1_753' title='bbox 1990 3459 2047 3499; x_wconf 89' lang='lat' dir='ltr'><strong>re</strong></span> <span class='ocrx_word' id='word_1_754' title='bbox 2067 3445 2356 3500; x_wconf 89' lang='lat' dir='ltr'><strong>distichum</strong></span> <span class='ocrx_word' id='word_1_755' title='bbox 2379 3445 2458 3500; x_wconf 87' lang='lat' dir='ltr'><strong>fe-</strong></span> 
     </span>
    </p>
   </div>
   <div class='ocr_carea' id='block_1_77' title="bbox 897 3533 2457 3604">
    <p class='ocr_par' dir='ltr' id='par_1_77' title="bbox 897 3533 2457 3604">
     <span class='ocr_line' id='line_1_77' title="bbox 897 3533 2457 3604; baseline 0.003 -17"><span class='ocrx_word' id='word_1_756' title='bbox 897 3547 1164 3598; x_wconf 84' lang='lat' dir='ltr'><strong>ceramus,</strong></span> <span class='ocrx_word' id='word_1_757' title='bbox 1191 3533 1330 3604; x_wconf 90' lang='lat' dir='ltr'><strong>quod</strong></span> <span class='ocrx_word' id='word_1_758' title='bbox 1358 3533 1444 3588; x_wconf 88' lang='lat' dir='ltr'><strong>bic</strong></span> <span class='ocrx_word' id='word_1_759' title='bbox 1473 3533 1712 3590; x_wconf 86' lang='lat' dir='ltr'><strong>inserere</strong></span> <span class='ocrx_word' id='word_1_760' title='bbox 1737 3533 1967 3589; x_wconf 86' lang='lat' dir='ltr'><strong>otiosum</strong></span> <span class='ocrx_word' id='word_1_761' title='bbox 1992 3549 2112 3591; x_wconf 85' lang='lat' dir='ltr'><strong>esse</strong></span> <span class='ocrx_word' id='word_1_762' title='bbox 2158 3551 2265 3590; x_wconf 91' lang='lat' dir='ltr'><strong>non</strong></span> <span class='ocrx_word' id='word_1_763' title='bbox 2307 3536 2457 3591; x_wconf 82' lang='lat' dir='ltr'><strong>duci-</strong></span> 
     </span>
    </p>
   </div>
   <div class='ocr_carea' id='block_1_78' title="bbox 901 3639 1053 3678">
    <p class='ocr_par' dir='ltr' id='par_1_78' title="bbox 901 3639 1053 3678">
     <span class='ocr_line' id='line_1_78' title="bbox 901 3639 1053 3678; baseline 0.026 -4"><span class='ocrx_word' id='word_1_764' title='bbox 901 3639 1019 3678; x_wconf 71' lang='grc' dir='ltr'>ιηιιε</span> <span class='ocrx_word' id='word_1_765' title='bbox 1038 3641 1053 3677; x_wconf 72' lang='grc' dir='ltr'><strong>ἓ</strong></span> 
     </span>
    </p>
   </div>
   <div class='ocr_carea' id='block_1_79' title="bbox 899 3712 2460 3790">
    <p class='ocr_par' dir='ltr' id='par_1_79' title="bbox 899 3712 2460 3790">
     <span class='ocr_line' id='line_1_79' title="bbox 899 3712 2460 3790; baseline -0.001 -19"><span class='ocrx_word' id='word_1_766' title='bbox 899 3714 1063 3784; x_wconf 75' lang='lat'><strong>730</strong></span> <span class='ocrx_word' id='word_1_767' title='bbox 1099 3712 1212 3769; x_wconf 86' lang='lat' dir='ltr'><strong>Non</strong></span> <span class='ocrx_word' id='word_1_768' title='bbox 1239 3729 1496 3771; x_wconf 82' lang='lat' dir='ltr'><strong>canonem</strong></span> <span class='ocrx_word' id='word_1_769' title='bbox 1522 3715 1716 3782; x_wconf 81' lang='lat' dir='ltr'><strong>solvit,</strong></span> <span class='ocrx_word' id='word_1_770' title='bbox 1746 3715 1836 3790; x_wconf 89' lang='lat' dir='ltr'><strong>qui</strong></span> <span class='ocrx_word' id='word_1_771' title='bbox 1875 3714 2107 3785; x_wconf 85' lang='lat' dir='ltr'><strong>psallens</strong></span> <span class='ocrx_word' id='word_1_772' title='bbox 2154 3726 2311 3770; x_wconf 87' lang='lat' dir='ltr'><strong>nocte</strong></span> <span class='ocrx_word' id='word_1_773' title='bbox 2374 3733 2460 3771; x_wconf 91' lang='lat' dir='ltr'><strong>re-</strong></span> 
     </span>
    </p>
   </div>
   <div class='ocr_carea' id='block_1_80' title="bbox 2105 3806 2385 3878">
    <p class='ocr_par' dir='ltr' id='par_1_80' title="bbox 2105 3806 2385 3878">
     <span class='ocr_line' id='line_1_80' title="bbox 2105 3806 2385 3878; baseline -0.004 -17"><span class='ocrx_word' id='word_1_774' title='bbox 2105 3806 2124 3878; x_wconf 94' lang='lat'><strong>[</strong></span> <span class='ocrx_word' id='word_1_775' title='bbox 2154 3807 2352 3866; x_wconf 78' lang='lat' dir='ltr'><strong>dormit</strong></span> <span class='ocrx_word' id='word_1_776' title='bbox 2371 3824 2385 3860; x_wconf 89' lang='lat'><strong>:</strong></span> 
     </span>
    </p>
   </div>
   <div class='ocr_carea' id='block_1_81' title="bbox 898 3893 2452 3967">
    <p class='ocr_par' dir='ltr' id='par_1_81' title="bbox 898 3893 2452 3967">
     <span class='ocr_line' id='line_1_81' title="bbox 898 3893 2452 3967; baseline 0.003 -20"><span class='ocrx_word' id='word_1_777' title='bbox 898 3893 974 3948; x_wconf 81' lang='lat' dir='ltr'><strong>Ne</strong></span> <span class='ocrx_word' id='word_1_778' title='bbox 1006 3903 1186 3950; x_wconf 89' lang='lat' dir='ltr'><strong>tamen</strong></span> <span class='ocrx_word' id='word_1_779' title='bbox 1219 3897 1322 3951; x_wconf 85' lang='lat' dir='ltr'><strong>hoc</strong></span> <span class='ocrx_word' id='word_1_780' title='bbox 1365 3897 1563 3964; x_wconf 85' lang='lat' dir='ltr'><strong>passim</strong></span> <span class='ocrx_word' id='word_1_781' title='bbox 1602 3907 1767 3966; x_wconf 88' lang='lat' dir='ltr'><strong>ponat</strong></span> <span class='ocrx_word' id='word_1_782' title='bbox 1815 3904 1976 3965; x_wconf 85' lang='lat' dir='ltr'><strong>caput</strong></span> <span class='ocrx_word' id='word_1_783' title='bbox 2021 3906 2147 3953; x_wconf 86' lang='lat' dir='ltr'><strong>ante</strong></span> <span class='ocrx_word' id='word_1_784' title='bbox 2187 3899 2452 3967; x_wconf 80' lang='lat' dir='ltr'><strong>synaxim.</strong></span> 
     </span>
    </p>
   </div>
   <div class='ocr_carea' id='block_1_82' title="bbox 899 3982 2456 4041">
    <p class='ocr_par' dir='ltr' id='par_1_82' title="bbox 899 3982 2456 4041">
     <span class='ocr_line' id='line_1_82' title="bbox 899 3982 2456 4041; baseline 0.003 -4"><span class='ocrx_word' id='word_1_785' title='bbox 899 3982 1004 4037; x_wconf 86' lang='lat' dir='ltr'><strong>Sed</strong></span> <span class='ocrx_word' id='word_1_786' title='bbox 1046 3983 1150 4037; x_wconf 87' lang='lat' dir='ltr'><strong>heu</strong></span> <span class='ocrx_word' id='word_1_787' title='bbox 1194 3999 1280 4038; x_wconf 88' lang='lat' dir='ltr'><strong>me</strong></span> <span class='ocrx_word' id='word_1_788' title='bbox 1328 3984 1614 4038; x_wconf 87' lang='lat' dir='ltr'><strong>miserum!</strong></span> <span class='ocrx_word' id='word_1_789' title='bbox 1659 3985 1761 4040; x_wconf 88' lang='lat' dir='ltr'><strong>hoc</strong></span> <span class='ocrx_word' id='word_1_790' title='bbox 1803 3985 1946 4041; x_wconf 81' lang='lat' dir='ltr'><strong>inter</strong></span> <span class='ocrx_word' id='word_1_791' title='bbox 1983 3999 2070 4039; x_wconf 88' lang='lat' dir='ltr'><strong>me</strong></span> <span class='ocrx_word' id='word_1_792' title='bbox 2107 3994 2165 4041; x_wconf 91' lang='lat' dir='ltr'><strong>et</strong></span> <span class='ocrx_word' id='word_1_793' title='bbox 2201 3987 2456 4041; x_wconf 66' lang='lat' dir='ltr'><strong>domuum</strong></span> 
     </span>
    </p>
   </div>
   <div class='ocr_carea' id='block_1_83' title="bbox 898 4071 2454 4142">
    <p class='ocr_par' dir='ltr' id='par_1_83' title="bbox 898 4071 2454 4142">
     <span class='ocr_line' id='line_1_83' title="bbox 898 4071 2454 4142; baseline 0.002 -16"><span class='ocrx_word' id='word_1_794' title='bbox 898 4071 1161 4136; x_wconf 85' lang='lat' dir='ltr'><strong>Leonem,</strong></span> <span class='ocrx_word' id='word_1_795' title='bbox 1199 4073 1341 4142; x_wconf 85' lang='lat' dir='ltr'><strong>quod</strong></span> <span class='ocrx_word' id='word_1_796' title='bbox 1389 4073 1530 4127; x_wconf 89' lang='lat' dir='ltr'><strong>inter</strong></span> <span class='ocrx_word' id='word_1_797' title='bbox 1557 4074 1904 4129; x_wconf 87' lang='lat' dir='ltr'><strong>fortissimum</strong></span> <span class='ocrx_word' id='word_1_798' title='bbox 1936 4073 2104 4129; x_wconf 87' lang='lat' dir='ltr'><strong>David</strong></span> <span class='ocrx_word' id='word_1_799' title='bbox 2141 4083 2196 4129; x_wconf 88' lang='lat' dir='ltr'><strong>et</strong></span> <span class='ocrx_word' id='word_1_800' title='bbox 2226 4075 2454 4130; x_wconf 86' lang='lat' dir='ltr'><strong>delirum</strong></span> 
     </span>
    </p>
   </div>
   <div class='ocr_carea' id='block_1_84' title="bbox 889 5035 4134 5121">
    <p class='ocr_par' dir='ltr' id='par_1_84' title="bbox 889 5035 4134 5121">
     <span class='ocr_line' id='line_1_84' title="bbox 889 5035 4134 5121; baseline -0.004 -22"><span class='ocrx_word' id='word_1_801' title='bbox 889 5046 1063 5118; x_wconf 84' lang='lat' dir='ltr'><strong>ipsum</strong></span> <span class='ocrx_word' id='word_1_802' title='bbox 1101 5049 1282 5103; x_wconf 86' lang='lat' dir='ltr'><strong>mundi</strong></span> <span class='ocrx_word' id='word_1_803' title='bbox 1319 5050 1615 5118; x_wconf 72' lang='lat' dir='ltr'><strong>principem</strong></span> <span class='ocrx_word' id='word_1_804' title='bbox 1646 5051 2073 5121; x_wconf 66' lang='grc' dir='ltr'><strong>ῃιιίιοερριιεηάο</strong></span> <span class='ocrx_word' id='word_1_805' title='bbox 2111 5051 2336 5105; x_wconf 53' lang='lat' dir='ltr'><strong>deludit,</strong></span> <span class='ocrx_word' id='word_1_806' title='bbox 2553 5046 2637 5090; x_wconf 90' lang='lat' dir='ltr'><strong>est</strong></span> <span class='ocrx_word' id='word_1_807' title='bbox 2673 5045 2826 5089; x_wconf 65' lang='lat' dir='ltr'><strong>orem</strong></span> <span class='ocrx_word' id='word_1_808' title='bbox 2868 5035 2998 5088; x_wconf 86' lang='lat' dir='ltr'><strong>dare</strong></span> <span class='ocrx_word' id='word_1_809' title='bbox 3047 5049 3207 5102; x_wconf 82' lang='lat' dir='ltr'><strong>qttam</strong></span> <span class='ocrx_word' id='word_1_810' title='bbox 3252 5036 3460 5088; x_wconf 88' lang='lat' dir='ltr'><strong>fructus</strong></span> <span class='ocrx_word' id='word_1_811' title='bbox 3509 5035 3659 5099; x_wconf 90' lang='lat' dir='ltr'><strong>ovis,</strong></span> <span class='ocrx_word' id='word_1_812' title='bbox 3700 5035 3775 5090; x_wconf 91' lang='lat' dir='ltr'><strong>ita</strong></span> <span class='ocrx_word' id='word_1_813' title='bbox 3806 5035 4134 5095; x_wconf 77' lang='lat' dir='ltr'><strong>laudabilius</strong></span> 
     </span>
    </p>
   </div>
   <div class='ocr_carea' id='block_1_85' title="bbox 1451 5123 4136 5196">
    <p class='ocr_par' dir='ltr' id='par_1_85' title="bbox 1451 5123 4136 5196">
     <span class='ocr_line' id='line_1_85' title="bbox 1451 5123 4136 5196; baseline -0.001 -9"><span class='ocrx_word' id='word_1_814' title='bbox 1451 5140 1676 5196; x_wconf 76' lang='lat' dir='ltr'><strong>CAPUT</strong></span> <span class='ocrx_word' id='word_1_815' title='bbox 1739 5142 1870 5196; x_wconf 68' lang='grc' dir='ltr'><strong>νηί,</strong></span> <span class='ocrx_word' id='word_1_816' title='bbox 2553 5134 2636 5179; x_wconf 85' lang='lat' dir='ltr'><strong>est</strong></span> <span class='ocrx_word' id='word_1_817' title='bbox 2661 5133 2825 5178; x_wconf 86' lang='lat' dir='ltr'><strong>totam</strong></span> <span class='ocrx_word' id='word_1_818' title='bbox 2856 5132 3029 5178; x_wconf 88' lang='lat' dir='ltr'><strong>artem</strong></span> <span class='ocrx_word' id='word_1_819' title='bbox 3067 5124 3175 5178; x_wconf 87' lang='lat' dir='ltr'><strong>Deo</strong></span> <span class='ocrx_word' id='word_1_820' title='bbox 3225 5123 3384 5176; x_wconf 88' lang='lat' dir='ltr'><strong>simul</strong></span> <span class='ocrx_word' id='word_1_821' title='bbox 3437 5123 3651 5186; x_wconf 83' lang='lat' dir='ltr'><strong>offerre,</strong></span> <span class='ocrx_word' id='word_1_822' title='bbox 3707 5140 3870 5194; x_wconf 88' lang='lat' dir='ltr'><strong>quam</strong></span> <span class='ocrx_word' id='word_1_823' title='bbox 3923 5125 4136 5183; x_wconf 80' lang='lat' dir='ltr'><strong>fructus</strong></span> 
     </span>
    </p>
   </div>
   <div class='ocr_carea' id='block_1_86' title="bbox 890 5213 4134 5301">
    <p class='ocr_par' dir='ltr' id='par_1_86' title="bbox 890 5213 4134 5301">
     <span class='ocr_line' id='line_1_86' title="bbox 890 5213 4134 5301; baseline 0.001 -21"><span class='ocrx_word' id='word_1_824' title='bbox 890 5225 1043 5290; x_wconf 74' lang='lat' dir='ltr'><strong>Quod</strong></span> <span class='ocrx_word' id='word_1_825' title='bbox 1074 5226 1336 5282; x_wconf 64' lang='lat' dir='ltr'><strong>adDeum</strong></span> <span class='ocrx_word' id='word_1_826' title='bbox 1399 5231 1695 5301; x_wconf 74' lang='lat' dir='ltr'><strong>accedentes</strong></span> <span class='ocrx_word' id='word_1_827' title='bbox 1733 5233 1973 5286; x_wconf 67' lang='lat' dir='ltr'><strong>fauillam&quot;:</strong></span> <span class='ocrx_word' id='word_1_828' title='bbox 2016 5233 2302 5301; x_wconf 75' lang='lat' dir='ltr'><strong>disciplinis</strong></span> <span class='ocrx_word' id='word_1_829' title='bbox 2349 5238 2450 5286; x_wconf 73' lang='lat' dir='ltr'><strong>non</strong></span> <span class='ocrx_word' id='word_1_830' title='bbox 2555 5215 2706 5268; x_wconf 68' lang='grc' dir='ltr'><strong>πίίδο</strong></span> <span class='ocrx_word' id='word_1_831' title='bbox 2756 5213 2998 5268; x_wconf 45' lang='lat' dir='ltr'><strong>unum“</strong></span> <span class='ocrx_word' id='word_1_832' title='bbox 3022 5213 3203 5267; x_wconf 49' lang='lat'><strong>(33333&quot;</strong></span> <span class='ocrx_word' id='word_1_833' title='bbox 3240 5222 3294 5266; x_wconf 71' lang='grc' dir='ltr'><strong>εί</strong></span> <span class='ocrx_word' id='word_1_834' title='bbox 3340 5213 3578 5268; x_wconf 57' lang='lat' dir='ltr'><strong>Donatus</strong></span> <span class='ocrx_word' id='word_1_835' title='bbox 3610 5222 3818 5284; x_wconf 55' lang='lat' dir='ltr'><strong>martyr</strong></span> <span class='ocrx_word' id='word_1_836' title='bbox 3857 5230 3963 5270; x_wconf 76' lang='grc' dir='ltr'><strong>υηο</strong></span> <span class='ocrx_word' id='word_1_837' title='bbox 3994 5223 4134 5269; x_wconf 74' lang='grc' dir='ltr'>ιθηιο</span> 
     </span>
    </p>
   </div>
   <div class='ocr_carea' id='block_1_87' title="bbox 1520 5300 4132 5374">
    <p class='ocr_par' dir='ltr' id='par_1_87' title="bbox 1520 5300 4132 5374">
     <span class='ocr_line' id='line_1_87' title="bbox 1520 5300 4132 5374; baseline 0.003 -22"><span class='ocrx_word' id='word_1_838' title='bbox 1520 5300 1770 5369; x_wconf 79' lang='lat' dir='ltr'><strong>indigent.</strong></span> <span class='ocrx_word' id='word_1_839' title='bbox 2150 5300 2153 5301; x_wconf 55' lang='grc'><strong><em>⁷</em></strong></span> <span class='ocrx_word' id='word_1_840' title='bbox 2553 5320 2688 5374; x_wconf 88' lang='lat' dir='ltr'><strong>pore</strong></span> <span class='ocrx_word' id='word_1_841' title='bbox 2712 5304 3033 5358; x_wconf 90' lang='lat' dir='ltr'><strong>didicerunt.</strong></span> <span class='ocrx_word' id='word_1_842' title='bbox 3062 5303 3233 5357; x_wconf 85' lang='lat' dir='ltr'><strong>Etille</strong></span> <span class='ocrx_word' id='word_1_843' title='bbox 3250 5304 3466 5372; x_wconf 89' lang='lat' dir='ltr'><strong>quidem</strong></span> <span class='ocrx_word' id='word_1_844' title='bbox 3498 5305 3797 5373; x_wconf 88' lang='lat' dir='ltr'><strong>permansit</strong></span> <span class='ocrx_word' id='word_1_845' title='bbox 3828 5304 3881 5358; x_wconf 89' lang='lat' dir='ltr'><strong>in</strong></span> <span class='ocrx_word' id='word_1_846' title='bbox 3918 5304 4132 5369; x_wconf 86' lang='lat' dir='ltr'><strong>studiis,</strong></span> 
     </span>
    </p>
   </div>
   <div class='ocr_carea' id='block_1_88' title="bbox 955 5394 4136 5480">
    <p class='ocr_par' dir='ltr' id='par_1_88' title="bbox 955 5394 4136 5480">
     <span class='ocr_line' id='line_1_88' title="bbox 955 5394 4136 5480; baseline 0.001 -32"><span class='ocrx_word' id='word_1_847' title='bbox 955 5406 1242 5472; x_wconf 53' lang='lat' dir='ltr'><strong>Quocirca.</strong></span> <span class='ocrx_word' id='word_1_848' title='bbox 1283 5409 1598 5464; x_wconf 52' lang='lat' dir='ltr'><strong>dilectisime</strong></span> <span class='ocrx_word' id='word_1_849' title='bbox 1621 5410 1714 5474; x_wconf 51' lang='lat' dir='ltr'><strong>mi,</strong></span> <span class='ocrx_word' id='word_1_850' title='bbox 1770 5410 1874 5465; x_wconf 77' lang='grc' dir='ltr'><strong>ηοιί</strong></span> <span class='ocrx_word' id='word_1_851' title='bbox 1904 5411 2204 5480; x_wconf 59' lang='lat' dir='ltr'><strong>huiusmodi</strong></span> <span class='ocrx_word' id='word_1_852' title='bbox 2238 5413 2450 5480; x_wconf 62' lang='lat' dir='ltr'><strong>sapic&quot;-</strong></span> <span class='ocrx_word' id='word_1_853' title='bbox 2557 5397 2645 5451; x_wconf 89' lang='lat' dir='ltr'><strong>hic</strong></span> <span class='ocrx_word' id='word_1_854' title='bbox 2676 5405 2891 5450; x_wconf 90' lang='lat' dir='ltr'><strong>secutus</strong></span> <span class='ocrx_word' id='word_1_855' title='bbox 2916 5404 3000 5449; x_wconf 89' lang='lat' dir='ltr'><strong>est</strong></span> <span class='ocrx_word' id='word_1_856' title='bbox 3039 5395 3264 5464; x_wconf 88' lang='lat' dir='ltr'><strong>vestigia</strong></span> <span class='ocrx_word' id='word_1_857' title='bbox 3294 5397 3560 5450; x_wconf 87' lang='lat' dir='ltr'><strong>veritatis.</strong></span> <span class='ocrx_word' id='word_1_858' title='bbox 3588 5395 3694 5451; x_wconf 85' lang='lat' dir='ltr'><strong>Sed</strong></span> <span class='ocrx_word' id='word_1_859' title='bbox 3726 5394 3815 5450; x_wconf 89' lang='lat' dir='ltr'><strong>ille</strong></span> <span class='ocrx_word' id='word_1_860' title='bbox 3835 5397 3888 5450; x_wconf 91' lang='lat' dir='ltr'><strong>in</strong></span> <span class='ocrx_word' id='word_1_861' title='bbox 3916 5396 4136 5465; x_wconf 85' lang='lat' dir='ltr'><strong>sapien-</strong></span> 
     </span>
    </p>
   </div>
   <div class='ocr_carea' id='block_1_89' title="bbox 890 5484 4132 5566">
    <p class='ocr_par' dir='ltr' id='par_1_89' title="bbox 890 5484 4132 5566">
     <span class='ocr_line' id='line_1_89' title="bbox 890 5484 4132 5566; baseline -0.001 -21"><span class='ocrx_word' id='word_1_862' title='bbox 890 5493 1013 5545; x_wconf 89' lang='lat' dir='ltr'><strong>tiam</strong></span> <span class='ocrx_word' id='word_1_863' title='bbox 1064 5511 1337 5563; x_wconf 70' lang='lat' dir='ltr'><strong>quaerere,</strong></span> <span class='ocrx_word' id='word_1_864' title='bbox 1398 5511 1515 5564; x_wconf 65' lang='lat' dir='ltr'><strong>quae</strong></span> <span class='ocrx_word' id='word_1_865' title='bbox 1569 5497 1660 5550; x_wconf 88' lang='lat' dir='ltr'><strong>tibi</strong></span> <span class='ocrx_word' id='word_1_866' title='bbox 1715 5497 1873 5552; x_wconf 90' lang='lat' dir='ltr'><strong>simul</strong></span> <span class='ocrx_word' id='word_1_867' title='bbox 1932 5513 2051 5551; x_wconf 89' lang='lat' dir='ltr'><strong>cum</strong></span> <span class='ocrx_word' id='word_1_868' title='bbox 2113 5501 2356 5566; x_wconf 87' lang='lat' dir='ltr'><strong>reprobis</strong></span> <span class='ocrx_word' id='word_1_869' title='bbox 2399 5510 2452 5552; x_wconf 66' lang='lat' dir='ltr'><strong>ei</strong></span> <span class='ocrx_word' id='word_1_870' title='bbox 2558 5490 2631 5541; x_wconf 89' lang='lat' dir='ltr'><strong>tia</strong></span> <span class='ocrx_word' id='word_1_871' title='bbox 2662 5503 2759 5540; x_wconf 89' lang='lat' dir='ltr'><strong>sua</strong></span> <span class='ocrx_word' id='word_1_872' title='bbox 2794 5494 2899 5540; x_wconf 89' lang='lat' dir='ltr'><strong>tam</strong></span> <span class='ocrx_word' id='word_1_873' title='bbox 2947 5485 3177 5540; x_wconf 84' lang='lat' dir='ltr'><strong>feliciter</strong></span> <span class='ocrx_word' id='word_1_874' title='bbox 3203 5484 3403 5550; x_wconf 81' lang='lat' dir='ltr'><strong>ﬂoruit,</strong></span> <span class='ocrx_word' id='word_1_875' title='bbox 3455 5494 3515 5540; x_wconf 91' lang='lat' dir='ltr'><strong>ut</strong></span> <span class='ocrx_word' id='word_1_876' title='bbox 3567 5496 3691 5542; x_wconf 91' lang='lat' dir='ltr'><strong>octo</strong></span> <span class='ocrx_word' id='word_1_877' title='bbox 3739 5486 3907 5541; x_wconf 89' lang='lat' dir='ltr'><strong>libros</strong></span> <span class='ocrx_word' id='word_1_878' title='bbox 3941 5494 4132 5541; x_wconf 88' lang='lat' dir='ltr'><strong>contra</strong></span> 
     </span>
    </p>
   </div>
   <div class='ocr_carea' id='block_1_90' title="bbox 888 5578 4133 5652">
    <p class='ocr_par' dir='ltr' id='par_1_90' title="bbox 888 5578 4133 5652">
     <span class='ocr_line' id='line_1_90' title="bbox 888 5578 4133 5652; baseline 0 -19"><span class='ocrx_word' id='word_1_879' title='bbox 888 5581 1174 5649; x_wconf 82' lang='lat' dir='ltr'><strong>gentilibus</strong></span> <span class='ocrx_word' id='word_1_880' title='bbox 1200 5584 1374 5636; x_wconf 80' lang='lat' dir='ltr'><strong>valeat</strong></span> <span class='ocrx_word' id='word_1_881' title='bbox 1403 5586 1710 5638; x_wconf 87' lang='lat' dir='ltr'><strong>convenire.</strong></span> <span class='ocrx_word' id='word_1_882' title='bbox 1745 5585 1879 5652; x_wconf 85' lang='lat' dir='ltr'><strong>Quis</strong></span> <span class='ocrx_word' id='word_1_883' title='bbox 1923 5588 2068 5640; x_wconf 90' lang='lat' dir='ltr'><strong>enim</strong></span> <span class='ocrx_word' id='word_1_884' title='bbox 2091 5589 2342 5640; x_wconf 86' lang='lat' dir='ltr'><strong>accendit</strong></span> <span class='ocrx_word' id='word_1_885' title='bbox 2373 5589 2451 5641; x_wconf 89' lang='lat' dir='ltr'><strong>lu-</strong></span> <span class='ocrx_word' id='word_1_886' title='bbox 2552 5580 2801 5635; x_wconf 71' lang='lat' dir='ltr'><strong>Galilreos</strong></span> <span class='ocrx_word' id='word_1_887' title='bbox 2835 5580 2936 5649; x_wconf 88' lang='lat' dir='ltr'><strong>(sic</strong></span> <span class='ocrx_word' id='word_1_888' title='bbox 2978 5580 3122 5634; x_wconf 85' lang='lat' dir='ltr'><strong>enim</strong></span> <span class='ocrx_word' id='word_1_889' title='bbox 3144 5578 3484 5634; x_wconf 85' lang='lat' dir='ltr'><strong>Christianos</strong></span> <span class='ocrx_word' id='word_1_890' title='bbox 3529 5580 3611 5634; x_wconf 86' lang='lat' dir='ltr'><strong>vel</strong></span> <span class='ocrx_word' id='word_1_891' title='bbox 3641 5579 3916 5649; x_wconf 78' lang='lat' dir='ltr'><strong>apostolos</strong></span> <span class='ocrx_word' id='word_1_892' title='bbox 3947 5580 4133 5651; x_wconf 88' lang='lat' dir='ltr'><strong>vocat)</strong></span> 
     </span>
    </p>
   </div>
   <div class='ocr_carea' id='block_1_91' title="bbox 889 5669 4130 5743">
    <p class='ocr_par' dir='ltr' id='par_1_91' title="bbox 889 5669 4130 5743">
     <span class='ocr_line' id='line_1_91' title="bbox 889 5669 4130 5743; baseline 0.001 -21"><span class='ocrx_word' id='word_1_893' title='bbox 889 5683 1137 5732; x_wconf 83' lang='lat' dir='ltr'><strong>cernam,</strong></span> <span class='ocrx_word' id='word_1_894' title='bbox 1177 5681 1233 5725; x_wconf 91' lang='lat' dir='ltr'><strong>ut</strong></span> <span class='ocrx_word' id='word_1_895' title='bbox 1272 5672 1446 5727; x_wconf 83' lang='lat' dir='ltr'><strong>videat</strong></span> <span class='ocrx_word' id='word_1_896' title='bbox 1479 5675 1680 5728; x_wconf 82' lang='lat' dir='ltr'><strong>solem?</strong></span> <span class='ocrx_word' id='word_1_897' title='bbox 1720 5677 1840 5743; x_wconf 87' lang='lat' dir='ltr'><strong>quis</strong></span> <span class='ocrx_word' id='word_1_898' title='bbox 1897 5676 2198 5730; x_wconf 86' lang='lat' dir='ltr'><strong>scolacibus</strong></span> <span class='ocrx_word' id='word_1_899' title='bbox 2255 5678 2424 5729; x_wconf 89' lang='lat' dir='ltr'><strong>utitur</strong></span> <span class='ocrx_word' id='word_1_900' title='bbox 2553 5682 2606 5727; x_wconf 91' lang='lat' dir='ltr'><strong>et</strong></span> <span class='ocrx_word' id='word_1_901' title='bbox 2660 5672 3004 5740; x_wconf 78' lang='lat' dir='ltr'><strong>Evangelium</strong></span> <span class='ocrx_word' id='word_1_902' title='bbox 3058 5671 3352 5734; x_wconf 87' lang='lat' dir='ltr'><strong>scriberet;</strong></span> <span class='ocrx_word' id='word_1_903' title='bbox 3383 5669 3628 5726; x_wconf 82' lang='lat' dir='ltr'><strong>Donatus</strong></span> <span class='ocrx_word' id='word_1_904' title='bbox 3656 5680 3837 5726; x_wconf 84' lang='lat' dir='ltr'><strong>autem</strong></span> <span class='ocrx_word' id='word_1_905' title='bbox 3870 5671 4130 5740; x_wconf 86' lang='lat' dir='ltr'><strong>desipuit,</strong></span> 
     </span>
    </p>
   </div>
   <div class='ocr_carea' id='block_1_92' title="bbox 889 5758 4132 5835">
    <p class='ocr_par' dir='ltr' id='par_1_92' title="bbox 889 5758 4132 5835">
     <span class='ocr_line' id='line_1_92' title="bbox 889 5758 4132 5835; baseline 0.002 -25"><span class='ocrx_word' id='word_1_906' title='bbox 889 5766 944 5810; x_wconf 89' lang='lat' dir='ltr'><strong>ut</strong></span> <span class='ocrx_word' id='word_1_907' title='bbox 969 5758 1242 5813; x_wconf 83' lang='lat' dir='ltr'><strong>stellarum</strong></span> <span class='ocrx_word' id='word_1_908' title='bbox 1303 5762 1607 5817; x_wconf 78' lang='lat' dir='ltr'><strong>micantium</strong></span> <span class='ocrx_word' id='word_1_909' title='bbox 1655 5765 1830 5818; x_wconf 89' lang='lat' dir='ltr'><strong>videat</strong></span> <span class='ocrx_word' id='word_1_910' title='bbox 1867 5766 2213 5820; x_wconf 80' lang='lat' dir='ltr'><strong>claritatem?</strong></span> <span class='ocrx_word' id='word_1_911' title='bbox 2240 5766 2312 5819; x_wconf 84' lang='lat' dir='ltr'><strong>Ita</strong></span> <span class='ocrx_word' id='word_1_912' title='bbox 2353 5768 2442 5834; x_wconf 84' lang='lat' dir='ltr'><strong>qui</strong></span> <span class='ocrx_word' id='word_1_913' title='bbox 2552 5774 2610 5818; x_wconf 88' lang='lat' dir='ltr'><strong>ut</strong></span> <span class='ocrx_word' id='word_1_914' title='bbox 2642 5764 2861 5819; x_wconf 77' lang='lat' dir='ltr'><strong>caeleste</strong></span> <span class='ocrx_word' id='word_1_915' title='bbox 2892 5763 3162 5833; x_wconf 82' lang='lat' dir='ltr'><strong>fastigium</strong></span> <span class='ocrx_word' id='word_1_916' title='bbox 3189 5778 3312 5818; x_wconf 90' lang='lat' dir='ltr'><strong>cum</strong></span> <span class='ocrx_word' id='word_1_917' title='bbox 3360 5763 3705 5834; x_wconf 87' lang='lat' dir='ltr'><strong>triumphalis</strong></span> <span class='ocrx_word' id='word_1_918' title='bbox 3730 5763 3976 5831; x_wconf 76' lang='lat' dir='ltr'><strong>martyrii</strong></span> <span class='ocrx_word' id='word_1_919' title='bbox 4016 5763 4132 5835; x_wconf 82' lang='lat' dir='ltr'><strong>glo-</strong></span> 
     </span>
    </p>
   </div>
  </div>
