5882 6652
9 6350 915 6550 μ

10 0 2727 240 *εν-κ

2543 498 2644 554 705

2998 496 3282 555 S..PETlll
3311 494 3590 552 DAIIANI
3621 493 3770 551 OPP.
3811 492 4046 551 TOMUS
4085 493 4214 550 SEU
4245 492 4425 551 PARS
4463 492 4549 548 Ill.
4581 522 4649 535 —
4671 492 5032 552 OPUSCULA
5068 492 5289 550 \‘ARIA.

5646 496 5730 553 τοι

2544 629 2621 665 ria
2644 618 2972 681 penetraret.
3000 607 3233 663 Joannes
3292 606 3623 675 evangelista
3663 609 3803 672 apud
3844 602 4100 659 saeculum
4134 612 4177 670 Α
4204 616 4322 657 eam
4353 610 4552 671 legere,
4574 605 4713 670 quod
4741 606 4906 657 Deum
4938 617 5153 673 negare.
5194 606 5251 658 bi
5296 618 5423 673 ergo
5451 602 5494 657 is
5526 604 5613 674 qui
5638 614 5728 660 ter-

2542 718 2678 774 pene
2699 701 2998 763 nildidicit,
3020 699 3130 762 sed,
3155 698 3352 767 spretis
3374 706 3649 751 oratorum
3675 694 4107 749 dialecticorum-
4205 704 4391 745 renum
4424 689 4549 744 illud
4571 690 4762 760 dogma
4812 692 5091 757 didicerat,
5135 693 5201 748 ab
5248 691 5362 761 ejus
5399 694 5727 761 compescitur

2541 810 2645 861 que
2666 792 2933 853 versutiis,
2962 790 3027 842 ad
3055 788 3350 857 simplicem
3374 786 3500 842 Jesu
3530 786 3811 840 stultitiam
3840 781 4100 853 puerulus

2540 880 2926 948 commigravit.
2952 876 3049 933 llic
3082 886 3256 931 tamen
3285 877 3410 929 dum
3446 890 3543 945 per
3586 874 3706 928 libri
3760 873 3841 926 sui
3896 871 4099 940 princi-

2541 970 2682 1037 pium
2711 982 2933 1023 summa:
2980 968 3109 1021 ‘ucis
3159 966 3469 1037 mysterium
3505 962 3819 1018 terribiliter
3872 961 4099 1024 intonat,

2540 1056 2680 1111 illico
2699 1056 3131 1127 philosophorum
3148 1071 3289 1112 cteca
3315 1055 3585 1115 subtilitas
3604 1054 3657 1107 in
3684 1052 3967 1108 tenebrosa
3989 1061 4102 1108 διυλ-

2538 1146 2744 1202 diorum
2760 1163 2984 1203 suorum
3024 1149 3385 1218 profunditate
3418 1147 3631 1215 caligat.
3664 1144 3933 1200 Praeterea
3974 1144 4101 1199 bea-

2538 1248 2622 1291 tus
2645 1250 2781 1306 papa
2814 1236 3110 1306 Gregorius
3157 1238 3293 1292 artis
3342 1236 3709 1307 grammatica:
3757 1233 4098 1304 disciplinam

2534 1335 2757 1382 «unus
2786 1328 2837 1381 in
2869 1328 2980 1383 suis
3008 1328 3377 1399 733laudat
3404 1327 3664 1397 epistolis,
3710 1336 3769 1381 ut
3802 1342 3920 1380 eam
3973 1340 4100 1379 con-

2534 1428 2726 1484 gruere
2752 1417 2980 1486 deneget
3002 1416 3324 1473 Christianis
3350 1416 3541 1486 (Gneo.
3566 1415 3705 1473 llas.
3747 1415 3874 1483 Reg.
3904 1414 3996 1467 lib.
4020 1431 4095 1479 ις,

2531 1506 2689 1574 epist.
2714 1507 2826 1579 45).
2860 1507 3217 1579 Hieronymus
3240 1508 3307 1562 ad
3357 1508 3641 1564 tribunale
3664 1511 3941 1564 tremenda
3977 1524 4098 1579 per-

2532 1593 2784 1659 trahitur,
2808 1593 2990 1666 ﬂagris
3026 1596 3386 1651 atrocioribus
3414 1598 3729 1651 verberatur
3764 1614 3776 1649 :
3802 1598 3888 1650 cui
3916 1604 4093 1651 tamen

2531 1695 2637 1735 non
2683 1681 2826 1737 aliud
2874 1698 3032 1752 quam
3088 1683 3425 1740 Cioeroniani
3470 1686 3703 1739 nominis
3748 1686 3953 1740 crimen
3994 1685 4089 1739 im-

2529 1772 2782 1841 pingitur.
2809 1772 3098 1829 Devotalur
3126 1774 3212 1829 ille
3245 1776 3347 1831 hac
3392 1790 3449 1830 se
3474 1790 3699 1843 prorsus
3744 1776 3945 1831 ultione
3983 1776 4095 1845 ple-

2530 1863 2780 1917 ctendum
2810 1865 2856 1919 si
2909 1865 3192 1921 szecuiares
3216 1867 3380 1923 libros
3407 1867 3634 1923 ulterius
3682 1867 3904 1938 legeret,
3952 1884 4017 1923 ac
4044 1868 4089 1922 si

4202 795 4330 845 usu;
4361 790 4564 849 quanto
4593 782 4761 852 magis
4784 785 4872 849 qui
4899 783 5123 839 necdum
5147 793 5397 854 expertus
5423 792 5524 851 est,
5548 785 5613 841 ab
5630 785 5727 855 ejus

4202 872 4519 941 prohibetur
4576 874 4835 927 accessu?
4884 873 4939 928 Si
5005 876 5093 930 ille
5150 876 5426 931 cohibetur
5484 890 5514 931 a
5582 879 5725 943 noua,

4200 971 4401 1031 quanto
4427 964 4638 1018 cautius
4660 966 4762 1020 iste
4782 965 5155 1034 reprimendus
5173 978 5255 1023 est
5276 984 5305 1023 a
5330 969 5606 1025 discendis.
5623 969 5724 1027 Dis-

4200 1052 4439 1119 cumbis,
4477 1055 4666 1121 frater,
4697 1057 4764 1110 ad
4795 1071 5032 1111 mensam
5065 1059 5189 1124 Dei,
5220 1060 5479 1117 sufﬁciant
5518 1062 5608 1117 tibi
5647 1063 5729 1117 da-

4197 1156 4292 1211 pes
4320 1142 4554 1199 coelestis
4575 1144 4791 1216 eloquii.
4820 1146 5004 1217 Abjice
5025 1148 5228 1217 lolium,
5247 1152 5386 1220 quod
5409 1152 5461 1207 in
5479 1152 5725 1207 vesaniam

4198 1235 4589 1289 comedentium
4614 1246 4822 1292 mentes
4856 1239 5116 1304 inebriat;
5151 1242 5359 1312 suscipe
5401 1240 5725 1310 frumentum,

4196 1326 4337 1393 quod
4388 1325 4737 1379 esurientium
4787 1329 4993 1382 animas
5031 1330 5203 1385 sobria
5234 1331 5521 1388 refectione
5549 1334 5727 1389 contir-

4197 1424 4326 1466 mat.
4354 1411 4463 1468 Nec
4485 1414 4664 1468 fauces
4706 1416 4900 1469 anima:
4942 1426 5045 1471 tua:
5075 1418 5249 1474 vitalis
5296 1434 5428 1475 esca:
5468 1418 5729 1477 fastidiant

4194 1502 4531 1566 alimentum,
4596 1505 4688 1557 sed
4719 1505 4907 1574 procul
4937 1505 5192 1573 abjiciant
5235 1508 5481 1567 falsitatis
5519 1511 5729 1580 ineptias

4192 1602 4248 1647 et
4269 1592 4557 1663 quisquilia
4612 1596 4927 1648 vanitatum.
4969 1596 5317 1666 Omnipotens
5344 1597 5501 1665 Deus,
5540 1599 5724 1655 dulcis-

4191 1683 4328 1737 sime
4356 1684 4451 1746 illi,
4486 1684 4730 1737 doctrina
4764 1692 4814 1737 te
4840 1699 4951 1739 sua:
4976 1684 5108 1755 legis
5129 1687 5356 1752 erudiat,
5382 1697 5445 1741 ut
5475 1702 5567 1741 eor
5594 1696 5727 1743 tuum

4191 1788 4331 1828 vera:
4353 1773 4628 1843 sapientim
4658 1773 4776 1829 luce
4822 1774 5138 1845 perfundat;
5178 1784 5232 1831 te
5261 1779 5326 1832 de
5353 1777 5592 1832 manibus
5631 1779 5729 1834 tuis

4191 1868 4421 1922 viventis
4447 1869 4636 1922 hostiae
4656 1868 4913 1937 suscipiat
4939 1868 5405 1944 llolocaustum‘et
5430 1871 5497 1925 ad
5525 1870 5729 1940 spirita-

2528 1950 2805 2006 Cbristum
2830 1968 2926 2023 per
2946 1956 3255 2023 apostatica:
3280 1958 3515 2025 perfidiae.
3543 1958 3887 2025 sacrilegium
3926 1959 4092 2013 dene-
4118 1966 4165 2025 Β
4192 1960 4319 2016 lium
4342 1961 4600 2030 provehat
4622 1961 4948 2016 incrementa
4966 1962 5253 2028 virtutum;
5281 1972 5332 2018 te
5359 1978 5565 2033 semper
5594 1963 5644 2018 in
5676 1979 5729 2020 se

2527 2048 2699 2108 garet.
2723 2038 3008 2095 Dicebatur
3032 2044 3175 2098 enim
3204 2043 3280 2098 illi
3313 2062 3327 2097 :
3360 2062 3378 2097 ς
3439 2044 3825 2100 Ciceronianus
3850 2060 3933 2111 es,
3980 2062 4086 2102 non

2526 2128 2883 2184 Christianus.
2922 2150 2941 2183 ι
2969 2131 3033 2186 Ει
3064 2133 3151 2189 ille
3183 2151 3197 2186 :
3230 2152 3249 2185 ‹
3284 2133 3342 2188 Si
3382 2137 3689 2201 saeculares,
3717 2138 3910 2206 inquit,
3937 2138 4089 2190 codi-

2525 2226 2618 2271 res
2652 2219 2878 2273 ulterius
2928 2226 3130 2290 legero,
3185 2232 3236 2277 te
3283 2225 3470 2293 negavi
3503 2225 3761 2294 (HIEBON.
3816 2227 3965 2295 (piat.
4019 2224 4091 2279 ἥ

2524 2307 2588 2361 de
2622 2310 2857 2361 custodia
2888 2310 3119 2380 virgim).
3156 2331 3175 2365 ι
3205 2311 3437 2368 Honesta
3464 2316 3601 2369 satis
3621 2324 3673 2369 et
3702 2315 3846 2369 utilis
3868 2316 4079 2383 sapien-

2527 2394 2597 2448 tia
2623 2397 2636 2449 l
2671 2396 2941 2464 nimirum,
2971 2408 3090 2468 qua:
3119 2416 3239 2455 cum
3263 2402 3463 2457 Christi
3488 2405 3769 2474 negatione
3782 2405 4081 2469 confertur,

2523 2500 2641 2556 qua:
2663 2486 2928 2545 haeretica:
2952 2490 3188 2560 perﬁdiae
3210 2503 3584 2563 comparatur;
3634 2504 3692 2549 ut
3732 2496 3871 2550 idem
3912 2496 4086 2551 valeat

4191 2066 4413 2107 manere
4442 2051 4723 2116 concedat,
4753 2060 4809 2106 et
4834 2038 5061 2106 invicem
5089 2053 5202 2122 ipse
5230 2053 5281 2108 in
5311 2054 5414 2108 tuis
5446 2054 5727 2110 visceribus

4192 2141 4582 2197 delectabiliter
4611 2142 4930 2212 requiescat,
4956 2151 5033 2207 ut,
5060 2143 5198 2198 sicut
5216 2151 5297 2198 est
5320 2144 5431 2214 ipse
5455 2143 5727 2214 pollicitus,

4193 2244 4447 2304 tanquam
4472 2234 4677 2305 palmes
4727 2236 4778 2289 in
4825 2235 4953 2301 vite,
4982 2250 5253 2307 nunquam
5286 2236 5495 2292 desinas
5518 2236 5589 2308 pii
5616 2253 5732 2309 ope-

4190 2326 4268 2382 ris
4292 2327 4533 2396 germina
4556 2325 4834 2395 pullulare.
4867 2327 5059 2381 Amen.

4520 2454 4599 2512 Sit
4627 2472 4809 2513 nomen
4845 2455 5058 2511 Domini
5090 2457 5433 2514 benedictum.

2644 2797 3001 2872 πείθει
3031 2816 3801 2923 OPUSCULUM
3862 2812 4991 2932 OUADBAGESIMUM
5036 2817 5604 2925 SEXTUM.

3272 3025 3377 3087 DE
3420 3024 3785 3087 FERENDA
3832 3022 4408 3096 .‘EQUANIMITER
4452 3022 5027 3087 CORREPTIONE.

2513 3342 2904 3395 A‘cunN-ru'._
2932 3362 2997 3373 ..-
3027 3324 3382 3392 Ariprandnm
3415 3321 3639 3395 tironem
3676 3318 3731 3395 in
3776 3316 3961 3395 militia
4012 3314 4273 3395 spirituali
4304 3314 4501 3395 ‘lantlat
4522 3313 4707 3395 “quod.
4738 3311 5151 3395 atlolescens_ad
5206 3328 5438 3395 crcmum
5547 3324 5732 3369 ροηιη-

2585 3382 3061 3466 legi-Tliioﬁuelqne
3104 3382 3251 3466 illum
3302 3400 3361 3445 ut
3404 3389 3645 3466 esempln
3674 3386 3875 3442 Christi
3926 3382 4130 3466 Domini
4168 3384 4468 3464 regularem
4505 3382 4837 3462 disciplinam
4888 3398 4991 3435 non
5029 3383 5295 3466 .deserat;_
5330 3384 5546 3466 proinde
5587 3400 5733 3466 reque

2778 3447 3292 3527 du
3347 3447 3615 3532 seniorum
3652 3472 3843 3532 perunt
3876 3458 4035 3532 etiam
4068 3447 4337 3520 iuniorum
4384 3447 4936 3532 correptinnes,_qtuc
4975 3452 5040 3503 ml
5086 3453 5247 3532 animi
5276 3447 5423 3532 labes
5449 3447 5736 3508 abluendas

3059 3520 3352 3607 profectum
3391 3529 3603 3596 plurimi
3646 3526 3850 3607 faciunt
3884 3543 3893 3574 :
3930 3525 4095 3607 multa
4136 3539 4196 3575 ex
4232 3523 4515 3607 occasione
4541 3520 4667 3575 dicit
4705 3524 4769 3575 de
4796 3522 4933 3574 bono
4967 3522 5337 3588 correptionis,
5368 3529 5420 3576 et
5448 3536 5567 3589 cur,
5590 3533 5641 3577 ct
5670 3541 5733 3575 an

2586 3593 2886 3681 sitieﬂculpa
2928 3593 3143 3661 saucius
3172 3604 3366 3658 Paulus
3392 3593 3635 3651 sanctum
3666 3594 3882 3648 Petrum
3914 3593 4293 3661 olijurgaverit.

2582 3749 2891 3803 ARIPBANDO
2922 3738 3070 3793 fratri
3099 3733 3414 3789 charissimo
3444 3729 3654 3783 Penus
3678 3736 3929 3797 peccator
3959 3740 4074 3779 mo-
4106 3726 4149 3787 C
4184 3737 4280 3775 nec
4325 3718 4639 3788 dedignatus
4684 3727 4762 3771 est
4815 3726 5081 3772 terrenam
5132 3732 5347 3771 servare
5390 3721 5733 3773 consuetudi-

2511 3839 2718 3896 nacbus
2747 3845 2980 3906 paternae
3009 3828 3307 3883 dilectionis
3335 3820 3603 3876 aﬂ'cctum.

2584 3928 2764 3999 Exigis
2784 3967 2798 3989 ,
2823 3920 3173 3977 dilectissime
3206 3932 3214 3967 τ
3244 3916 3277 3968 li
3299 3956 3312 3979 ,
3340 3921 3398 3966 ut
3428 3912 3522 3966 tibi
3573 3908 3771 3979 aliquid
3819 3906 4074 3967 scribam,

2511 4028 2566 4073 et
2592 3998 2704 4089 qui,
2746 4028 2830 4069 me
2860 4013 3117 4073 dictante,
3164 4006 3468 4073 frequenter
3513 4001 3631 4055 aliis
3679 3998 3979 4065 scriptitas,
4019 4004 4079 4049 ut

2513 4086 2628 4162 tibi‘
2658 4118 2869 4174 quoque
2916 4098 3114 4167 aliquid
3163 4096 3430 4149 scribatur
3467 4090 3738 4159 imploras.
3782 4087 3885 4140 Sed
3938 4086 4079 4139 unde

2512 4194 2761 4266 scriptori
2810 4187 3190 4259 congruentius
3234 4182 3484 4250 incipiam
3541 4177 3802 4238 scribere,
3841 4190 4000 4244 quam
4046 4189 4076 4228 a

2511 4285 2776 4343 scribendi
2824 4283 2993 4352 ipsius
3030 4280 3253 4349 mystica
3303 4271 3595 4343 dignitate?
3641 4269 3695 4322 In
3756 4277 3806 4323 te
3850 4266 4073 4337 quippe,

2508 4379 2600 4449 qui
2639 4375 2852 4440 scribis,
2885 4364 2997 4427 tres
3018 4379 3144 4425 sunt
3172 4366 3343 4437 digiti,
3374 4375 3425 4418 et
3455 4378 3557 4416 una
3584 4376 3802 4421 manus;
3834 4360 3915 4411 cui
3949 4372 4075 4413 vero

2507 4445 2718 4529 scribis,
2753 4474 2862 4516 tres
2888 4469 3015 4515 sunt
3037 4469 3297 4528 personae,
3326 4462 3378 4508 et
3402 4466 3539 4505 unus
3566 4448 3723 4503 Deus.
3749 4445 3882 4501 Cum
3914 4446 4075 4516 igitur

2505 4572 2574 4614 ex
2604 4554 2831 4611 diversis
2864 4549 3102 4621 apicibus
3136 4546 3445 4602 continuum
3490 4540 3641 4595 ducis
3669 4536 3977 4602 articulum,
4006 4536 4071 4591 ad

2507 4646 2655 4702 illum
2701 4656 2914 4711 semper
2944 4654 3107 4692 unum
3147 4645 3237 4689 tua
3268 4633 3531 4701 dirigatur
3561 4627 3808 4689 intentio,
3839 4622 3989 4690 cuius
4018 4623 4071 4677 in

2510 4735 2789 4802 temetipso
2818 4746 2913 4800 per
2944 4727 3230 4797 quamdam
3260 4721 3663 4777 similitudinem
3698 4714 3963 4783 conspicis
3990 4728 4076 4767 sa-

2507 4830 2860 4879 cramentum.
2890 4818 2957 4872 Et
2985 4816 3131 4884 quia,
3159 4815 3286 4867 dum
3316 4812 3369 4864 in
3392 4807 3691 4863 scholarum
3716 4804 3891 4857 adhuc
3919 4816 4041 4871 gym

2505 4914 2661 4969 nasio
2694 4911 2834 4964 inter
2860 4901 3286 4961 adolescentulos
3329 4912 3547 4968 ageres,
3578 4904 3633 4949 et
3676 4891 3867 4962 ephebi
3895 4888 4075 4944 vultus

2501 5003 2689 5060 ﬂorem
2715 5000 2941 5055 necdum
2969 4994 3123 5065 pubis
3148 4991 3251 5046 ulla
3296 4990 3377 5043 vel
3407 4987 3581 5043 tenuis
3610 4984 3805 5053 lanugo
3829 4981 4072 5043 vestiret,

4182 3825 4322 3873 nem,
4362 3808 4452 3878 qui
4489 3815 4708 3861 venerat
4744 3806 4999 3860 exhibere
5026 3804 5313 3861 ccclestem.
5344 3803 5499 3870 Nam,
5532 3815 5590 3859 ut
5620 3807 5735 3861 infi-

4178 3901 4287 3953 nita
4321 3908 4634 3967 praeteream
4656 3937 4670 3961 ,
4700 3912 4800 3949 cur
4825 3895 4927 3950 sibi
4973 3903 5131 3965 caput
5176 3909 5241 3949 ac
5279 3894 5439 3964 pedes
5470 3908 5734 3965 unguento

4179 3987 4457 4057 conspergi
4493 3986 4736 4040 muliebri
4768 3986 5063 4040 ministerio
5104 3999 5293 4054 passus
5333 3994 5443 4050 est,
5476 3987 5577 4040 nisi
5614 3988 5733 4055 quia

4180 4076 4477 4131 Palaestina:
4504 4084 4665 4143 atque
4692 4065 4927 4128 Iudaica
4955 4073 5185 4141 regionis
5232 4086 5346 4128 mos
5385 4083 5500 4127 erat
5533 4083 5595 4127 ut
5623 4074 5733 4141 ejus

4178 4164 4372 4219 accola:
4427 4163 4673 4218 crebrius
4702 4160 5064 4231 angerentur?
5102 4159 5238 4214 llinc
5281 4168 5361 4213 est
5403 4160 5545 4214 enim
5594 4163 5734 4229 quod

4180 4256 4252 4309 ait
4286 4274 4297 4308 :
4330 4273 4348 4307 ι
4389 4252 4466 4308 Tu
4514 4260 4693 4305 autem
4736 4264 4857 4304 cum
4901 4248 5150 4317 ieiunas.
5206 4262 5343 4317 unge
5384 4258 5540 4317 caput
5584 4258 5734 4303 tuum

4178 4343 4393 4415 (Matth.
4420 4356 4575 4405 παις
4607 4339 4732 4393 Luc.
4764 4346 4882 4408 vn).
4905 4357 4922 4391 ι
4944 4352 5007 4392 nt
5033 4338 5158 4407 quid
5186 4338 5377 4392 mirum
5402 4338 5444 4391 si
5479 4338 5735 4392 Dominus

4176 4434 4229 4487 in
4264 4433 4368 4487 vita
4400 4430 4695 4486 servaverit
4724 4442 4929 4482 morem
4954 4427 5161 4495 patriae,
5191 4439 5346 4494 quem
5372 4433 5425 4478 et
5446 4430 5735 4494 sepulturae

4174 4535 4284 4575 sua:
4311 4517 4672 4573 sacrosanctis
4716 4516 4986 4583 exsequiis
5029 4528 5133 4567 non
5166 4512 5477 4581 dedignatus
5520 4520 5604 4566 est
5640 4527 5732 4567 cu-

4175 4610 4411 4666 stodire?
4438 4608 4529 4664 Sic
4562 4608 4703 4661 enim
4726 4604 4960 4663 Joannes
4985 4601 5147 4657 refert
5177 4619 5189 4655 :
5224 4618 5242 4654 ι
5278 4600 5469 4671 Ioseph
5498 4603 5565 4657 ab
5608 4604 5731 4658 Ari-

4176 4702 4382 4755 tnathia
4434 4704 4488 4753 et
4535 4697 4854 4751 Nicodemus
4898 4703 5217 4763 acceperunt
5254 4709 5445 4764 corpus
5478 4692 5640 4759 Iesu,
5681 4701 5734 4748 ct

4176 4792 4472 4863 ligaverunt
4518 4789 4645 4843 illud
4686 4787 4865 4841 linteis
4904 4800 5023 4840 cum
5066 4784 5411 4848 aromatibus,
5452 4784 5593 4838 sicut
5620 4799 5734 4839 mos

4174 4882 4370 4939 Iudaeis
4395 4890 4477 4937 est
4500 4880 4725 4950 sepelire
4751 4877 4934 4948 (Joan.
4961 4892 5082 4941 xix;
5108 4874 5293 4930 Matth.
5319 4875 5503 4940 xxvii).
5542 4893 5560 4925 ι
5597 4876 5730 4929 Cum

4176 4986 4305 5044 ergo
4352 4974 4397 5026 is
4452 4972 4542 5041 qui
4591 4978 4674 5024 est
4722 4970 4833 5039 ipsa
4880 4967 5162 5036 sapientia,
5210 4980 5306 5035 per
5345 4972 5731 5033 quam‘cnncta

2504 5056 2684 5151 fervor
2710 5101 2763 5147 te
2790 5056 2985 5146 sancti'
3011 5087 3244 5159 Spiritus
3272 5078 3519 5137 incitavit
3571 5085 3627 5130 ut
3664 5090 3771 5129 non
3801 5080 4067 5126 monaste-
4100 5058 4148 5117 D
4174 5075 4297 5121 sunt
4323 5064 4559 5126 condita,
4590 5064 4641 5118 in
4671 5062 4754 5117 his
4778 5062 4940 5117 etiam
4978 5059 5136 5114 rebus
5189 5073 5314 5159 quae
5349 5056 5539 5159 nullius
5595 5071 5732 5126 pene

2505 5183 2639 5240 riale
2670 5180 2997 5251 propositum
3018 5218 3034 5244 ,
3078 5176 3173 5232 sed
3208 5172 3373 5230 eremi
3406 5169 3583 5240 potius
3611 5166 3881 5233 arriperes
3914 5162 4072 5214 insti-

2505 5286 2677 5332 tutum
2711 5291 2725 5328 :
2751 5285 2881 5328 cave
2920 5283 3011 5332 ne,
3033 5282 3128 5336 per
3157 5263 3328 5320 astatis
3354 5260 3529 5316 adhuc
3566 5253 3848 5311 imbecillis
3876 5252 4069 5305 obten-

2504 5375 2639 5430 tum,
2666 5359 2838 5417 sancti
2869 5356 2968 5411 loci
3018 5353 3250 5423 regulam
3293 5350 3490 5413 violes;
3532 5362 3599 5401 ne
3637 5346 3868 5414 rigorem
3908 5350 4073 5409 atque

2504 5452 2846 5509 severitatem
2892 5447 3063 5501 beatae
3094 5437 3508 5497 conversationis
3534 5448 3789 5497 enerves;
3840 5446 3909 5487 ne
3948 5444 4071 5483 mu-

2507 5541 2608 5598 tari
2644 5539 2777 5595 velis
2832 5537 3046 5593 solitam
3109 5530 3409 5587 severitatis
3462 5524 3948 5587 consuetudinem;
4001 5536 4069 5575 ne

2505 5630 2801 5701 peregrina:
2858 5621 3253 5681 adinventionis
3300 5632 3589 5688 praesumas
3651 5613 4069 5683 superinducere

2506 5699 2817 5773 novitatem.
2854 5715 2986 5768 Nam
3032 5722 3087 5767 et
3133 5712 3243 5781 ipse
3296 5708 3384 5778 qui
3434 5706 3688 5775 magister
3727 5712 3809 5757 est
3848 5699 4066 5770 angelo-

2508 5824 2622 5866 ru.n
2665 5811 2714 5863 in
2748 5807 2916 5872 (mit),
2952 5820 3149 5860 morem
3182 5804 3233 5858 in
3267 5809 3405 5855 terra
3442 5798 3610 5852 tenuit
3642 5812 3798 5865 quem
3833 5792 4065 5854 invenit;

4178 5158 4422 5211 videntur
4458 5170 4578 5210 esse
4618 5154 4893 5215 momenti,
4934 5150 5270 5205 traditionem
5301 5147 5569 5201 hominum
5617 5162 5730 5200 ser-

4176 5263 4301 5302 vare
4346 5263 4450 5302 non
4513 5246 4757 5314 respuit;
4797 5252 5009 5313 quanta:
5056 5237 5477 5312 praesumptionis
5521 5244 5635 5299 est,
5685 5235 5729 5290 si

4173 5338 4468 5407 disciplina:
4516 5337 4635 5404 quis
4687 5333 4921 5403 regulam
4971 5330 5202 5398 frangat,
5258 5342 5413 5399 quam
5448 5339 5488 5380 ι
5528 5326 5729 5380 sancti!

4174 5427 4423 5482 Patribus
4456 5425 4702 5479 traditam
4736 5438 4839 5476 non
4873 5419 5117 5489 ignorat?

4683 5508 4907 5568 CAPUT
4943 5507 5221 5564 PRIMUM.

4232 5608 4590 5676 Correptiones
4618 5620 4763 5673 (f’qlfo
4792 5602 4965 5655 animo
5003 5598 5274 5668 ferentium
5302 5594 5665 5651 emolumenta.

4239 5700 4382 5753 Inter
4406 5705 4600 5751 cmtera
4632 5694 4794 5763 igitur
4821 5700 5017 5746 sancta:
5037 5685 5455 5747 conversationis
5478 5682 5724 5751 insignia,

4172 5808 4289 5861 qua:
4323 5790 4569 5843 videlicet
4612 5798 4665 5841 et
4715 5786 4765 5839 in
4817 5783 4934 5839 aliis
4979 5782 5168 5839 ﬂorere
5216 5779 5552 5843 consideras,
5578 5782 5632 5830 et
5671 5781 5722 5825 tu

4460 5984 4469 6013 l
