5882 6604
884 376 988 434 703

876 495 1014 563 ipse,
1042 492 1225 549 divina
1254 490 1583 561 suffragante
1610 490 1892 547 clementia
1913 530 1927 551 .
1953 486 2067 558 jam
2113 486 2455 557 lrreprehen-
2484 488 2531 547 Α

870 584 1103 640 sibiliter
1144 597 1349 645 servas,
1377 596 1544 635 unum
1588 596 1698 651 pra:
1727 579 1937 635 caeteris
1967 593 2098 635 eave
2151 592 2217 631 ne
2266 590 2445 631 corre-

872 673 1085 743 ptiones
1112 671 1399 742 aliquando
1445 670 1682 741 graviter
1726 668 1889 726 feras.
1920 680 1985 720 ne
2008 665 2249 735 qualibet
2285 676 2446 719 occa-

871 765 1026 819 sione
1060 762 1304 833 redargui
1343 775 1371 815 a
1409 761 1515 816 tuis
1554 773 1767 831 quoque
1794 753 2099 825 junioribus
2128 756 2445 810 erubescas.

872 854 1027 922 Quod
1073 854 1322 909 videlicet
1364 853 1522 923 hujus
1551 852 1649 906 loci
1690 859 1795 905 tam
1828 848 2093 902 familiare
2140 856 2226 902 est
2286 855 2450 915 atque

873 947 1146 1007 nativum,
1182 954 1239 999 ut
1265 945 1352 1013 qui
1382 944 1674 1012 corripitur
1697 940 2047 1014 [correptush
2077 938 2233 1010 fugit,
2266 938 2450 992 nobis-

871 1050 994 1089 rurn
1043 1034 1290 1089 habitare
1335 1048 1441 1087 non
1500 1032 1683 1102 possit.
1729 1030 1811 1085 Ad
1848 1032 1948 1085 hoc
1987 1032 2130 1085 enim
2184 1031 2346 1085 homo
2384 1030 2450 1084 de

872 1124 1071 1180 sarculo
1124 1125 1439 1195 magisterio
1471 1122 1731 1192 regularis
1768 1121 2061 1189 disciplinze
2088 1119 2448 1176 submittitur.

870 1224 933 1268 ut
969 1213 1269 1285 rubiginem
1317 1228 1477 1283 quam
1520 1213 1584 1265 de
1628 1210 1827 1263 mundo
1864 1209 2207 1264 lenocinante
2236 1220 2452 1263 contra-

875 1312 1032 1360 serat
1071 1318 1274 1373 aspera:
1315 1299 1672 1369 correptionis
1731 1299 1857 1353 lima
1890 1300 2153 1368 detergat.
2186 1297 2339 1352 Unde
2369 1306 2454 1352 est

871 1397 1017 1467 quod
1050 1396 1322 1464 Sapientia
1356 1394 1591 1464 loquitur
1637 1394 1689 1445 in
1725 1392 2033 1447 Proverbiis
2062 1410 2075 1444 :
2112 1410 2130 1443 ι
2169 1391 2453 1446 Converti-

872 1486 1006 1541 mini
1053 1486 1120 1540 ad
1168 1484 1557 1553 correptionem
1610 1496 1816 1545 meam;
1870 1497 1934 1534 en
1982 1479 2249 1550 proferam
2300 1480 2453 1535 vobis

871 1574 1118 1644 spiritum
1166 1587 1343 1629 meum
1390 1571 1570 1632 (Prov.
1619 1571 1679 1642 i).
1737 1589 1755 1621 ι
1809 1569 1921 1623 Non
1971 1569 2115 1623 enim
2162 1568 2330 1631 dixit,
2383 1568 2451 1622 ad

874 1664 1164 1719 blanditias
1212 1678 1387 1727 meas;
1436 1663 1531 1717 sed
1580 1679 1643 1713 ει
1681 1659 2098 1725 Convertimini,
2149 1658 2343 1727 inquit,
2384 1658 2451 1714 ad

872 1752 1269 1820 correptionem
1298 1766 1494 1804 meam.
1542 1768 1557 1799 ι
1591 1747 1744 1804 Unde
1782 1747 2103 1817 quibusdam
2131 1747 2330 1816 corripi
2347 1737 2453 1801 ’ἀθ-

1446 373 1692 431 OPUSC.
1735 372 1914 431 XLVI.
1942 403 2009 414 —-
2039 370 2129 428 DE
2168 366 2494 426 FERENDA
2530 366 3034 434 {EQUANIMITER
3067 366 3580 424 CORREPTIONE.

4039 370 4143 426 706

3185 484 3415 541 CAPUT
3456 484 3516 541 ll.

2585 574 2741 639 Quod
2768 577 3016 643 sapientis
3044 586 3117 630 est
3146 594 3325 630 amare
3357 578 3754 644 correptionem,
3786 577 3934 631 stulti
3957 577 4146 633 odisse.

2625 666 2883 735 Quisquis
2910 683 3037 736 ergo
3064 668 3281 738 sapiens
3312 678 3417 733 est,
3444 668 3782 723 austeritatis
3814 668 3973 723 illatae
4002 671 4149 725 duri-

2552 756 2681 809 tiam
2733 758 2928 811 animae
2972 773 3084 812 sua:
3142 757 3455 812 vulneribus
3516 760 3737 826 deputat
3800 758 4149 814 medicinam.

2552 842 2705 898 Unde
2751 846 3133 914 scriptumest
3180 864 3194 900 :
3248 866 3265 897 r
3318 847 3374 899 Si
3417 847 3751 914 corripueris
3799 848 4098 914 sapientein
4131 888 4149 913 ,

2551 934 2813 1003 intelliget
2862 937 3201 1006 disciplinam
3252 936 3447 1007 (Prov.
3500 939 3659 1007 xrx);
3718 958 3736 990 ι
3789 948 3846 993 et
3891 940 4084 993 iterum
4131 955 4148 993 :

2554 1043 2573 1076 ι
2619 1024 2745 1081 Plus
2792 1029 3007 1095 proﬁcit
3049 1030 3324 1098 correptio
3370 1032 3509 1098 apud
3565 1032 3927 1097 prudentem,
3980 1045 4144 1100 quam

2553 1115 2708 1187 plaga
2760 1119 2901 1185 apud
2948 1119 3170 1173 stultum
3219 1116 3403 1187 (Prov.
3457 1121 3615 1189 xvrt).
3659 1136 3679 1171 ι
3729 1119 3801 1173 De
3848 1134 3955 1188 quo
3981 1121 4146 1171 etiam

2553 1208 2820 1274 prudente
2854 1208 3090 1262 dicitur:
3124 1228 3141 1259 ι
3172 1208 3273 1275 Qui
3321 1209 3533 1278 patiens
3578 1218 3692 1273 est,
3739 1209 3907 1262 multa
3953 1211 4152 1280 guber-

2559 1305 2719 1350 natur
2763 1298 3087 1367 prudentia;
3119 1300 3209 1366 qui
3256 1309 3435 1353 autem
3475 1299 3763 1369 impatiens
3808 1308 3913 1363 est,
3949 1299 4155 1353 exaltat

2554 1388 2842 1444 stultitiam
2892 1406 3045 1445 suam
3095 1390 3292 1462 (Prov.
3338 1393 3487 1461 xxv).
3540 1409 3557 1443 ι
3609 1391 3905 1446 Stultitiam
3952 1393 4152 1462 quippe

2556 1495 2708 1534 suam
2735 1481 2937 1535 exaltat
2974 1480 3286 1551 impatiens,
3314 1482 3439 1550 quia
3472 1496 3579 1551 quo
3622 1496 3719 1551 per
3754 1480 4149 1549 impatientiam

2555 1587 2709 1626 suam
2762 1588 2791 1627 a
2838 1574 3164 1643 quibuslibet
3201 1574 3536 1643 frequentius
3588 1575 3821 1639 lreditnr,
3866 1589 3932 1629 eo
3974 1574 4155 1644 quoti-

2556 1662 2732 1717 dianis
2754 1674 2938 1717 contra
2970 1679 3064 1719 eos
3093 1662 3288 1733 jurgiis
3316 1664 3555 1719 atrocius
3582 1663 3859 1718 eﬁ‘eratur.
3891 1662 4045 1718 Unde
4076 1662 4153 1717 le-

2558 1753 2701 1821 gitur
2729 1772 2741 1806 :
2774 1774 2792 1804 ‹
2823 1753 3048 1825 Semper
3068 1753 3244 1825 jurgia
3271 1757 3461 1825 quaerit
3486 1754 3690 1819 malus;
3722 1754 3944 1826 angelus
3970 1762 4154 1809 autem

872 1844 1221 1915 dignantibus
1250 1844 1327 1898 ait
1361 1859 1373 1895 :
1412 1862 1429 1893 ι
1469 1841 1623 1895 Mane
1665 1849 2024 1907 consurgent,
2056 1849 2108 1892 el
2158 1854 2262 1893 non
2303 1839 2453 1892 invc-
2488 1830 2529 1889 Β
2565 1843 2799 1898 crudelis
2829 1846 3063 1899 mittitur
3089 1858 3277 1901 contra
3305 1862 3429 1901 eum
3463 1844 3645 1914 (Prov.
3672 1846 3829 1915 xvii).
3868 1865 3885 1898 ι
3912 1843 4159 1899 Crudelis

873 1936 1030 1990 nient
1074 1948 1194 1998 me;
1224 1948 1289 1987 eo
1324 1932 1466 2001 quod
1499 1945 1717 1985 exosant
1768 1930 2055 1983 habuerint
2094 1927 2455 1996 disciplinam,

872 2033 926 2076 et
958 2022 1207 2077 timorem
1244 2020 1453 2076 Domini
1500 2035 1603 2073 non
1640 2018 2009 2087 susceperint,
2042 2034 2139 2071 nec
2169 2018 2460 2086 acquieve-

873 2115 985 2169 rint
1030 2114 1258 2169 consilio
1304 2127 1453 2176 meo,
1502 2121 1556 2165 et
1604 2112 1941 2165 detraxerint
1978 2111 2241 2165 universa:
2277 2126 2463 2164 corrc-

872 2204 1043 2275 ptioni
1092 2219 1225 2258 mea:
1256 2202 1484 2272 (llud).
1526 2219 1543 2252 ι
1581 2201 1717 2256 Hinc
1757 2202 2010 2255 admonet
2047 2202 2276 2256 dicens:
2316 2221 2332 2252 ι
2373 2202 2465 2254 [)i-

873 2295 1156 2367 sciplinam
1208 2292 1441 2353 Domini,
1473 2292 1545 2345 Illi
1589 2291 1683 2355 mi,
1730 2307 1798 2345 ne
1844 2289 2087 2359 abjicias,
2117 2305 2215 2344 nec
2242 2290 2462 2344 deﬁcias

874 2400 1000 2439 cum
1050 2384 1119 2437 ab
1164 2384 1281 2452 ipso
1311 2382 1642 2451 corriperis:
1682 2396 1842 2449 queui
1891 2381 2031 2433 enim
2084 2380 2254 2450 diligit
2301 2378 2462 2449 735

877 2472 1161 2535 Dominus,
1197 2471 1452 2542 corripit;
1492 2480 1546 2524 et
1583 2474 1731 2540 quasi
1766 2480 1919 2539 pater
1949 2470 1999 2523 in
2031 2470 2138 2523 ﬁlio
2169 2458 2466 2537 cotuplacct

877 2564 980 2619 sibi
1032 2561 1218 2629 (Prov.
1263 2564 1367 2631 ιιι).
1419 2580 1437 2614 ι
1476 2560 1607 2617 .lure
1639 2562 1846 2617 scilicet
1896 2578 2001 2616 non
2051 2562 2319 2621 hominis,
2367 2561 2465 2613 sed

877 2653 1114 2715 Domini,
1163 2653 1433 2722 correptio
1462 2652 1678 2715 dicitur,
1717 2667 1838 2706 cum
1890 2653 1941 2705 in
1990 2665 2175 2705 amore
2202 2650 2400 2705 Christi
2434 2665 2463 2704 a

876 2744 1127 2816 proximo
1166 2744 1218 2797 in
1245 2742 1549 2812 proximum
1578 2742 1829 2812 quaelibet
1860 2743 2119 2796 severitas
2153 2742 2457 2809 irrogatur;

878 2844 935 2891 et
956 2836 1119 2890 nimis
1145 2850 1175 2888 a
1200 2834 1465 2905 sapientia
1489 2833 1670 2888 deviat
1714 2834 1803 2902 qui
1832 2835 2120 2903 superbqu
2147 2848 2243 2887 eor
2269 2831 2467 2887 divinis

881 2927 1339 2997 increpationibus
1392 2941 1497 2980 non
1552 2925 1792 2980 inclinat.
1824 2922 1979 2978 Unde
2023 2932 2078 2979 et
2128 2924 2266 2977 idem
2316 2921 2467 2977 SalO‘

884 3032 1009 3074 mon
1057 3018 1179 3072 ait:
1216 3036 1233 3069 ι
1268 3016 1369 3085 Qui
1416 3016 1591 3087 diligit
1636 3014 1997 3086 disciplinam,
2030 3014 2204 3083 diligit
2248 3012 2465 3081 sapien-

884 3108 1048 3173 tiam;
1099 3108 1189 3177 qni
1237 3118 1417 3163 autem
1461 3107 1576 3162 odit
1614 3107 2030 3174 incrrpationes,
2082 3105 2340 3174 insipiens
2387 3113 2469 3157 est

2568 1932 2796 2001 angelus
2826 1945 3012 1987 contra
3042 1943 3373 2002 quaerentem
3402 1932 3583 2002 jnrgia
3629 1934 3878 1996 mittitur,
3920 1934 4045 2001 quia
4078 1933 4161 1986 di—

2565 2038 2727 2093 guuin
2776 2033 2861 2077 est
2903 2033 2961 2076 ut
3005 2034 3240 2078 mentem
3286 2026 3338 2078 in
3386 2040 3492 2095 qua
3562 2025 3858 2079 crudelitas
3928 2024 4156 2087 habitat,

2564 2112 2800 2168 crudelis
2838 2129 3107 2181 possessor
3146 2115 3393 2176 invadat;
3423 2114 3567 2182 quia.
3598 2116 3740 2167 sicut
3767 2114 3896 2169 dicit
3927 2116 4157 2183 Aposto-

2566 2202 2686 2257 lus:
2722 2202 2801 2256 lra
2836 2204 3169 2258 dzemoniumr
3191 2204 3373 2258 habet.
3409 2204 3563 2259 Unde
3607 2203 3735 2267 illic,
3783 2220 3906 2260 mox
3949 2214 4003 2257 ιιι
4035 2220 4162 2260 cru-

2565 2295 2737 2349 delem
2801 2296 2938 2349 mitti
3003 2304 3191 2349 contra
3257 2296 3629 2365 impatientem
3690 2297 3911 2361 docuit,
3965 2307 4163 2366 praesto

2567 2382 2846 2451 subjunxit
2880 2402 2891 2436 :
2924 2402 2942 2434 ι
2979 2382 3207 2454 Expedit
3240 2385 3418 2454 magis
3442 2401 3582 2441 ursae
3623 2401 3914 2441 occurrere
3935 2426 3949 2447 ,
3995 2388 4164 2455 raptis

2570 2473 2783 2535 fetibus,
2813 2491 2974 2544 quam
3015 2476 3163 2528 fatuo
3206 2477 3499 2532 conﬁdenti
3543 2478 3644 2532 sibi
3695 2478 3747 2532 in
3792 2478 4019 2531 stultitia
4064 2492 4162 2533 sua

2569 2566 2776 2635 (Ibid).
2816 2586 2834 2619 ι
2868 2567 2940 2620 De
2986 2567 3087 2622 hoc
3139 2567 3287 2621 fatuo
3316 2576 3370 2622 et
3397 2567 3701 2637 impatienti
3745 2571 4007 2638 scr‘ptum
4037 2576 4159 2624 est:

2574 2674 2591 2707 ι
2625 2654 2740 2709 Noli
2768 2670 2891 2709 esse
2918 2656 3125 2710 amicus
3152 2656 3355 2711 homini
3401 2658 3686 2725 iracundo,
3714 2674 3891 2729 neque
3920 2658 4166 2716 ambules

2568 2762 2690 2801 cum
2718 2746 2882 2817 736
2909 2747 3025 2800 viro
3058 2744 3282 2808 furioso,
3317 2764 3384 2802 ne
3410 2747 3548 2803 forte
3575 2749 3753 2809 discas
3775 2751 4001 2803 semitas
4023 2750 4164 2819 ejus,

2567 2846 2621 2891 et
2650 2851 2832 2891 sumas
2854 2837 3164 2891 scandalum
3198 2837 3391 2892 animm
3419 2846 3523 2893 tute
3550 2838 3732 2908 (Prov.
3759 2838 3917 2907 χχιι).
3949 2857 3965 2888 ι
3994 2838 4166 2893 Porro

2568 2926 2712 2980 sicut
2758 2941 2903 2995 aeger
2946 2927 3037 2995 qui
3079 2942 3187 2981 non
3242 2928 3387 2996 capit
3426 2929 3728 2982 antidotum
3779 2932 4037 2994 moritur,
4090 2929 4163 2983 ita

2571 3016 2661 3084 qui
2710 3030 2815 3068 non
2853 3014 3033 3085 potest
3060 3017 3283 3087 corripi,
3318 3018 3505 3086 nequit
3548 3018 3616 3073 ab
3659 3020 3855 3073 aninue
3890 3036 4000 3074 sure
4052 3020 4166 3074 lau-

2574 3106 2832 3175 guoribus
2865 3106 3111 3160 relevari.
3142 3107 3295 3163 Unde
3340 3124 3531 3164 rursus
3574 3123 3669 3179 per
3709 3108 4052 3164 Salomonem
4086 3111 4169 3165 di-

886 3196 1070 3259 (Prov.
1099 3200 1219 3261 xu).
1257 3218 1275 3250 ι
1310 3199 1650 3269 Quapmpter
1680 3198 1817 3252 idem
1867 3198 2126 3267 insipiens
2158 3198 2207 3250 iu
2238 3196 2467 3251 Pruver-
2498 3168 2542 3228 ί)
2575 3195 2717 3251 citur
2760 3213 2773 3249 :
2810 3216 2827 3248 ι
2872 3196 2987 3251 Noli
3035 3200 3359 3254 subtrahere
3409 3216 3438 3253 a
3488 3215 3656 3269 puero
3700 3202 4077 3269 disciplinam;
4120 3201 4165 3256 sl

884 3290 1095 3345 hiorum
1136 3290 1273 3343 libro
1316 3291 1688 3359 conqueritur,
1717 3290 1900 3344 dicens
1936 3306 1947 3342 :
1980 3306 1999 3340 ι
2041 3290 2151 3343 Cur
2176 3290 2473 3342 detestatus

886 3397 1007 3437 sum
1055 3382 1415 3450 disciplinam,
1453 3391 1507 3435 et
1540 3381 2001 3451 increpationibus
2043 3395 2149 3433 non
2201 3378 2473 3447 acquievit

883 3486 983 3526 cor
1011 3487 1215 3535 meum,
1252 3488 1350 3526 nec
1378 3471 1557 3525 audivi
1584 3486 1767 3526 vocem
1796 3470 2103 3525 docentium
2136 3484 2239 3531 me,
2273 3477 2326 3522 et
2353 3484 2467 3521 ma-

884 3562 1073 3633 gistris
1114 3578 1219 3617 non
1250 3561 1499 3616 inclinavi
1547 3576 1728 3615 aurem
1772 3560 1984 3614 meam?
2013 3579 2031 3613 ι
2079 3557 2262 3628 (Prov.
2298 3558 2374 3626 ν.)
2406 3558 2474 3611 At

888 3663 1081 3709 contra
1114 3653 1357 3723 quisquis
1383 3650 1840 3720 increpatiouilms
1869 3649 2241 3718 :equanimiter
2265 3646 2475 3716 acquie-

887 3744 1012 3807 scit,
1047 3743 1113 3798 de
1144 3742 1388 3810 catalogo
1415 3742 1714 3811 sapientum
1764 3755 1866 3793 uon
1901 3740 2119 3793 recedit.
2154 3738 2309 3793 Unde
2340 3737 2475 3792 scri-

884 3842 1040 3903 ptum
1090 3840 1213 3887 est:
1251 3848 1270 3882 ι
1307 3831 1471 3886 Auris
1511 3845 1632 3900 qua!
1678 3829 1827 3883 audit
1876 3827 2298 3898 iucrepationem
2328 3827 2473 3891 vitae,

891 3926 943 3979 in
977 3923 1157 3980 medio
1187 3920 1981 3994 sapientiumcommorabitur;
2015 3921 2104 3989 qui
2138 3933 2265 3972 vero
2290 3917 2477 3987 abjicit

890 4012 1266 4084 disciplinain,
1298 4013 1526 4083 despicit
1568 4013 1803 4064 animam
1852 4025 2005 4063 suam
2058 4006 2256 4079 (Prov.
2292 4016 2413 4078 xv).
2450 4027 2469 4061 ι

890 4105 1083 4163 Vitrici
1132 4106 1363 4174 denique
1423 4104 1683 4174 privignis
1740 4102 2047 4172 indulgent;
2098 4111 2280 4171 patres
2340 4103 2474 4155 dura

889 4196 1211 4268 plerumque
1260 4193 1481 4249 verbera
1536 4186 1767 4262 propriis
1826 4190 2142 4261 pignoribus
2196 4189 2472 4245 adhibent.

890 4285 967 4342 Illi
1004 4288 1258 4342 nimirum
1285 4284 1555 4341 odientem
1591 4294 1851 4353 pascunt;
1898 4282 1983 4336 isti
2028 4296 2157 4336 vero
2192 4281 2478 4350 diligentes

891 4380 1150 4434 erudiunt
1209 4386 1264 4431 et
1304 4377 1565 4447 aﬁligunt.
1626 4374 1778 4432 Unde
1828 4375 2085 4442 scriptum
2125 4381 2208 4429 est
2252 4388 2268 4426 :
2309 4392 2326 4424 ι
2376 4373 2474 4439 Qui

892 4471 1070 4539 parcit
1096 4469 1292 4539 virgas,
1339 4470 1449 4523 odit
1496 4467 1665 4523 ﬁlium
1699 4482 1886 4531 suum;
1931 4466 2019 4533 qui
2072 4474 2252 4520 autem
2302 4464 2475 4535 diligit

891 4559 1067 4625 illum,
1093 4560 1356 4615 instanter
1382 4560 1560 4613 erudit
1586 4555 1750 4627 (Prov
1799 4558 1940 4625 xui).
1975 4575 1993 4607 ι
2025 4556 2090 4610 Ει
2120 4555 2247 4610 alibi
2282 4572 2293 4608 :
2326 4573 2343 4606 ι
2376 4554 2481 4609 Me-

896 4650 996 4703 lior
1015 4657 1102 4704 est
1127 4648 1407 4703 manifesta
1434 4649 1721 4717 correptio,
1746 4662 1908 4716 quam
1934 4662 2086 4707 amor
2109 4645 2479 4701 absconditus.

890 4738 1113 4794 Meliora
1162 4746 1285 4792 sunt
1332 4740 1549 4793 vulnera
1601 4739 1889 4810 diligentis.
1930 4752 2090 4807 quam
2136 4736 2477 4791 fraudulenta

889 4834 1075 4891 oscula
1108 4835 1339 4889 odientis
1362 4833 1542 4903 (Prov.
1573 4836 1768 4906 xxvu).
1801 4854 1818 4885 ι
1850 4835 2051 4887 lterum
2078 4833 2335 4901 scriptum
2361 4842 2473 4886 est:

895 4946 913 4977 ι
945 4927 1108 4982 Erudi
1140 4926 1304 4980 ﬁlium
1332 4936 1502 4989 tuum,
1528 4944 1595 4983 ne
1620 4929 1871 4997 desperes
1900 4948 1909 4957 ·
1942 4925 2009 4980 ad
2045 4919 2471 4978 iut'erfectionem

889 5015 1005 5084 ejus
1033 5032 1101 5071 ne
1129 5031 1297 5085 ponas
1326 5031 1540 5071 manum
1574 5015 1854 5096 [animam]
1886 5028 2032 5071 tuam
2063 5014 2243 5077 (Prov.
2284 5014 2416 5084 χιχ).
2450 5033 2471 5067 ι

890 5108 969 5161 Ad
1014 5105 1441 5163 interfectionem
1493 5110 1689 5179 quippe
1735 5108 1824 5162 ﬁlii
1877 5118 2103 5177 paterna
2146 5120 2338 5171 manus
2383 5121 2476 5173 po-

892 5200 1057 5264 nitur,
1091 5214 1213 5255 cum
1246 5199 1298 5253 in
1325 5214 1444 5254 eum
1489 5215 1647 5270 quem
1690 5202 1936 5270 nequiter
1972 5212 2232 5271 agentem
2266 5198 2477 5266 conspi-

894 5291 989 5353 cit,
1020 5304 1128 5344 non
1161 5287 1320 5343 modo
1363 5305 1466 5343 non
1500 5291 1791 5355 invehitur,
1822 5291 1913 5345 sed
1962 5290 2079 5358 ejus
2113 5289 2336 5357 insuper
2365 5286 2474 5357 ple-

894 5378 1103 5433 ctendis
1131 5377 1342 5432 aclibus
1368 5378 1695 5445 delectatur;
1717 5389 1773 5435 et
1798 5379 2171 5448 plausibilibus
2202 5393 2304 5431 non
2330 5394 2479 5432 verc-

896 5475 981 5521 tur
1012 5467 1193 5522 verbis
1216 5466 1496 5534 extollere,
1520 5482 1677 5541 quem
1706 5470 1855 5524 duris
1877 5469 2135 5524 debuerat
2160 5468 2478 5521 verberibus

895 5573 1171 5615 coercere.

2572 3288 2716 3341 enim
2742 3291 3077 3357 percusseris
3106 3307 3227 3345 eum
3254 3291 3426 3361 virga,
3458 3308 3563 3346 non
3591 3293 3887 3356 morietur;
3928 3302 3979 3345 tu
4014 3295 4165 3364 virga

2574 3379 2846 3448 percnties
2869 3394 3015 3444 eum,
3044 3389 3099 3434 et
3127 3380 3363 3435 animam
3400 3380 3516 3449 ejus
3561 3382 3625 3437 de
3665 3383 3878 3436 inferno
3911 3380 4170 3438 liberabis

2576 3466 2760 3537 (Prov.
2797 3469 2979 3539 χχιιι).
3026 3489 3043 3519 ι
3074 3471 3166 3523 V'is
3198 3470 3386 3526 audire
3428 3471 3555 3539 quid
3600 3471 3704 3526 illis
3748 3472 4025 3525 immineat
4075 3472 4170 3543 qui

2576 3569 2842 3626 respuunt
2869 3560 3110 3630 corripi?
3138 3561 3228 3630 qui
3280 3562 3645 3631 dedignantur
3674 3578 3703 3615 a
3736 3564 4044 3617 senioribus
4072 3565 4171 3616 oh-

2569 3646 2812 3719 jurgari?
2840 3668 2857 3699 ι
2892 3650 3046 3713 Viro,
3079 3651 3273 3719 inquit,
3308 3652 3399 3721 qui
3447 3653 3829 3722 corripientem
3864 3653 3996 3705 dura
4044 3667 4168 3707 cer-

2575 3738 2695 3793 vice
2724 3741 3043 3806 contemnit,
3078 3742 3393 3810 repentinus
3420 3743 3469 3796 ei
3512 3744 3861 3812 superveniet
3893 3744 4169 3808 interitus,

2577 3842 2630 3887 et
2657 3848 2779 3886 eum
2812 3834 3020 3887 sanitas
3071 3849 3174 3886 non
3222 3844 3479 3901 sequetur
3507 3833 3689 3901 (Prov.
3725 3835 3897 3904 χχιχ).
3932 3854 3949 3886 ι
3985 3835 4083 3890 Ubi
4113 3847 4171 3889 et

2576 3919 2735 3991 paulo
2763 3930 2883 3989 post
2923 3922 3175 3975 subditur
3206 3941 3217 3974 :
3256 3942 3272 3973 ι
3312 3923 3473 3977 Erudi
3508 3923 3678 3977 lilium
3709 3934 3877 3986 tuum,
3914 3936 3965 3978 et
4013 3925 4173 3978 refri-

2578 4012 2789 4082 gerabit
2832 4022 2903 4073 te,
2945 4026 2999 4067 ct
3047 4014 3195 4066 dabit
3246 4014 3469 4069 delicias
3514 4015 3707 4068 animae
3750 4025 3853 4069 ture
3895 4015 4105 4086 (Ibid).
4146 4040 4168 4067 ο

2580 4101 2866 4157 Enimvero
2909 4119 3048 4173 equo
3092 4105 3268 4158 adhuc
3308 4105 3569 4158 indomito
3595 4119 3690 4173 pes
3724 4106 3773 4159 in
3806 4106 4015 4160 subtele
4045 4122 4173 4177 per-

2579 4197 2801 4257 cutitur,
2838 4206 2893 4249 ιιι
2920 4198 3259 4264 postmodum
3293 4196 3457 4251 clavis
3500 4196 3637 4265 afﬁgi
3673 4197 3876 4253 ferrum
3908 4198 4009 4252 sibi
4043 4214 4175 4268 sup-

2580 4290 2877 4359 pcdaneum
2944 4291 3197 4357 patiatur.
3255 4288 3391 4343 Rudi
3449 4304 3664 4357 quoque
3724 4299 3878 4342 tauro
3936 4290 4174 4346 circulus

2580 4379 2739 4434 lenire
2765 4379 2890 4434 vitis
2920 4379 3228 4441 inttectitur,
3266 4390 3322 4433 ut
3355 4391 3601 4436 assuetus
3646 4382 3750 4437 hoc
3792 4381 3977 4451 procul
4010 4382 4174 4436 dubio

2581 4470 2773 4534 discat,
2816 4481 3080 4539 quatenus
3111 4470 3298 4540 jugum
3347 4472 3690 4541 postmodum
3730 4471 4034 4525 detrectare
4064 4486 4173 4524 non

2583 4562 2794 4616 amicat.
2841 4560 2931 4616 Sic
2974 4561 3158 4630 junior
3195 4562 3395 4631 quique
3429 4561 3594 4614 frater
3624 4560 3784 4614 etiam
3831 4569 3959 4613 tunc
3987 4559 4174 4630 objur-

2581 4650 2787 4721 gandus
2841 4659 2925 4703 est
2968 4666 3089 4703 cum
3142 4665 3243 4701 nun
3293 4658 3499 4718 peccat,
3534 4657 3591 4701 ιιι
3640 4648 3979 4717 disciplinam
4032 4662 4175 4703 verte

2580 4738 2937 4806 correptionis
2996 4737 3337 4807 postmodum
3400 4738 3776 4806 a‘quanimiter
3842 4737 3997 4791 ferat.
4055 4736 4176 4803 Quo

2579 4842 2768 4887 contra
2797 4831 2862 4883 de
2893 4847 2995 4883 non
3029 4840 3279 4899 correpto
3308 4830 3567 4899 scriptum
3598 4839 3682 4885 est
3713 4846 3728 4883 :
3764 4849 3782 4881 ι
3814 4831 3913 4897 Qui
3946 4828 4175 4885 delicata

2582 4938 2611 4975 a
2644 4920 2873 4989 pueritia
2910 4922 3077 4973 nutrit
3104 4934 3319 4975 servum
3349 4936 3529 4984 suum,
3572 4930 3757 4989 postea
3799 4922 3945 4975 illum
3979 4923 4175 4976 sentiet

2585 5024 2956 5070 contumacem
3004 5012 3199 5080 (Prov.
3249 5012 3390 5084 xu).
3441 5032 3459 5066 ι
3497 5014 3569 5067 De
3598 5029 3706 5082 quo
3740 5014 3986 5067 videlicet
4016 5027 4175 5069 servo

2583 5110 2667 5162 vir
2694 5108 2909 5176 sapiens
2939 5107 3014 5159 ait
3044 5124 3058 5160 :
3098 5124 3116 5157 ι
3151 5105 3385 5168 Cibaria,
3418 5114 3471 5159 et
3501 5106 3648 5175 virga
3673 5145 3687 5167 ,
3733 5113 3785 5159 et
3816 5120 3952 5159 onus
3980 5105 4173 5171 asino;

2583 5198 2758 5270 panis,
2792 5206 2847 5251 et
2872 5198 3179 5266 disciplina,
3208 5206 3261 5249 et
3290 5211 3427 5264 opus
3449 5210 3604 5251 servo
3636 5194 3825 5266 (Eccli.
3856 5197 4070 5265 XXXIII).
4105 5215 4123 5248 ι

3202 5286 3430 5342 CAPUT
3468 5286 3549 5341 lll.

2622 5381 2777 5446 Quod
2814 5378 3201 5449 impatientibus
3230 5381 3581 5448 correptiones
3618 5389 3737 5433 sunt
3768 5380 3917 5449 quasi
3950 5379 4136 5449 gladii.

2655 5470 2761 5525 Nec
2791 5471 2859 5523 ob
2892 5470 2941 5523 id
2985 5470 3099 5534 tibi,
3132 5470 3203 5522 ﬁli
3254 5470 3607 5533 charissimc,
3658 5479 3735 5524 tot
3768 5471 4173 5537 Scriptumrum

2584 5562 2889 5616 testimonia
2922 5577 3187 5616 coacervo
3246 5569 3303 5613 ut
3332 5572 3531 5616 sanctae
3566 5561 3761 5614 indolis
3799 5570 3902 5613 ture
3933 5559 4177 5615 moribus

2585 5659 2697 5709 lizec
2736 5655 2975 5725 judicent
3021 5653 3312 5725 expedire;
3382 5654 3473 5707 sed
3518 5652 3618 5706 hoc
3658 5654 3837 5721 potius
3893 5662 3947 5704 nt
3979 5654 4177 5707 coa‘vis

2585 5748 2691 5801 tuis
2740 5760 2802 5800 ex
2855 5754 2941 5799 tua
2977 5746 3182 5799 valeam
3216 5744 3503 5798 occasione
3541 5743 3843 5798 consulere.
3887 5738 4000 5795 Non
4032 5744 4174 5797 inim
