5882 6650
4 6359 942 6581 ᾗ.»

2543 452 2642 507 707

2991 444 3050 502 S.
3090 445 3290 500 PETRI
3325 441 3601 497 DAMIAM
3630 439 3780 496 OPP.
3820 434 4055 494 τοιιυε
4094 433 4221 488 SEU
4254 432 4432 487 PARS
4467 431 4552 485 111.
4582 461 4649 469 -
4683 427 5040 485 OPUSCULA
5081 421 5302 480 VARlA.

5643 426 5727 477 709

2538 578 2632 617 vas
2675 559 3052 616 lericbontinis
3097 572 3305 627 ptenum
3354 569 3508 623 aquis
3548 554 3703 606 nobis
3741 553 3958 603 allatum
3983 559 4089 609 est,
4120 555 4165 613 Α
4193 553 4434 607 ontentu,
4461 549 4632 596 zelum
4673 540 5025 610 corrept’ionls
5055 544 5118 592 de
5147 541 5367 590 lratrum
5407 534 5559 590 labiis
5603 535 5711 586 aute

2539 670 2673 723 quas
2710 669 2810 722 ego
2859 652 3063 705 scilicet
3117 650 3284 702 instar
3335 646 3495 700 Elisei
3537 643 3650 713 (IV
3678 642 3800 712 Reg.
3836 642 3937 709 tt),
3988 654 4096 693 cm-

2537 745 2688 798 lestis
2767 741 3036 810 sapientia:
3085 739 3195 793 sale
3238 751 3646 806 conspergerem
3681 776 3695 798 ,
3768 745 3823 787 et
3871 734 3947 786 sic
4001 745 4093 784 eas

2535 833 2891 887 amaritudine
2946 829 3277 884 delascarem.
3342 824 3448 880 Sed
3503 838 3602 880 nec
3647 823 3803 878 ollam
3868 831 3918 875 te
3980 820 4089 888 ple-

2537 937 2660 976 nam
2706 918 3097 987 colloquintidis
3147 913 3544 989 [coloeyntidis]
3589 909 3894 982 praebuisti,
3940 909 4094 977 cujus

2533 1010 2924 1064 amarissimum
2971 1018 3182 1078 gustum
3238 1007 3362 1059 trita
3407 1005 3568 1058 divini
3616 999 3763 1054 verbi
3816 999 3986 1052 farina
4037 998 4090 1050 in

2531 1099 2859 1154 dulcedinem
2898 1105 3153 1160 verteret,
3201 1096 3383 1163 sicque
3429 1091 3808 1162 prophetarum
3845 1087 3967 1141 [iliis
4002 1100 4091 1139 co-

2531 1191 2846 1246 mestibilem
2884 1191 3180 1244 exhiberet.
3213 1187 3329 1241 Non
3377 1186 3518 1238 enim
3566 1181 3772 1234 arundo
3808 1179 3918 1232 visa
3948 1193 4006 1232 es
4034 1178 4088 1230 in

2529 1281 2745 1334 deserto
2798 1290 2955 1333 vento
3000 1280 3198 1348 agitata
3245 1276 3452 1345 (Matth.
3503 1287 3600 1342 xx),
3653 1272 3746 1325 sed
3794 1272 3881 1323 illa
3912 1270 4087 1338 potius

2529 1384 2649 1438 qua:
2677 1367 2780 1422 mel
2822 1367 3062 1436 protulit,
3102 1367 3240 1419 unde
3285 1377 3584 1433 praecursor
3615 1360 3823 1414 Domini
3859 1358 4088 1410 Joannes

2526 1457 2680 1510 vixit.
2730 1455 3022 1519 Advexisti,
3072 1455 3258 1516 frater,
3294 1451 3586 1506 alvearium
3636 1451 3774 1504 favis
3823 1447 4084 1501 distillan-

2526 1545 2670 1599 tibus
2703 1543 2947 1614 plenum;
2970 1543 3240 1612 praebuisti
3269 1550 3320 1594 te
3355 1540 3511 1594 nobis
3546 1554 3730 1608 agrum
3759 1554 3862 1592 non
3895 1536 4083 1602 ligoni-

2524 1632 2627 1685 bus
2669 1632 3024 1692 sarriendum,
3070 1631 3163 1685 sed
3206 1629 3377 1699 plenis
3417 1629 3529 1697 jam
3571 1627 3794 1682 falcibus
3834 1626 4085 1678 desecan-

2524 1721 2682 1786 dum;
2727 1736 2832 1774 non
2861 1720 3063 1774 scilicet
3098 1719 3317 1787 paliuris
3345 1732 3408 1770 ac
3434 1716 3682 1785 vepribus
3708 1714 4085 1767 inhorrescen-

2525 1819 2654 1873 tem,
2686 1811 2778 1864 sed
2807 1809 3217 1864 exuberantium
3261 1805 3514 1860 messium
3546 1804 3739 1857 decore
3779 1801 4080 1855 ﬂaventem.

4197 642 4339 685 runt.
4373 632 4522 686 Unde
4562 639 4615 684 et
4645 631 4752 683 illic
4779 631 5022 683 subditur
5057 647 5068 680 :
5112 646 5129 677 ι
5181 625 5599 680 Caverantenim
5623 623 5725 676 Plii-

4195 722 4387 775 listhmi
4433 737 4499 775 ne
4532 721 4667 774 forte
4715 720 4960 773 facerent
4992 717 5192 772 Hebrmi
5229 716 5457 786 gladium
5514 723 5598 766 aut
5631 715 5706 766 lan

4193 825 4342 863 ceam
4397 809 4448 878 (I
4481 808 4606 878 Reg.
4643 809 4782 877 xui).
4829 828 4846 859 ι
4883 806 5035 862 Unde
5083 805 5236 874 paulo
5284 815 5440 871 post:
5479 820 5496 851 ι
5535 801 5725 855 Retusa'

4194 899 4375 966 itaque
4418 907 4573 951 erant
4601 897 4744 949 acies
4772 909 5068 956 vomerem,
5101 903 5151 946 et
5177 892 5428 961 ligonum,
5457 894 5508 943 et
5540 889 5726 941 triden-

4193 998 4324 1050 tum,
4363 996 4416 1040 et
4459 987 4725 1041 securium
4746 1025 4760 1046 ,
4787 997 4956 1051 usque
4985 983 5049 1035 ad
5079 983 5350 1035 stimulum
5373 976 5725 1044 corrigendum

4190 1077 4400 1146 (Ibid.).
4434 1096 4452 1128 ι
4493 1077 4627 1130 Dum
4667 1072 4960 1149 Philistlttei
4998 1073 5180 1126 timent
5207 1070 5425 1137 gladios,
5456 1067 5637 1122 tollunt
5660 1066 5725 1117 la-

4188 1168 4345 1230 bros;
4371 1175 4451 1232 ut,
4474 1167 4599 1220 dum
4612 1178 4880 1216 armorum
4897 1160 5221 1214 fabricatura
5244 1157 5606 1222 compescitur,
5631 1167 5723 1206 non

4188 1259 4258 1311 sit
4287 1258 4450 1310 etiam
4482 1257 4571 1323 qui
4599 1262 4793 1308 caetera
4833 1249 5117 1305 exercendi
5157 1245 5352 1299 laboris
5382 1243 5621 1298 utensilia
5652 1241 5724 1294 fa-

4186 1347 4447 1409 bricetur,
4495 1343 4749 1412 Apostolo
4800 1343 4991 1410 quippe
5040 1344 5265 1392 testante
5301 1353 5314 1387 :
5347 1353 5365 1384 ι
5392 1332 5606 1387 Gladius
5634 1331 5725 1395 spi-

4187 1441 4323 1492 ritus
4349 1446 4432 1491 est
4466 1437 4686 1489 verbum
4718 1434 4809 1486 Dei
4853 1430 5064 1500 (Ephes.
5106 1429 5202 1494 vi).
5256 1445 5271 1476 ι
5326 1424 5472 1479 lluuc
5501 1422 5721 1492 gladium

4183 1529 4308 1596 quia
4335 1526 4575 1596 perversi
4613 1525 4800 1578 timent
4828 1522 5067 1592 spiritus,
5099 1519 5278 1572 fabros
5303 1516 5368 1569 de
5405 1525 5541 1568 terra
5573 1511 5723 1564 Israel

4183 1615 4456 1676 auferunt,
4504 1615 4630 1665 dum
4673 1627 4766 1666 eos
4813 1611 4903 1679 qui
4950 1611 5268 1678 redarguere
5319 1602 5720 1669 delinquentium

4183 1713 4360 1758 errata
4392 1703 4704 1762 debuerant,
4729 1715 4759 1753 a
4789 1699 5012 1752 tenenda
5036 1709 5276 1750 censura
5300 1691 5570 1758 disciplina
5591 1703 5720 1742 como

4182 1802 4438 1864 pescunt;
4477 1802 4531 1846 et
4573 1793 4670 1844 hac
4715 1788 5044 1858 negligentiae
5092 1781 5432 1838 dissolutione
5479 1779 5722 1845 contingit

2526 1900 2642 1968 Quo
2672 1910 2880 1964 contra,
2911 1899 2976 1954 de
3005 1899 3299 1970 negligente
3324 1911 3387 1952 ac
3413 1894 3556 1951 fatuo
3577 1895 3659 1948 vir
3688 1893 3900 1964 sapiens
3921 1893 4078 1949 dicit:
4117 1901 4157 1961 Β
4189 1894 4245 1938 ut
4296 1886 4346 1938 in
4412 1890 4688 1937 servorum
4752 1881 4843 1934 Dei
4899 1879 5194 1947 quibusque
5239 1870 5579 1926 conventibus
5626 1883 5720 1920 l.0.’l

2528 2011 2548 2044 s
2587 1992 2689 2047 Per
2728 1985 2914 2062 agrum
2954 1991 3185 2045 hominis
3211 1989 3346 2059 pigri
3379 1988 3620 2048 transivi.
3650 1996 3705 2041 et
3748 2001 3842 2054 per
3873 1988 4080 2039 vincant

2521 2080 2705 2144 stulti,
2750 2089 2805 2133 et
2859 2093 2983 2133 ecce
3029 2080 3214 2131 urtica:
3269 2077 3446 2130 omnia
3501 2075 3832 2144 repleverant
3885 2073 4077 2144 (Prov.

2524 2166 2692 2236 xxiv).
2729 2186 2747 2217 ι
2778 2167 3178 2236 ltupatientibus
3202 2179 3332 2219 sane
3359 2165 3725 2232 correptiones
3747 2164 3898 2231 quasi
3922 2163 4081 2233 gladii

2523 2265 2667 2322 sunt,
2708 2256 2800 2310 sed
2837 2257 2881 2310 si
2913 2249 3094 2308 volunt
3133 2265 3186 2307 ut
3227 2255 3280 2308 hi
3312 2253 3470 2324 gladii
3496 2261 3776 2306 vertantur
3803 2253 3856 2305 in
3895 2251 4080 2315 falces,

2521 2345 2727 2398 hirsuta
2770 2344 3018 2398 vitiorum
3059 2358 3276 2396 suorum
3327 2342 3565 2406 dumeta,
3596 2341 3790 2410 quibus
3834 2340 4080 2402 horrent,

2520 2438 2890 2501 permutentur
2930 2432 2984 2485 in
3034 2445 3256 2485 messes.
3293 2427 3444 2485 Unde
3479 2429 3740 2499 prepheta
3777 2441 3901 2482 cum
3941 2441 4080 2497 preco

2521 2521 2752 2576 misisset
2773 2519 2839 2576 de
2859 2521 3136 2575 Salvatore
3159 2528 3364 2586 nostro,
3389 2519 3512 2589 quia
3542 2538 3562 2571 α
3585 2518 3848 2586 iudicabit
3869 2527 4082 2588 gentes,

2518 2618 2576 2661 et
2624 2617 2812 2678 arguet
2854 2608 3072 2678 populos
3116 2608 3347 2674 multos,
3382 2628 3401 2660 ι
3434 2610 3680 2679 protinus
3723 2610 3872 2664 addit
3911 2624 3925 2662 :
3961 2626 3981 2660 t
4015 2609 4082 2663 Lt

2519 2697 2824 2752 conﬂabant
2863 2697 3065 2768 gladios
3093 2714 3218 2752 suos
3246 2699 3297 2752 in
3322 2713 3599 2764 vomeres,
3627 2706 3683 2754 et
3716 2698 3932 2754 lanceas
3957 2712 4082 2754 suas

2517 2792 2570 2844 in
2612 2788 2777 2842 falces
2820 2787 2950 2857 (lsa.
2982 2788 3064 2857 ll).
3096 2806 3114 2839 ι
3151 2786 3410 2842 Nimirum
3463 2803 3733 2857 congruus
3771 2790 3920 2850 ordo,
3953 2786 4078 2842 dum

2512 2877 2744 2948 primum
2772 2876 2986 2946 quidem
3015 2883 3263 2944 peccator
3305 2876 3584 2946 arguitur:
3613 2876 3805 2930 deinde
3829 2873 3992 2944 gladii
4021 2875 4076 2931 in

2514 2979 2780 3028 vomeres,
2809 2972 2864 3017 et
2900 2962 3058 3035 737
3095 2963 3293 3018 lancea:
3320 2962 3618 3017 conllantur
3642 2963 3696 3017 in
3735 2961 3918 3016 falces.
3944 2962 4076 3016 Nam

2516 3057 2642 3109 dum
2673 3054 2955 3122 impatiens
2978 3053 3242 3122 quispiam
3285 3063 3380 3120 per
3423 3038 3756 3123 disciplinam
3788 3053 3964 3106 mitior
3992 3052 4075 3106 fa-

2514 3153 2654 3204 ctus,
2682 3153 2931 3211 tanquam
2966 3131 3158 3210 planus
3181 3155 3309 3208 ager
3339 3140 3717 3210 increpationis
3745 3140 3918 3194 cultro
3953 3156 4064 3209 pro-

4184 1973 4341 2030 ωοῠο
4391 1985 4555 2025 sacrae
4585 1967 4980 2039 praedicationis
5029 1977 5205 2018 sermo
5227 1968 5392 2014 cesset
5425 1957 5609 2019 audiri,
5632 1956 5719 2006 sed

4182 2077 4234 2120 et
4294 2068 4638 2118 honestarum
4691 2061 4885 2112 artium
4918 2055 5172 2111 exercitia
5197 2052 5433 2108 desinant
5485 2049 5723 2118 fl'equen-

4183 2157 4306 2209 tari.
4351 2154 4480 2207 Nam
4534 2154 4655 2220 quia
4704 2150 4946 2203 disu'icta
4986 2145 5275 2216 magisterii
5323 2158 5413 2197 eos
5455 2141 5718 2209 disciplina

4183 2260 4286 2298 non
4311 2244 4579 2311 reprimit,
4614 2239 4844 2308 propriis
4889 2235 5247 2288 voluntatibus
5291 2231 5469 2290 dediti,
5499 2230 5721 2282 scribere

4182 2335 4457 2394 nesciunt,
4486 2331 4618 2383 artis
4639 2330 4876 2382 honesta:
4918 2326 5000 2377 vel
5024 2337 5271 2377 manuum
5300 2319 5547 2373 exercitia
5584 2317 5718 2368 nulla

4182 2417 4521 2482 condiscunt,
4551 2433 4670 2471 cum
4698 2413 4981 2485 Apostolus
5003 2412 5179 2465 dicat:
5220 2427 5238 2459 t
5261 2409 5358 2475 Qui
5380 2423 5479 2460 non
5503 2405 5716 2466 laborat,

4182 2525 4290 2564 non
4337 2509 4622 2562 manducet
4649 2504 4729 2575 (ll
4765 2503 4940 2556 Thess.
4970 2501 5072 2568 ιιι).
5109 2518 5127 2550 ι
5162 2500 5288 2564 Quae
5333 2496 5577 2548 nimirum
5605 2509 5716 2546 cum

4181 2602 4285 2658 sibi
4328 2600 4437 2654 sint
4478 2595 4801 2656 necessaria,
4825 2591 5102 2646 saeculares
5128 2589 5289 2650 viros,
5328 2585 5407 2638 vel
5440 2584 5597 2638 etiam
5640 2597 5718 2634 re-

4181 2692 4378 2762 probos
4417 2691 4640 2749 adeunt,
4673 2685 4923 2755 quoniam
4958 2684 5070 2735 haec
5102 2679 5238 2747 apud
5267 2689 5325 2730 se
5362 2674 5590 2742 reperire
5618 2685 5716 2722 non

4180 2791 4419 2852 possunt.
4447 2779 4596 2834 Unde
4622 2777 4727 2829 illic
4754 2775 4951 2827 dicitur
4974 2790 4987 2822 :
5019 2790 5036 2821 ‹
5075 2767 5435 2824 Descendebat
5457 2778 5582 2832 ergo
5608 2777 5718 2814 οωο

4180 2851 4264 2924 bis
4303 2869 4464 2923 Israel
4495 2867 4563 2919 ad
4590 2863 4914 2918 Philisthiim
4933 2901 4947 2925 ,
4979 2868 5038 2912 ut
5058 2862 5342 2911 exacueret
5367 2851 5719 2918 unusquisque

4177 2974 4448 3014 vomerem
4477 2970 4656 3019 suum,
4684 2963 4738 3008 et
4761 2953 5012 3022 ligonem,
5043 2957 5096 3002 et
5116 2945 5361 3006 securim,
5384 2951 5438 2994 et
5460 2940 5716 2999 sarculum

4249 3009 4550 3117 xui).
4588 3065 4607 3097 ι
4635 3009 4954 3112 lsrael'ergo
4975 3009 5040 3095 ad
5061 3037 5515 3101 Who?!
5537 3046 5718 3088 aSceu-
5775 3009 5794 3150 ι

4177 3139 4273 3200 dit,
4301 3141 4393 3192 sed
4419 3135 4707 3198 descendit,
4736 3144 4793 3186 ut
4811 3132 5050 3185 utensilia
5084 3147 5192 3184 suae
5217 3128 5376 3198 738
5400 3125 5718 3179 necessitatis

2510 3235 2795 3302 scinditur,
2823 3232 3014 3287 deinde
3037 3231 3186 3285 suavi
3228 3231 3430 3286 semine
3459 3240 3659 3286 sancta:
3682 3230 4072 3300 praedicationis
4100 3235 4144 3296 C
4174 3241 4420 3292 exacuat,
4453 3243 4576 3283 cum
4607 3227 4776 3280 sancti
4804 3226 5009 3280 ordinis
5039 3224 5135 3276 viri
5170 3233 5237 3275 au
5265 3217 5589 3273 saecularium
5617 3217 5714 3266 ima

2511 3324 2832 3393 aspergitur,
2857 3331 2912 3376 et
2948 3322 3027 3376 sic
3054 3322 3266 3376 demum
3305 3321 3527 3376 fecunda
3558 3321 3819 3376 bonorum
3849 3335 4069 3390 cperum

2511 3413 2666 3482 fruge
2716 3412 2939 3466 vestitur
2984 3425 2999 3462 :
3046 3410 3173 3464 huic
3207 3409 3512 3464 scilicet‘et
3560 3409 3717 3480 gladii
3767 3408 3891 3463 facti
3947 3418 4074 3463 sunt

2512 3520 2775 3569 vomeres,
2805 3514 2858 3558 et
2886 3504 3082 3558 lancea:
3111 3506 3492 3558 convertuntur
3521 3503 3575 3558 in
3607 3501 3788 3559 falces.
3819 3501 3953 3569 Quia
3979 3501 4070 3570 qui

2515 3595 2830 3665 reprehendi
2862 3597 3008 3663 prius
3038 3604 3287 3663 tanquam
3333 3594 3507 3664 gladio
3542 3589 3758 3663 perfom'
3781 3592 4068 3656 devitabat,

2513 3701 2657 3739 nunc
2693 3695 2747 3738 et
2774 3698 3048 3738 vomerum
3078 3698 3244 3738 sacra:
3272 3683 3526 3737 doctrina
3555 3675 3788 3736 libenter
3823 3681 4067 3745 sustinet,

2512 3786 2570 3829 ut
2596 3775 2772 3845 fruges
2795 3775 2966 3839 ferat;
2997 3783 3052 3828 et
3077 3773 3264 3828 falcem
3291 3786 3533 3844 superne
3562 3773 3842 3828 messionis
3880 3786 4070 3841 exspeo

2509 3876 2640 3933 ctat,
2671 3876 2728 3920 ut
2753 3847 2934 3921 horrei
2955 3864 3189 3919 caelestis
3221 3865 3642 3936 promptuarium
3665 3862 3894 3923 repleat.

3113 3973 3335 4030 CAPUT
3365 3973 3453 4029 1V.

2508 4086 2663 4152 Quod
2694 4087 2747 4138 in
2776 4086 3031 4153 religiosis
3061 4088 3388 4138 conventibus
3413 4084 3482 4138 ad
3510 4084 3795 4154 regularem
3829 4085 4068 4154 discipli-

2822 4156 3018 4224 plt'nam
3050 4155 3336 4207 necessaria
3361 4164 3435 4213 est
3469 4156 3738 4222 correptio.

2581 4245 2883 4316 Spiritualis
2928 4244 3086 4313 plane
3126 4244 3353 4314 quisque
3393 4252 3709 4310 conventus,
3758 4244 3805 4298 si
3842 4244 4066 4298 fraterni

2508 4335 2606 4390 zeli
2658 4333 2923 4402 frequenti
2976 4333 3317 4402 correptione
3361 4349 3465 4386 non
3516 4333 3713 4400 utitur,
3760 4333 4067 4390 Israelitica

2505 4425 2680 4494 plebis
2721 4426 2942 4494 mystica
2986 4424 3192 4479 laborat
3233 4424 3409 4494 inopia
3445 4439 3603 4495 :qum
3631 4425 3899 4490 videlicet,
3933 4425 4065 4480 inci-

2505 4517 2687 4582 piente
2737 4515 2867 4568 Saul
2911 4515 3052 4584 regis
3097 4515 3336 4584 imperio,
3367 4514 3576 4570 fabrum
3630 4514 3910 4570 ferrarium
3956 4530 4060 4570 non

2511 4579 2766 4666 habebat.
2791 4607 2927 4661 Dicit
2955 4579 3096 4660 enim
3126 4579 3401 4676 scriptura
3435 4624 3448 4659 :
3486 4623 3504 4658 ι
3541 4606 3674 4673 Quia
3705 4607 3855 4663 faber
3887 4607 4058 4663 ferra-
4086 4579 4140 4640 D

2506 4702 2621 4754 rius
2647 4713 2751 4760 non
2782 4697 3148 4751 inveniebatur
3189 4697 3242 4750 in
3271 4695 3416 4751 omni
3446 4706 3586 4751 terra
3631 4696 3792 4753 lsrael
3820 4697 3906 4767 (ll
3927 4697 4056 4768 Reg.

2506 4791 2648 4858 xttt).
2685 4807 2703 4840 ι
2739 4787 2906 4842 Porro
2932 4786 3076 4841 sicut
3121 4786 3322 4840 ferrum
3367 4786 3576 4856 reliqua
3608 4786 3820 4841 metalla
3848 4785 4060 4844 fortiter

2506 4883 2748 4943 edomat,
2779 4887 2854 4929 tta
2896 4874 3252 4945 correptionis
3303 4875 3523 4931 malleus
3572 4876 3702 4930 vitia
3749 4875 4059 4946 delinquen-

2506 4970 2643 5024 tium
2672 4965 2933 5036 reprimit,
2963 4973 3018 5020 et
3044 4964 3196 5034 quasi
3224 4964 3462 5019 cudendo
3488 4965 3671 5036 rigida:
3694 4966 3890 5020 mentis
3909 4965 4056 5019 duri-

2506 5059 2638 5112 tiam
2666 5053 2880 5123 frangit.
2927 5055 3060 5108 Hinc
3083 5063 3162 5109 est
3189 5056 3329 5124 quod
3359 5055 3425 5109 de
3451 5056 3566 5125 ipso
3598 5055 3868 5110 fabrorum
3902 5057 4060 5125 spiri-

2512 5145 2736 5200 tualium
2792 5143 3029 5210 principe
3073 5158 3171 5210 per
3220 5144 3410 5198 Isaiam
3463 5146 3696 5200 dicitur:
3728 5165 3746 5197 ι
3787 5146 3920 5200 Ecce
3961 5161 4061 5217 ego

2509 5235 2692 5289 creavi
2738 5231 2960 5286 fabrum
2985 5231 3276 5287 sumantem
3314 5235 3365 5288 in
3395 5235 3515 5305 igne
3540 5217 3786 5304 prunam,
3811 5247 3867 5290 et
3885 5235 4060 5306 profe-

2512 5334 2717 5381 rentem
2766 5339 2863 5378 vas
2911 5324 2966 5377 in
3015 5338 3147 5392 opus
3188 5339 3336 5377 suum
3387 5324 3520 5395 (Isa.
3551 5327 3679 5396 Liv).
3717 5347 3735 5378 ι
3787 5329 3862 5382 De
3917 5327 4061 5381 ferro

2507 5427 2719 5486 quoque
2758 5411 3108 5466 Ecclesiastes
3141 5411 3303 5465 dicit:
3331 5434 3350 5466 ι
3385 5413 3441 5468 Si
3473 5424 3704 5469 retusum
3743 5415 3906 5471 fuerit
3946 5417 4058 5472 fer-

2509 5517 2650 5566 rum,
2679 5507 2734 5554 et
2760 5501 2859 5556 hoc
2891 5515 2994 5553 non
3022 5509 3079 5554 ut
3099 5502 3268 5570 prius,
3297 5503 3389 5555 sed
3410 5503 3708 5558 bebetatnm
3737 5506 3861 5566 erit,
3892 5506 4058 5559 multo

2509 5593 2692 5645 labore
2727 5600 3035 5653 exaeuetur,
3066 5599 3184 5660 post
3231 5592 3540 5646 industriam
3581 5596 3820 5663 sequitur
3842 5597 4055 5664 sapien-

2509 5682 2580 5735 tia
2612 5679 2808 5748 (Hrcle.
2835 5683 2912 5749 x).
2942 5700 2960 5732 ι
2987 5681 3090 5736 Sed
3113 5680 3405 5737 Philistlia‘i
3431 5682 3496 5736 de
3521 5693 3656 5737 terra
3687 5684 3845 5738 Israel
3879 5685 4056 5737 fabros

2509 5771 2760 5825 ferrarius
2789 5769 2999 5838 tollunt,
3017 5786 3135 5825 cum
3164 5773 3375 5842 maligni
3408 5773 3641 5841 spiritus,
3673 5773 3813 5829 falsa:
3843 5777 4055 5845 pietatis

4175 3309 4477 3386 declinant,
4522 3328 4581 3372 ut
4637 3320 4704 3372 ab
4760 3319 4839 3371 eis
4897 3317 4998 3369 sibi
5052 3312 5388 3368 commodum
5445 3305 5717 3373 cujuslibet

4173 3414 4418 3468 utilitatis
4477 3411 4777 3479 acquirant.
4829 3407 4986 3461 Vides
5039 3419 5166 3474 ergo
5229 3404 5348 3472 quia
5385 3401 5426 3453 si
5470 3402 5531 3452 de
5568 3411 5715 3450 sacro

4173 3500 4438 3558 cohventu
4488 3501 4882 3569 correptionum
4930 3511 5155 3550 censura
5193 3490 5534 3552 subtrahitur,
5563 3489 5714 3541 disci-

4171 3593 4328 3662 plinae
4394 3593 4541 3662 vigor
4599 3590 4836 3644 funditus
4894 3595 5206 3648 enervatur,
5257 3593 5310 3636 et
5364 3580 5542 3648 religio
5611 3587 5713 3629 tota

4171 3683 4495 3746 destruitur;
4533 3682 4680 3750 quia,
4713 3682 4836 3733 dum
4861 3676 5220 3744 unusquisque
5246 3670 5467 3740 proer
5485 3667 5716 3734 sequitur

4173 3773 4460 3827 voluntatis
4489 3770 4791 3832 arbitrium,
4816 3767 4882 3820 ad
4913 3766 5187 3820 saecularia
5216 3763 5440 3820 rediens,
5471 3757 5715 3826 spiritua-

4169 3868 4235 3922 lis
4262 3864 4612 3920 observantia:
4633 3859 4794 3914 violat
4821 3861 5139 3911 institutum.
5175 3851 5322 3908 Unde
5351 3847 5591 3918 quisquis
5634 3853 5712 3897 est

4168 3957 4256 4010 cui
4312 3953 4571 4022 regularis
4618 3951 4742 4002 vita
4794 3946 4973 4001 fervor
5011 3945 5302 4005 ‘intestuat,
5355 3938 5711 4005 correptiones

4170 4045 4396 4099 libenter
4434 4039 4804 4112 amplectitur;
4832 4046 4908 4101 et,
4955 4045 5079 4089 tunc
5124 4035 5282 4086 etiam
5307 4043 5424 4084 cuin
5463 4029 5711 4082 innocens

4167 4143 4273 4200 est,
4298 4135 4412 4190 suis
4459 4129 4963 4200 reprehensionibus
5009 4125 5322 4179 delectatur.
5370 4118 5480 4172 Non
5511 4128 5567 4171 ut
5594 4132 5709 4170 euut

4167 4223 4496 4280 conscientia
4536 4221 4789 4290 peccasse
4828 4217 5150 4278 remordeat,
5196 4215 5286 4267 sed
5331 4213 5577 4279 quoniam
5614 4212 5710 4262 hoc

4165 4317 4421 4385 prodesse
4467 4310 4675 4366 caeteris
4698 4307 5036 4364 audiemibus
5081 4315 5293 4374 sperat,
5325 4312 5379 4354 ut
5412 4305 5547 4353 unde
5576 4300 5706 4367 ipsa

4165 4407 4422 4459 innocens
4471 4411 4527 4456 et
4562 4401 4814 4464 mundus,
4862 4398 5123 4469 arguitur,
5171 4395 5283 4458 alii,
5335 4391 5415 4444 vel
5461 4392 5590 4460 lapsi
5632 4394 5708 4442 vel

4164 4497 4362 4566 lapsuri
4380 4533 4396 4559 ,
4420 4495 4560 4549 forte
4585 4493 4940 4560 corrigantur.

4789 4578 5014 4640 CAPUT
5049 4581 5115 4636 ν.

4233 4679 4342 4734 Car
4361 4679 4539 4732 beatas
4560 4673 4762 4729 Paulus
4793 4673 4993 4728 beatum
5016 4667 5227 4724 Petram
5250 4666 5638 4737 reprehenderit.

4234 4766 4385 4845 Unde
4413 4778 4554 4818 nunc
4578 4764 4645 4816 ad
4671 4763 4982 4816 memoriam
5010 4761 5146 4814 redit
5164 4757 5303 4827 quod
5330 4754 5542 4818 Paulus,
5570 4756 5709 4808 sicut

4163 4858 4230 4912 ad
4255 4855 4473 4912 Galatas
4497 4854 4704 4919 scribit,
4744 4854 4956 4907 beatum
4991 4849 5204 4904 Petrum
5241 4846 5598 4915 coapostolum
5630 4846 5708 4897 iu-

4159 4951 4431 5021 crepavit;
4465 4948 4559 5002 sed
4580 4949 4650 5013 ei,
4689 4961 4850 5017 quem
4873 4943 5017 5000 velut
5039 4940 5384 4997 discordando
5411 4938 5705 5007 redarguit,

4163 5040 4302 5093 votis
4347 5037 4690 5092 interioribus
4744 5033 5089 5089 concordavit
5130 5049 5142 5084 :
5197 5047 5215 5080 ι
5270 5029 5398 5084 Cum
5449 5028 5703 5088 venisset,

4161 5132 4362 5201 inquit,
4403 5129 4593 5184 Petrus
4648 5126 5022 5191 Antiochiam,
5071 5124 5123 5177 in
5168 5121 5356 5176 faciem
5404 5121 5451 5173 ei
5508 5120 5703 5181 restiti,

4160 5224 4284 5293 quia
4308 5219 4746 5292 reprehensibilis
4771 5218 5065 5273 videbatur.
5089 5213 5240 5270 Prius
5261 5214 5400 5268 enim
5428 5226 5583 5280 quam
5609 5226 5702 5264 ve-

4160 5313 4338 5367 nirent
4367 5311 4584 5380 quidam
4611 5323 4640 5362 a
4667 5307 4886 5372 Iacobo,
4913 5321 5034 5361 cum
5062 5305 5306 5376 gentibus
5326 5302 5540 5366 edebat;
5579 5316 5702 5355 cum

4160 5412 4337 5456 autem
4407 5399 4707 5463 venissent,
4781 5395 5124 5451 subtrahebat
5172 5405 5229 5447 et
5278 5389 5586 5462 segregabat
5621 5405 5699 5455 se,

4164 5495 4358 5549 timens
4387 5505 4482 5546 eos
4500 5491 4592 5560 qui
4617 5503 4685 5543 ex
4715 5487 5121 5543 circumcisione
5139 5493 5293 5539 erant
5313 5479 5578 5553 (δειλὴ.)
5597 5479 5699 5535 Ubi

4161 5602 4283 5642 mox
4323 5586 4537 5640 additur
4570 5603 4583 5636 :
4624 5602 4642 5634 ι
4678 5583 4745 5638 Et
4782 5580 5106 5637 simulationi
5159 5578 5274 5646 eius
5318 5583 5698 5630 consenserunt

4160 5674 4543 5747 caeteriludaai,
4568 5677 4640 5730 ita
4668 5685 4727 5728 ut
4757 5685 4812 5729 et
4840 5673 5423 5727 Barnabas‘duccretur
5454 5667 5521 5720 ab
5537 5666 5616 5718 eis
5644 5667 5696 5716 in

4163 5778 4304 5829 illam
4327 5770 4724 5827 simulationem
4755 5765 4805 5837 (1
4812 5766 4968 5837 Μαί)
4996 5785 5012 5815 ι
5037 5763 5250 5834 Oquam
5273 5763 5398 5818 dura
5422 5760 5694 5830 superﬁcie
