5882 6608
913 376 1019 429 Ίύυ

1875 385 1878 387 Α
1938 345 2180 412 Druse.
2221 339 2430 405 XLv‘tt.
2473 376 2546 390 --
2579 341 2668 400 nt:
2717 339 3127 400 casurus.

4062 337 4169 388 ⁸110

905 495 1062 539 uenus
1090 478 1275 541 verba,
1305 483 1380 536 et,
1412 472 1454 528 si
1500 472 1627 528 solis
1664 469 2012 525 attendantur
2042 467 2104 522 in
2148 462 2388 532 syllabis,
2421 459 2490 513 ah
2519 461 2564 519 λ
2595 464 2713 510 tare
2743 455 3052 524 potuimus?
3075 453 3169 507 sed
3198 466 3295 520 per
3321 451 3548 523 gratiam
3580 449 3787 505 Domini
3814 449 3939 504 Jesu
3962 447 4170 506 Christi

903 569 1183 642 apostolici
1212 564 1460 621 culminis
1483 569 1746 633 gravitate
1781 559 2022 613 funditus
2047 557 2244 609 aliena.
2277 554 2482 642 Repref

902 659 1180 716 heusibilis
1207 664 1291 709 est
1321 655 1533 715 Petrus,
1586 653 1674 705 cui
1714 651 1780 704 ad
1813 646 2311 720 reprehendendum
2341 653 2397 699 et
2415 641 2481 697 ad

903 749 1282 818 corrigendum
1311 744 1596 798 commissa
1633 750 1756 796 sunt
1782 742 1959 794 omnia
2002 752 2164 807 regna
2212 746 2479 790 terrarum

901 839 1118 908 (Matth.
1150 834 1286 905 xvr).
1331 834 1384 887 In
1426 831 1616 886 faciem
1644 832 1692 885 ei
1721 829 2011 907 resistitur,
2040 827 2106 878 ad
2132 825 2285 894 cujus
2313 823 2483 890 impe-

903 927 1042 981 rium
1063 925 1226 998 janua
1264 922 1414 992 regni
1439 921 1678 977 caelestis
1699 917 1901 973 Christi
1927 914 2172 969 fidelibus
2207 912 2478 981 aperitur;

899 1015 1263 1072 simulationis
1290 1022 1478 1066 auctor
1506 1010 1784 1076 asseritur,
1811 1007 1902 1076 qui
1923 1005 2132 1077 primus
2152 1013 2236 1058 est
2263 1004 2315 1056 in
2345 1017 2481 1073 pra:-

901 1105 1228 1160 dicatoribus
1257 1103 1532 1161 veritatis;
1567 1108 1643 1162 et,
1667 1107 1729 1151 ut
1765 1097 2034 1166 cepiosior
2057 1096 2233 1148 adhuc
2252 1103 2478 1162 exagge-

902 1192 1010 1246 rari
1042 1193 1214 1245 valeat
1241 1191 1455 1260 injuria,
1487 1188 1773 1258 diligenter
1797 1185 2014 1240 attende
2036 1176 2164 1253 quid
2187 1182 2432 1251 sequitur
2463 1199 2474 1232 :

906 1299 924 1331 ι
957 1279 1063 1334 Sed
1107 1295 1226 1333 cum
1266 1279 1517 1331 vidissem
1561 1274 1703 1345 quod
1733 1290 1838 1328 non
1866 1281 2013 1328 recte
2052 1271 2398 1325 ambularent
2418 1269 2478 1322 in

899 1366 1475 1435 veritate'Evangclii,
1534 1366 1644 1420 dixi
1698 1364 1895 1434 Cepbte
1945 1378 2128 1417 coram
2177 1361 2476 1416 omnibus:

901 1460 958 1516 Si
992 1469 1071 1525 tu,
1102 1473 1224 1512 cum
1253 1455 1467 1510 Judteus
1497 1457 1593 1521 sis,
1626 1455 1899 1526 gentiliter
1927 1455 2084 1518 vivis,
2138 1461 2196 1508 et
2242 1467 2350 1508 non
2382 1451 2478 1507 Ju-

897 1550 1074 1614 daiee,
1098 1548 1367 1618 quomodo
1405 1557 1594 1618 gentes
1637 1546 1790 1618 cogis
1833 1543 2180 1600 Judaizare?»
2211 1540 2476 1613 (σοιν.)

897 1641 1040 1708 Quid
1075 1639 1310 1703 esthoc,
1338 1639 1497 1693 beate
1521 1637 1708 1702 Paule,
1750 1635 1895 1706 quod
1927 1636 2167 1705 priorem
2195 1643 2346 1689 tuum
2395 1629 2477 1685 in-'

898 1727 1303 1798 crepationibus
1359 1727 1585 1793 laceras,
1629 1721 2096 1796 Obiurgationibus
2145 1721 2475 1780 exaeerbas‘.’

895 1819 1013 1887 Quo
1034 1828 1192 1890 pacto
1231 1835 1334 1874 non
1367 1819 1571 1874 vereris
1596 1832 1720 1871 eum
1754 1813 1884 1883 ante
1913 1814 2193 1870 hominum
2225 1827 2320 1868 ora
2339 1826 2469 1868 ωει-
2500 1822 2545 1880 B
2571 1809 2712 1882 (Art-
2737 1825 2846 1872 xvt,
2872 1811 3008 1881 xxi).

896 1906 1139 1971 fundere,
1171 1909 1256 1964 cui
1299 1906 1519 1976 speciali
1547 1905 1673 1976 jure
1699 1916 2018 1960 concessum
2068 1913 2155 1958 est
2183 1902 2478 1957 universali

895 1999 1064 2051 totius
1092 1998 1241 2053 orbis
1267 1997 1520 2052 Ecclesiae
1544 1996 1869 2067 praesidere?
1888 1996 1969 2049 An
1995 1993 2241 2050 fortassis
2277 1992 2480 2048 excidit

894 2085 1038 2156 quod
1105 2102 1200 2142 vos
1254 2088 1556 2142 communis
1611 2081 1892 2156 utriusque
1947 2087 2137 2140 doctor
2190 2085 2480 2140 instruxit?

897 2193 918 2227 ι
970 2175 1026 2231 Si
1079 2179 1402 2245 peccaverit,
1457 2175 1655 2248 inquit,
1697 2178 1749 2232 in
1793 2187 1848 2233 te
1888 2177 2060 2232 frater
2087 2170 2233 2241 tuus,
2265 2176 2480 2247 corripe

891 2278 1015 2318 eum
1043 2267 1184 2322 inter
1237 2259 1287 2323 ie
1319 2278 1372 2323 et
1401 2267 1574 2338 ipsutn
1599 2267 1804 2333 solum;
1834 2268 1918 2323 sin
1958 2275 2140 2322 autem
2170 2277 2221 2323 te
2250 2281 2356 2325 non
2379 2282 2484 2325 an-

893 2353 1077 2420 dierit,
1105 2355 1301 2411 adhibe
1341 2356 1476 2413 duos
1501 2357 1581 2413 vel
1627 2365 1738 2414 tres
1783 2364 1948 2416 testes
1991 2354 2208 2426 (Matth.
2236 2355 2413 2426 xviii).
2453 2376 2472 2408 ι

893 2442 970 2497 Tu
1004 2459 1130 2500 vero
1173 2463 1277 2502 non
1331 2449 1539 2518 private
1590 2459 1934 2513 conventum,
1968 2460 2076 2504 non
2113 2447 2252 2503 clam
2291 2462 2477 2502 coram

894 2532 1123 2586 testibus
1171 2534 1492 2599 allocutum,
1545 2538 1640 2592 sed
1689 2537 1865 2608 palam
1901 2539 2152 2592 omnibus
2196 2538 2399 2608 arguis,
2423 2545 2478 2594 et

893 2620 1114 2691 insuper
1143 2623 1210 2677 ad
1255 2626 1589 2694 posteritatis
1617 2636 1857 2688 ventura:
1881 2624 2154 2690 notitiam,
2181 2627 2324 2695 quod
2353 2642 2479 2695 gra-

891 2710 1008 2765 vius
1038 2720 1141 2777 est,
1171 2714 1274 2768 hoc
1297 2722 1348 2768 te
1375 2715 1569 2771 fecisse
1593 2717 1913 2771 conscribis.
1944 2717 2025 2771 An
2045 2727 2095 2770 et
2128 2717 2256 2773 illud
2275 2719 2475 2773 oblitus

891 2812 952 2852 es
992 2801 1136 2868 quod
1161 2800 1445 2858 Timotheo
1476 2805 1588 2873 ipse
1611 2805 1862 2874 jussisti:
1906 2824 1926 2857 ι
1965 2805 2161 2861 Senem
2188 2822 2256 2862 ue
2297 2808 2474 2862 incre-

888 2891 1125 2956 pavcris,
1151 2893 1243 2945 sed
1266 2892 1491 2947 obsecra
1517 2903 1575 2947 ut
1609 2895 1857 2965 patrem?
1892 2912 1910 2945 ι
1941 2893 1993 2964 (1
2018 2893 2152 2948 Tim.
2177 2895 2256 2965 v.)
2286 2893 2394 2953 Sed
2418 2895 2472 2948 in

888 2993 952 3032 ea
975 2981 1118 3048 quod
1154 2979 1214 3033 Β.
1235 2980 1456 3037 Petrum
1479 2983 1677 3039 Paulus
1693 3000 1890 3039 coram
1916 2986 2168 3040 omnibus
2188 2986 2476 3044 manifeste

891 3069 1187 3137 redarguit,
1229 3071 1361 3126 foris
1392 3073 1621 3142 quidem
1673 3075 2040 3130 contradictor
2082 3075 2349 3143 apparuit.
2375 3077 2470 3133 sed

2588 549 2863 605 credimus
2903 546 3125 609 salvari,
3156 546 3612 614 quemadmodum
3644 551 3697 596 et
3727 543 3800 596 illi
3827 543 3964 612 (Act.
3993 543 4104 611 xv).
4146 559 4165 591 ι

2583 637 2813 691 Volebat
2833 649 2963 706 ergo
2983 633 3178 688 Petrus
3204 634 3542 702 permaxima
3557 644 3750 686 coram
3785 631 4039 684 omnibus
4077 645 4169 684 ar-

2584 729 2697 796 gui,
2724 728 2988 797 gaudebat
3012 725 3349 796 Ohjur-gantis
3391 724 3694 779 invectione
3719 721 3994 785 confundi,
4028 722 4171 776 utid
4214 740 4216 742 ν

2583 819 2725 886 quod
2766 818 2967 872 invitus
2998 818 3192 886 agebat
3234 823 3519 885 correptus
3555 814 3866 878 omitteret,
3906 822 3962 868 et
4006 812 4062 868 in
4087 827 4173 868 'eo

2583 908 2726 975 quod
2774 907 2923 962 solus
2973 914 3241 961 attentare
3291 905 3571 968 timuerat,
3623 904 3831 958 socium
3887 905 4168 958 inueniret.

2585 997 2784 1052 Paulus
2823 1011 2954 1068 ergo
2993 996 3155 1051 Petro
3199 1010 3331 1052 cum
3377 994 3602 1059 restitit,
3633 997 3792 1064 eique
3843 993 4032 1064 procul
4073 996 4174 1046 du—

2584 1088 2675 1142 bio
2701 1088 3025 1143 intrinsecus
3050 1087 3421 1150 coneordarit,
3433 1100 3594 1154 quem
3609 1087 3949 1140 extrinsecus
3962 1086 4139 1154 arguit
4154 1100 4170 1147 ;

2581 1178 2824 1247 alioquin
2853 1218 2867 1240 ,
2915 1178 3187 1247 quomodo
3227 1176 3430 1231 Patrius
3503 1176 3560 1231 in
3617 1175 3724 1230 alio
3787 1176 4174 1245 condemnaret

2583 1271 2727 1338 quod
2768 1271 2882 1338 ipse
2924 1283 3031 1323 non
3061 1268 3306 1344 dissimili
3336 1268 3656 1323 necessitate
3685 1268 3996 1337 compulsus
4020 1269 4166 1339 egis-

2584 1359 2704 1412 set?
2729 1357 2860 1412 Nam
2889 1367 3108 1428 propter
3126 1356 3368 1421 Judmos,
3415 1357 3506 1426 qui
3534 1346 3670 1428 legis
3688 1357 4087 1412 observantiam
4117 1364 4174 1412 et

2581 1441 2792 1504 veteres
2823 1450 2961 1504 ritus
3006 1449 3440 1504 tenendos'esse
3478 1447 3836 1519 perhibebant
3860 1488 3876 1513 ,
3905 1459 3961 1504 et
3983 1446 4172 1504 Timo—

2579 1542 2789 1607 theum,
2813 1542 3027 1609 gentilis
3054 1539 3308 1614 videlicet
3326 1537 3566 1596 hominis
3579 1539 3769 1604 filium,
3795 1539 4166 1595 circumcidit:

2579 1642 2634 1688 et
2666 1634 2802 1703 ipse,
2839 1642 3024 1686 votum
3070 1622 3302 1693 solvens,
3358 1631 3679 1700 sibimetipsi
3719 1630 4168 1701 eaput-rasit,"

2579 1721 2904 1776 sacrificium
2945 1722 3096 1790 juxta
3149 1712 3350 1778 veteris
3391 1720 3526 1790 legis
3572 1722 3924 1776 czeremonias
3944 1721 4166 1776 obtulit.

3097 1894 3266 1974 ἰω
3300 1897 3530 1957 CAPUT
3569 1902 3655 1956 vr.

2580 1991 2661 2044 An
2712 1991 2892 2044 brutus
2947 1987 3152 2043 Paulus
3204 1993 3490 2071 pet-caverit
3555 1991 3760 2044 beatum
3817 1989 4030 2048 Petrum
4082 1993 4168 2046 ob-

3245 2075 3493 2129 λυθείη.

2649 2148 2706 2204 ln
2734 2148 2838 2203 hoc
2864 2163 2994 2219 ergo
3028 2150 3176 2217 quod
3201 2149 3422 2202 Petrum
3460 2149 3736 2214 corripere
3766 2151 3914 2206 visus
3931 2160 4036 2212 est,
4069 2150 4169 2206 ob-

2579 2240 2902 2294 secundatus
2929 2251 3033 2304 est,
3063 2256 3170 2294 non
3222 2241 3582 2306 adversatus;
3627 2252 3683 2295 et
3743 2254 3848 2296 non
3905 2244 4169 2298 adversus

2576 2344 2722 2392 eum,
2755 2330 2897 2384 sicut
2943 2329 3276 2401 Porphyrius
3317 2331 3596 2399 opinatur,
3624 2334 3856 2402 superbe
3890 2333 4170 2403 pugnavit,

2577 2421 2670 2474 sed
2715 2421 2996 2475 humiliter
3045 2422 3389 2477 ministravit.
3425 2422 3550 2478 Hac
3574 2424 3830 2478 nimirum
3862 2422 4010 2478 Pauli
4044 2439 4169 2479 cor-

2577 2512 2749 2581 reptio
2779 2513 3140 2568 ministerium
3188 2514 3291 2569 fuit
3337 2514 3679 2581 obedientiae,
3712 2531 3820 2571 non
3858 2517 4165 2587 objurgatiu

2573 2600 2903 2672 disciplinae;
2946 2617 3051 2659 non
3081 2605 3362 2661 temeritas
3398 2603 3740 2672 invectionis,
3766 2605 3864 2661 scd
3893 2605 4167 2663 unam‘mis

2573 2694 2864 2747 concordia
2898 2695 3206 2750 voluntatis.
3267 2695 3346 2749 Tu
3402 2697 3607 2764 itaque.
3639 2696 4012 2762 dilectissime,
4039 2708 4164 2753 cum

2573 2794 2738 2850 super
2791 2783 3035 2852 qualibet
3085 2786 3371 2862 occasione
3432 2785 3763 2855 corripieris,
3811 2788 3975 2841 etiam
4017 2787 4062 2844 si
4109 2797 4166 2842 te

2573 2864 2868 2940 deliquisse
2895 2889 3238 2944 nequaqttam
3266 2877 3597 2931 conscientia
3626 2878 4166 2948 repreliendat,quod

2571 2960 2844 3028 obiectum
2899 2974 3005 3031 est,
3063 2965 3297 3019 libenter
3344 2966 3693 3036 amplectere,
3734 2967 4055 3036 culpabilem
4114 2980 4168 3023 te

2569 3068 2755 3108 coram
2783 3054 3043 3111 fratribus
3071 3057 3179 3112 tuis
3217 3058 3491 3112 humiliter
3519 3058 3796 3113 conﬁtere.
3827 3059 3978 3124 Quod
4007 3061 4170 3115 nitui-

889 3156 1052 3228 739
1074 3159 1253 3213 θοι-δίε
1278 3160 1395 3230 eius
1427 3169 1546 3216 νοω
1587 3162 1896 3233 complevit.
1937 3142 2180 3218 Gentiles
2202 3165 2347 3217 enim
2372 3175 2469 3218 γε,
2496 3156 2540 3218 (ς
2573 3151 2777 3196 rumet
2807 3142 2912 3198 illis
2936 3144 3044 3198 erit
3073 3144 3396 3199 imitationis
3412 3145 3739 3215 exemplum,
3771 3155 3826 3200 et
3849 3148 3942 3201 tibi
3969 3162 4162 3216 prove.

889 3247 1098 3303 nicutes
1128 3252 1192 3303 ad
1224 3250 1380 3306 fidem
1409 3268 1513 3306 non
1564 3254 1798 3308 audebat
1838 3255 2053 3319 Petrus,
2078 3255 2159 3309 eis
2183 3256 2460 3323 prasenti-

888 3339 987 3392 bus
1004 3341 1097 3410 qui
1121 3355 1184 3399 ex
1210 3343 1624 3400 circumcisione
1644 3346 2007 3410 crediderant,
2029 3346 2083 3400 in
2109 3347 2467 3403 conveseendi

885 3431 1146 3484 societate
1175 3433 1299 3500 reci,
1319 3448 1432 3496 ere,
1456 3449 1525 3491 ne
1545 3434 1794 3490 videlicet
1814 3435 1887 3490 illi
1908 3436 2218 3492 scandalum
2237 3437 2471 3492 sustine.

837 3532 842 3534 '
889 3527 1025 3581 rent,
1060 3527 1114 3572 et
1143 3537 1264 3575 mox
1298 3537 1328 3576 a
1367 3522 1469 3578 fide
1495 3523 1673 3580 adhuc
1704 3535 1886 3581 tenera
1926 3527 2026 3581 sub
2058 3528 2160 3582 hac
2183 3528 2470 3583 occasione

890 3611 1225 3664 recederent.
1271 3613 1337 3667 Et
1373 3614 1494 3668 ideo
1513 3616 1603 3684 qui
1632 3632 1754 3670 cum
1776 3617 2025 3686 gentibus
2054 3618 2214 3672 edere
2235 3622 2468 3674 'consueo

889 3710 1054 3762 verat,
1083 3702 1402 3769 quibusdam
1451 3721 1480 3758 a
1528 3704 1731 3760 Iacobo
1756 3707 2116 3772 venientibus,
2169 3708 2239 3762 ab
2279 3724 2466 3763 eorum

884 3800 941 3839 se
963 3790 1242 3843 consortio
1267 3792 1617 3847 subtrahebat
1647 3809 1660 3845 :
1691 3794 1889 3864 timens
1911 3794 2123 3850 sciiicet
2146 3810 2212 3850 ex
2237 3798 2469 3852 circuat-

874 3875 1084 3931 cisione
1096 3879 1468 3946 credentibus,
1493 3897 1579 3947 ne,
1604 3883 1646 3937 si
1669 3898 1790 3961 eum
1813 3886 2065 3944 convesei
2077 3887 2325 3956 gentibus
2348 3903 2471 3942 cer-

885 3976 1097 4029 nerent,
1135 3972 1371 4036 perlidite
1413 3973 1710 4041 periculum
1765 3976 2118 4031 sustinerent.
2165 3977 2299 4031 Nam
2340 3979 2466 4046 quia

882 4053 1076 4113 Petrus
1129 4060 1201 4112 ita
1236 4077 1329 4129 per
1359 4064 1537 4117 omnia
1583 4064 1854 4120 sentiebat
1905 4057 1972 4122 ut‘
2009 4067 2237 4132 Paulus,
2278 4077 2469 4138 gentes

883 4149 1091 4203 scilicet
1135 4150 1423 4207 observare
1483 4155 1620 4208 ritus
1666 4154 1922 4212 Iudaicos
1966 4174 2073 4212 non
2108 4159 2328 4224 debere,
2374 4161 2466 4229 qui

892 4235 1063 4291 Actus
1096 4239 1458 4308 apostoiorum
1487 4242 1614 4313 legit
1647 4245 1895 4302 dubitare
1943 4265 2049 4302 non
2088 4251 2326 4319 poterit:
2359 4253 2469 4305 imo

882 4329 1041 4401 hujus
1078 4335 1360 4389 sententize
1391 4336 1598 4405 primus
1633 4349 1825 4394 auctor
1850 4339 2045 4396 Petrus
2083 4342 2232 4396 inter
2250 4353 2470 4411 aposto-

882 4418 960 4475 los
983 4420 1357 4478 indubitanter
1384 4425 1682 4492 invenitur,
1710 4428 1864 4500 cujus
1888 4445 2031 4485 nunc
2060 4447 2089 4484 a
2119 4430 2295 4487 P‘anlo
2309 4434 2463 4502 quasi

2571 3235 2684 3302 niet
2711 3235 2763 3289 in
2789 3245 3083 3306 augmenta
3119 3239 3398 3291 virtutum.
3429 3237 3695 3292 Memento
3721 3239 3862 3307 quod
3889 3253 3987 3308 per
4012 3239 4168 3295 Sato-

2569 3339 2788 3382 monem
2816 3327 3047 3382 dicitur:
3070 3346 3090 3380 ι
3113 3324 3302 3382 Melius
3327 3337 3411 3382 est
3443 3343 3471 3382 a
3500 3327 3747 3397 sapiente
3764 3329 4165 3398 corripi,quam

2570 3418 2859 3472 stultorum
2906 3418 3215 3473 adulatione
3247 3419 3420 3489 decipi
3454 3419 3650 3489 (Eccle.
3678 3423 3826 3491 vn)»
3855 3421 4003 3477 Talis
4033 3437 4163 3496 ergo

2570 3507 2640 3560 sit
2664 3506 2918 3561 voluntas
2949 3517 3038 3560 tua
3091 3518 3147 3560 ut
3178 3509 3223 3560 is
3251 3508 3416 3561 etiam
3456 3508 3548 3578 qui
3595 3516 3645 3563 te
3688 3507 3832 3564 forte
3865 3511 4053 3565 durius
4068 3527 4167 3566 ar.

2570 3605 2717 3666 guct,
2751 3612 2875 3651 cum
2918 3597 2993 3651 tui
3035 3599 3216 3652 cordis
3243 3599 3544 3652 intentione
3579 3601 3905 3666 concordet;
3936 3609 3992 3656 et
4023 3602 4168 3657 ineo

2569 3687 2711 3756 quod
2741 3687 2794 3741 in
2822 3696 2873 3742 te
2893 3702 3055 3757 asper
3082 3683 3376 3752 invehitur.
3406 3691 3764 3759 morigeretur
3792 3693 3969 3761 potius
3997 3706 4163 3762 quant

2569 3778 2896 3834 obluctetur.
2935 3778 3300 3835 Praesentibus
3334 3781 3516 3851 itaque
3567 3786 3906 3838 conversatio
3950 3793 4040 3839 tua
4075 3786 4156 3838 lu-

2569 3876 2710 3929 ceat,
2730 3867 3042 3923 absentibus
3070 3867 3213 3922 fama
3245 3870 3296 3923 in
3326 3870 3703 3925 benedictione
3729 3873 3989 3927 redoleat.
4011 3873 4161 3937 Esto,

2569 3959 2709 4025 quod
2763 3961 3014 4028 superius
3070 3961 3326 4043 diximus,
3358 3978 3486 4033 ager
3537 3973 3593 4019 et
3643 3965 3949 4021 exuberans
4005 3969 4162 4042 copia

2569 4059 2813 4117 segetum
2867 4061 2924 4113 et
2950 4052 3166 4120 spirans
3197 4055 3548 4109 odorantibus‘
3570 4055 3990 4124 pigmentorum,
4024 4067 4081 4111 ut
4111 4062 4162 4112 in

2569 4145 2620 4190 te
2658 4153 2873 4206 quoque
2915 4139 3211 4196 delectetur
3269 4145 3618 4212 omnipotens
3674 4147 3833 4208 Deus,
3877 4156 3932 4199 et
3971 4147 4160 4200 dicat:

2573 4251 2590 4282 ι
2625 4230 2766 4284 Ecce
2794 4232 2930 4286 odor
2956 4233 3048 4286 filii
3080 4235 3208 4299 mei,
3243 4236 3385 4290 sicut
3411 4237 3547 4290 odor
3588 4237 3701 4308 agri
3757 4237 3922 4305 pleni,
3957 4239 4042 4292 cui
4071 4239 4147 4292 be

2568 4322 2774 4374 nedixit
2804 4322 2945 4378 Deus
2978 4323 3131 4394 (Cen.
3172 4327 3320 4394 xxv).
3357 4345 3376 4376 ι
3418 4327 3488 4382 Ut
3522 4329 3777 4396 quoniam
3823 4329 4164 4398 Ariprandus

2569 4411 2683 4480 ipse
2722 4414 2955 4480 vocaris,
2988 4431 3112 4470 ares
3140 4419 3334 4494 (ἀρετὴ)
3365 4427 3545 4473 autem
3573 4420 3748 4474 virtus
3786 4419 4006 4482 dicitur,
4037 4429 4156 4474 tau-

877 4512 1265 4580 pmvaricamr
1311 4515 1574 4584 argum".
1603 4517 1694 4572 Αίι
1715 4495 1860 4573 επίίιη
1887 4534 1902 4573 ε
1932 4539 1951 4571 ε
1996 4520 2149 4574 Nunc
2180 4537 2310 4592 erg“
2328 4495 2460 4592 ξμηά
2491 4495 2541 4554 D
2567 4517 2728 4571 quam
2746 4519 2875 4573 ager
2897 4506 3207 4561 uberrimus
3237 4510 3449 4563 centeni
3478 4509 3622 4564 feras
3651 4509 3858 4564 fructus
3882 4527 4156 4577 acervum,

880 4602 1102 4655 tentatis
1132 4600 1320 4666 Deum,
1345 4595 1622 4675 imponere
1637 4606 1828 4678 jugum
1853 4624 2016 4679 super
2033 4611 2274 4666 cervices
2293 4613 2458 4667 disci-

878 4688 1153 4757 pulorum,
1183 4692 1324 4761 quod
1356 4708 1529 4764 neque
1553 4705 1736 4766 patres
1765 4702 1955 4765 nostri,
1986 4715 2161 4772 neque
2189 4717 2288 4758 uos
2327 4718 2458 4774 por-

2565 4601 2621 4648 et
2650 4593 2759 4647 Deo
2788 4594 3075 4663 prandium
3117 4598 3378 4651 merearis
3401 4596 3597 4653 oﬂ‘erre
3625 4599 3906 4652 virtutum.

2889 4703 2970 4759 Sit
2996 4724 3180 4761 nomen
3208 4708 3422 4761 Domtni
3450 4710 3792 4761 benedictum.

889 4833 4142 4874 .___._.__..______________________________________

932 4921 1293 5064 ἰι-⁷η
1332 4947 2109 5056 OPUSCULUM
2156 4919 3298 5078 QUADRAGESIMUM
3376 4956 4092 5090 SEPTIMUM.

1671 5133 1778 5204 DE
1820 5131 2286 5195 CASTITATE,
2310 5134 2415 5194 ET
2471 5136 2749 5200 MEDIIS
2789 5142 2964 5203 EAM
2999 5143 3318 5205 TUENDI.

878 5332 1272 5389 ARGDIENTUI.
1291 5336 1630 5418 -—-.D.amiano
1653 5341 1830 5422 nepoti
1859 5341 2002 5396 inter
2022 5350 2246 5397 caeteras
2276 5332 2508 5425 virtutes
2533 5320 2840 5402 castitatem
2857 5350 3139 5471 (praecipue
3171 5327 3528 5406 commendat
3557 5367 3571 5404 :
3626 5365 3789 5433 quam
3840 5359 3898 5403 ut
3939 5349 4144 5407 facilius

950 5412 1186 5468 tueatur,
1217 5407 1456 5471 quotidie
1484 5417 1558 5460 ut.
1581 5409 1914 5465 Domintcum
1945 5426 2144 5471 corpus
2175 5416 2433 5471 percipiat
2469 5419 2678 5471 suadet.
2722 5416 2851 5471 Dein
2893 5434 2923 5471 e
2952 5429 3135 5471 contra
3169 5421 3395 5471 insidias
3427 5421 3688 5471 (immanis
3718 5421 3869 5471 illum
3911 5421 4132 5471 instruit

950 5412 1186 5483 meatur,
1217 5407 1456 5473 quotidie
1484 5417 1558 5483 ut.
1581 5407 2144 5483 Dominicumcorpus
2175 5415 2433 5483 percipiat
2469 5419 2678 5472 suadet.
2722 5416 2851 5472 Dein

2893 5434 2923 5472 e
2952 5429 3135 5473 contra
3169 5421 3395 5474 insidias
3427 5421 3688 5476 damonis
3718 5421 3869 5475 illum
3911 5421 4132 5479 instruit

947 5471 1256 5539 Postremo,
1288 5483 1346 5528 ut
1370 5490 1430 5532 se
1459 5478 1626 5538 priori
1650 5481 2017 5546 commendet,
2037 5471 2208 5552 petit':
2237 5471 2398 5554 quém
2430 5486 2499 5554 de
2527 5471 3550 5558 hospitalitateiservanda‘admoneat.

948 5603 1198 5674 Duratio
1224 5607 1542 5665 charissima
1573 5609 1680 5667 filio
1727 5612 1945 5671 Peritos
1977 5625 2230 5686 peccator
2271 5632 2457 5671 mona-

887 5697 1011 5753 tlius
1036 5707 1282 5755 paterna:
1303 5701 1605 5760 dilectionis
1627 5704 1895 5763 aﬂ‘ectum.

2634 5620 2773 5688 Quia
2804 5621 3108 5677 litterarum
3130 5622 3348 5694 gerulus
3387 5623 3547 5678 anxie
3598 5630 3755 5693 parat
3810 5623 3984 5686 exire,
4046 5639 4149 5678 non

2553 5726 2815 5780 possum,
2840 5727 2960 5781 qua:
2992 5712 3250 5768 mittenda
3280 5709 3665 5778 sunt,elimata
3700 5712 3824 5784 styli
3852 5713 4148 5784 digestione
