5882 6648
290 31 2022 249 *νν

2541 431 2634 488 πιι
2992 432 3048 489 S.
3077 433 3274 490 PETRl
3319 435 3594 491 DASllANl
3629 436 3777 494 OPP.
3824 438 4060 496 TOMUS
4096 438 4224 496 SFU
4260 441 4437 496 PARS
4476 441 4558 496 Ill.
4591 473 4655 483 —
4681 443 4864 500 OPUSt

3399 435 3594 491 .SllANl
3629 436 3777 494 OPP.
3824 438 4060 496 TOMUS
4096 438 4224 496 SFU
4260 441 4437 496 PARS
4476 441 4558 496 Ill.
4591 473 4655 483 —
4681 443 5033 501 OPL'SCL'LA
5080 445 5299 502 VABIJ.
5647 457 5722 510 7l2

2534 543 2904 609 conscribere;
2965 554 3121 614 teque
3151 552 3268 600 volo
3302 559 3357 600 ιιι
3406 560 3583 617 potius
3636 566 3745 603 vert
3792 551 4101 608 consideres
4129 560 4173 615 Α
4204 568 4348 622 ports
4403 565 4634 610 servavit
4681 555 5064 626 integritatem.
5120 559 5267 614 Unde
5312 560 5514 615 factum
5565 573 5639 618 est
5680 577 5723 620 ut

2532 651 2768 696 sensmn,
2797 650 2954 704 quam
2977 638 3254 703 aucuperis
3286 637 3546 692 lenocinia
3577 641 3853 709 phalerata
3899 642 4083 695 verbo-
4198 651 4436 710 utraeque
4463 647 4794 710 postmodum
4828 660 5042 700 sorores
5072 646 5326 718 eligerent
5346 651 5724 707 sanctimoniale

2534 738 2670 777 rum.
2695 722 2905 776 Interim
2937 724 3134 788 itaque,
3163 724 3286 777 dum
3315 735 3508 794 pratsto
3531 729 3828 782 rescribere
3868 743 4091 796 nequeo,
4195 732 4549 799 propositum,
4577 743 4631 787 et
4653 749 4819 803 usque
4846 735 5082 790 adfinem
5106 739 5226 791 vine
5249 739 5614 794 monachicum
5636 754 5725 796 ser-

2532 815 2878 870 snlﬁeiathoc
2909 813 2998 866 tibi
3027 815 3344 883 simpliciter
3387 818 3577 880 scribi,
3624 819 3763 886 quod
3813 819 4094 872 Timotheo
4198 828 4387 872 varent
4421 820 4960 890 irreprehcnsibiliter
4986 824 5306 880 institutum.

2533 902 2672 956 velut
2723 916 2956 970 aaqnzevo
3003 917 3098 971 per
3139 904 3420 972 epistolam
3478 906 3764 973 Apostolus
3803 908 4088 974 prmcipit:
4722 953 4878 1026 ⁷43
4914 953 5137 1011 CAPUT
5173 959 5210 1012 Η

2533 1010 2550 1026 ο
2581 991 2713 1026 num
2741 991 2895 1026 vnnin
2951 991 3114 1026 innuit
3173 995 3387 1026 nllnnrln
3412 992 3627 1026 Ιαιιίὶηηῖ
3702 995 4064 1026 ηνιυη-ιαιῖηηῖ

2532 1010 2550 1043 ι
2581 991 2714 1045 Dum
2741 991 2916 1050 venio.
2951 991 3144 1060 inquit,
3171 995 3387 1049 attende
3409 992 3650 1054 lcetioni.
3701 995 4091 1058 exhortationi,

2522 1085 2680 1146 atque
2716 1079 2970 1132 doctrinae
3018 1055 3067 1149 (1
3101 1078 3232 1132 Tim.
3260 1083 3352 1149 tv).
3386 1101 3402 1132 ι
3459 1082 3552 1135 Cui
3585 1083 3833 1135 nimirum
3877 1085 3986 1151 jam
4038 1055 4092 1140 et
4194 1055 4345 1124 Quo"
4396 1059 4634 1130 ﬁtquc"
4671 1067 4845 1118 θ¹¹τ¹¹⁰²

3400 1107 3402 1126 ,
3459 1082 3552 1135 cui
3585 1083 3833 1135 nimirum
3877 1085 3986 1151 jam
4038 1055 4092 1140 ei
4194 1055 4345 1124 Quod
4396 1059 4634 1130 frequens
4671 1067 5000 1151 euclrarlstite
5046 1073 5384 1147 susceptio”!
5449 1074 5723 1143 presidiuu

289 6429 815 6590 >~>

2522 1166 2622 1219 ista
2648 1167 3010 1236 praemiserat:
3043 1185 3061 1218 ι
3089 1168 3399 1238 Exemplum
3425 1181 3541 1224 esto
3565 1172 3798 1225 fidelium
3823 1174 3875 1225 in
3906 1176 4086 1236 verbo,
4109 1186 4113 1190 ”

2525 1256 2575 1308 in
2604 1258 3035 1319 conversatione.
3073 1259 3125 1312 in
3153 1260 3437 1324 charitate,
3463 1262 3515 1314 in
3550 1261 3670 1324 title,
3728 1264 3780 1316 in
3837 1266 4088 1318 castitate

2518 1345 2732 1415 (Ibid.).
2766 1365 2784 1397 ι

3027 1435 3249 1490 CAPUT
3291 1435 3576 1492 PRIMUM.

2625 1523 2776 1590 Quod
2813 1527 3064 1578 castitatis
3085 1529 3244 1579 virttis
3261 1526 3564 1594 junioribus
3597 1528 3855 1596 di/ﬁcilior
3893 1532 3977 1582 sit.

2584 1612 2653 1666 Et
2675 1622 2732 1666 ut
2759 1613 2823 1667 de
2845 1615 3054 1668 caeteris
3089 1613 3377 1669 virtutibus
3405 1631 3522 1682 qua:
3579 1632 3720 1669 nunc
3766 1633 3860 1685 per
3887 1620 4086 1686 episto-

2514 1699 2618 1756 lam
2641 1713 2970 1758 enumerata:
3018 1714 3140 1757 sunt
3187 1705 3400 1757 interim
3461 1714 3700 1770 taceam,
3755 1708 4082 1773 castitatem,

2513 1804 2675 1859 quam
2709 1793 2951 1846 ultimam
2980 1795 3153 1861 posui,
3182 1808 3286 1847 non
3319 1795 3369 1846 in
3404 1793 3658 1846 membris
3715 1800 4082 1852 tantummodo

4833 1138 5104 1189 castitatis.

4260 1263 4615 1328 Quamobrem
4645 1266 4862 1334 pudeat,
4889 1269 4994 1332 vel,
5020 1285 5051 1323 ο
5081 1269 5172 1335 fili,
5193 1269 5567 1329 vitiolibidinis
5586 1291 5722 1331 ener-

4189 1354 4348 1411 viter.
4379 1356 4461 1407 vel
4487 1357 4537 1407 in
4562 1359 4887 1423 cngitatione
4912 1364 5280 1425 succumbere,
5311 1362 5376 1416 de
5416 1379 5520 1432 quo
5567 1367 5722 1419 cernis

4189 1443 4538 1498 infirmiorem
4578 1454 4631 1499 et
4684 1446 4925 1516 fragilem
4970 1463 5155 1503 sexum
5212 1467 5330 1505 cum
5376 1462 5517 1506 tanta
5577 1455 5719 1525 gloria

4187 1533 4515 1602 triumphare
4541 1553 4552 1587 :
4581 1546 4655 1600 et,
4686 1547 4741 1590 ut
4774 1539 5089 1594 frementem
5113 1542 5336 1596 bestiam
5363 1546 5556 1609 valeas,
5587 1559 5638 1599 ut
5661 1548 5718 1600 ita

4186 1621 4393 1691 loquar,
4426 1641 4487 1677 ex
4518 1643 4644 1695 agro
4674 1630 4746 1680 Ini
4767 1628 4904 1693 juris
4935 1632 5215 1699 expellere,
5247 1644 5428 1706 satage
5461 1645 5531 1700 te,
5558 1636 5716 1700 frater,

4180 1713 4289 1782 jam
4315 1718 4549 1782 quotidie
4576 1718 5094 1789 Dominicieorporis
5141 1732 5194 1776 et
5243 1727 5514 1794 sanguinis
5557 1743 5720 1795 perce.

4185 1806 4363 1870 ptione
4389 1807 4612 1860 munire.
4651 1809 4830 1861 Videat
4851 1812 5090 1864 occultus
5123 1814 5289 1868 hostis
5319 1815 5456 1869 labia
5485 1826 5569 1871 tua
5588 1817 5718 1870 Chri-

2513 1882 2729 1936 stndeas
2750 1897 2965 1936 servare
2987 1885 3278 1952 corporeis,
3301 1885 3392 1936 sed
3420 1884 3534 1937 lucc
3549 1885 3735 1936 eadem
3757 1889 4082 1952 pcrmaxime
4113 1907 4154 1965 ῃ
4186 1897 4252 1946 sti
4292 1898 4482 1948 rubore
4517 1901 4779 1962 rubentia,
4811 1915 4929 1969 qtue
4984 1903 5199 1956 territus
5245 1905 5625 1972 perhorrescat,
5672 1918 5718 1960 ct

2513 1980 2697 2039 regnet
2725 1987 2786 2024 ac
2818 1973 2992 2042 vigeat
3036 1973 3087 2025 in
3119 1972 3412 2026 visceribus
3439 1975 3635 2027 cordis.
3695 1974 3845 2028 Nulla
3888 1979 4079 2048 quippe

2512 2061 2681 2116 virtus
2714 2071 2795 2116 est
2838 2078 2956 2132 qum
2995 2063 3045 2116 in
3077 2064 3450 2117 adolescenti-.1:
3481 2063 3610 2117 [lore
3639 2069 3882 2133 graviora
3908 2078 4079 2121 certa-

2512 2152 2653 2204 mina
2678 2151 2929 2221 perferat,
2968 2168 3124 2219 qnam
3151 2153 3396 2205 videlicet
3429 2153 3574 2206 velut
3608 2153 3658 2206 in
3691 2157 3903 2207 camino
3956 2174 4076 2210 sur-

2513 2242 2686 2310 gentis
2719 2241 2970 2304 incendii,
3032 2242 3302 2294 titillantis
3341 2241 3604 2295 illecebra:
3633 2246 3893 2309 genuinus
3918 2247 4078 2299 ardor

2513 2329 2806 2398 impugnat.
2837 2329 2940 2382 Sed
2963 2345 3082 2382 cum
3115 2331 3400 2397 super-hoc
3435 2333 3667 2383 themate
3691 2334 3842 2384 nobis
3864 2336 4076 2386 uberius

2512 2420 2783 2489 disputare
2814 2434 2921 2474 non
2946 2419 3121 2484 liceat,
3154 2420 3279 2489 quia
3325 2435 3438 2488 pra:
3469 2421 3631 2472 nimia
3657 2421 3931 2475 celeritate
3972 2440 4074 2478 non

2514 2519 2684 2574 vacat,
2709 2511 2834 2580 quid
2865 2513 2990 2565 mihi
3016 2513 3350 2581 itnperatrix,
3394 2512 3572 2583 Agnes
3597 2511 3722 2565 olim
3753 2515 3958 2567 scilicet
3985 2533 4078 2566 au-

2513 2614 2603 2652 reo
2627 2601 2838 2668 quidem
2865 2601 3162 2656 diademate
3195 2614 3473 2665 coronata,
3507 2615 3648 2656 nunc
3673 2611 3851 2656 autem
3913 2604 4077 2655 multo

2509 2687 2718 2744 felicius
2747 2699 2807 2744 et
2822 2691 3311 2761 incomparabiliter
3325 2695 3650 2748 eminentius
3667 2695 3718 2748 in
3740 2695 3878 2765 regis
3892 2697 4074 2751 :eterui

2507 2777 2742 2833 thalamo
2767 2780 3047 2842 collocata,
3076 2782 3326 2834 hesterno
3342 2781 3451 2848 jam
3483 2786 3771 2852 vespertini
3822 2789 4075 2855 temporis

2503 2866 2752 2920 elabente
2781 2869 3120 2934 crepusculo,
3165 2869 3368 2932 retulit,
3418 2870 3504 2924 hic
3551 2879 3814 2925 annotare
3865 2875 4073 2926 succin-

2504 2967 2590 3009 cte
2631 2956 2929 3024 raptimque
2957 2972 3060 3009 non
3093 2957 3392 3026 pigeat;ut
3435 2961 3576 3027 apud
3616 2963 3852 3012 animum
3905 2972 4070 3026 tmun,

2505 3061 2610 3098 non
2637 3055 2742 3098 tam
2775 3046 3028 3099 laciniosa
3054 3046 3302 3116 loquendi
3330 3049 3607 3115 prolititas
3663 3065 3820 3118 quam
3854 3052 4075 3120 insignis

2503 3136 2733 3204 exempli
2776 3137 3008 3204 dignitas
3053 3141 3414 3191 convalescat.
3466 3137 3633 3193 Porro
3678 3142 3800 3192 dtttn
3857 3148 4073 3210 prae-tata

2503 3223 2701 3277 Christi
2734 3238 2948 3293 sponsa,
2983 3223 3117 3276 etB.
3144 3224 3284 3278 Petri
3325 3226 3449 3287 tilia,
3480 3229 3528 3279 in
3574 3229 3812 3281 omnium
3848 3232 4073 3297 disposi-
4101 3239 4144 3300 ς
4178 3249 4398 3300 ecclesia
4434 3250 4538 3312 cui,
4594 3251 4702 3305 υεο
4731 3223 4971 3317 θυρίδων

2510 3314 2652 3366 tione
2688 3314 2941 3366 virtutum
2978 3314 3364 3369 delectabiliter
3392 3319 3652 3384 pascitur,
3689 3319 3738 3373 itt
3791 3325 4067 3376 tractanda

2506 3414 2685 3456 tamen
2727 3401 2992 3456 castitatis
3020 3402 3394 3471 pntlicititeqnc
3450 3407 3708 3460 nt’nntlilia
3751 3414 4071 3478 propensius

2503 3489 2840 3543 immoratur.
2879 3488 3028 3544 Unde
3049 3490 3246 3545 factutn
3271 3504 3353 3546 est
3376 3503 3454 3558 ιιι,
3512 3495 3636 3548 dum
3695 3500 3948 3552 nonnulla
4006 3503 4070 3554 de

2503 3577 2676 3632 salute
2725 3579 3025 3632 animarum
3064 3581 3264 3634 mutuis
3305 3581 3770 3638 confabularemur
3822 3588 4065 3656 eloquiis,

2499 3677 2554 3720 et
2581 3667 2844 3736 precipue
2867 3669 3018 3737 quasi
3049 3671 3305 3738 quosdam
3336 3685 3677 3728 versarctnus
3720 3678 3772 3729 in
3817 3682 4067 3734 manibus

2504 3757 2776 3810 vernantis
2816 3754 3064 3813 flosculos
3106 3761 3385 3822 castitatis.
3426 3758 3517 3814 illa
3572 3765 3671 3818 hoc
3724 3767 3774 3819 in
3835 3771 4064 3826 medium

2503 3847 2724 3914 protulit
2758 3865 2770 3900 :
2799 3846 3083 3917 Postquam
3114 3851 3424 3918 imperator,
3470 3854 3662 3921 inquit,
3696 3854 3819 3910 Otto
3844 3874 4063 3927 regnum

2498 3937 2662 3990 Italiae
2693 3936 3014 4006 Berengario
3048 3938 3218 3994 victor
3249 3942 3446 4010 eripuit
3495 3945 3606 4012 (23)
3638 3985 3652 4009 ,
3699 3960 3882 4016 captas
3924 3950 4064 4004 illico

2499 4027 2635 4080 duas
2654 4026 2769 4093 ejus
2797 4027 2930 4080 tilias
2955 4029 3006 4080 in
3032 4027 3355 4086 Teutonicas
3378 4043 3560 4102 partes
3591 4037 3779 4089 exsilio
3810 4043 4062 4092 transmi-

2501 4116 2695 4184 gravit.
2745 4117 2872 4182 Quae
2903 4116 3177 4181 nimirum,
3229 4120 3353 4173 dum
3407 4124 3611 4176 venusti
3660 4128 3836 4179 \nltus
3890 4132 4064 4197 specie

2498 4218 2553 4259 et
2583 4206 2773 4276 insigni
2801 4223 3083 4278 corporum
3117 4209 3515 4279 pulchritudine
3574 4230 3756 4284 rcgmn
3801 4218 4065 4274 referrent

2496 4297 2709 4364 generis
2737 4295 3073 4366 dignitatem,
3099 4309 3375 4368 coeperunt
3422 4301 3571 4354 multi
3611 4305 3755 4372 regni
3814 4322 4063 4375 proceres

2495 4384 2736 4438 Adelaidi
2763 4387 3012 4456 Angusta}
3040 4388 3384 4442 vehementer
3426 4391 3690 4454 insistere,
3733 4404 3792 4447 ut
3824 4406 3928 4448 tam
3955 4398 4062 4453 elc-

2498 4474 2673 4542 gantis
2711 4473 2892 4529 forma:
2919 4475 3084 4529 decus
3116 4477 3280 4530 dotali
3326 4478 3425 4530 sibi
3481 4491 3818 4535 mererentur
3870 4486 4059 4553 copula

4183 2000 4304 2036 mox
4368 1986 4415 2036 iit
4472 1988 4814 2040 tenebrarum
4875 2006 5092 2043 suarum
5151 1991 5364 2047 latibula
5407 1998 5718 2061 pavescendo

4181 2075 4440 2142 ditiiigiat.
4471 2079 4619 2140 Quod
4650 2078 4791 2130 enim
4825 2087 4877 2131 tu
4905 2095 4998 2146 per
5031 2081 5282 2134 visibilem
5310 2083 5458 2150 panis
5505 2100 5567 2138 ac
5621 2086 5712 2137 vini

4181 2169 4407 2232 Spei-ient
4433 2168 4678 2236 suscipis,
4714 2169 4818 2231 ille,
4847 2169 4992 2233 velit,
5023 2171 5174 2235 nolit,
5219 2171 5468 2227 Dontinici
5497 2177 5716 2243 corporis

4181 2271 4240 2307 ac
4264 2258 4537 2324 sanguinis
4564 2260 4804 2328 intelligit
4830 2262 5128 2314 veritatem.

4250 2345 4416 2397 Porro
4445 2357 4619 2400 autem
4652 2364 4836 2400 eadem
4866 2351 4992 2402 mihi
5020 2361 5144 2404 tunc
5186 2352 5497 2406 venerabilis
5547 2354 5712 2422 regina

4179 2438 4418 2487 narravit
4460 2438 4597 2505 quod
4659 2455 4824 2504 nuper
4852 2441 4901 2491 in
4939 2440 5294 2495 Vortnaciensi
5319 2444 5559 2507 ecclesia,
5604 2446 5715 2497 dunt

4178 2525 4399 2592 longiori
4432 2543 4525 2593 per
4549 2530 4663 2596 negl
4689 2531 4920 2596 gentiam
4947 2538 4994 2582 te
5022 2546 5179 2597 apere
5205 2533 5521 2586 eucharistia
5557 2519 5716 2587 reser-

4179 2625 4298 2666 vata
4331 2614 4513 2668 fuisset
4538 2614 4590 2667 itt
4623 2617 4838 2679 lmxide,
4859 2617 4966 2669 sola
4988 2620 5319 2685 postmodum
5348 2620 5586 2686 illiccaro
5608 2622 5714 2676 fne-

4180 2703 4247 2758 t‘it
4274 2713 4506 2772 reperta.
4539 2704 4611 2760 Ita
4640 2705 4763 2761 dum
4793 2709 5056 2765 curiosius
5083 2708 5132 2764 in
5158 2723 5275 2766 eam
5313 2710 5610 2768 multorum
5643 2715 5713 2769 δι-

4175 2808 4267 2846 sus
4295 2795 4612 2859 intenderet,
4661 2796 4732 2848 nil
4763 2797 4905 2850 aliud
4950 2813 5108 2867 quam
5165 2814 5342 2855 veram
5385 2817 5446 2857 ac
5502 2805 5713 2858 Soli..'att.t

4173 2899 4389 2936 carnem
4423 2887 4604 2950 procul
4630 2887 4791 2942 dubio
4815 2888 5100 2955 judicaret.

4245 2972 4534 3030 Rainaldus
4557 2979 4718 3030 etiam
4736 2981 5052 3035 venerabilis
5074 2983 5319 3038 Cumana
5342 2985 5583 3043 Ecclesiae
5603 3003 5719 3058 pan-

4178 3061 4304 3115 tifex
4337 3068 4458 3116 dum
4483 3067 4713 3130 adesset,
4736 3072 4874 3138 quod
4910 3073 5007 3126 sibi
5057 3075 5212 3142 paulo
5249 3085 5369 3130 ante
5411 3080 5718 3149 contigerat,

4180 3155 4445 3209 veridicos
4469 3171 4753 3212 enarrator
4801 3163 5045 3230 exposuit
5075 3179 5087 3215 :
5117 3163 5412 3236 Presbyter,
5443 3167 5625 3236 inquit.
5669 3172 5716 3223 in

5019 3256 5280 3319 deservio,
5337 3261 5592 3329 hodieque
5619 3262 5668 3314 ni
5704 3262 5718 3313 i

4176 3335 4328 3390 fallor
4353 3339 4570 3401 advivit,
4603 3343 4692 3409 qui
4719 3351 4825 3395 tam
4855 3359 5068 3412 parvam
5115 3362 5176 3399 ac
5211 3361 5415 3402 tenuem
5445 3349 5494 3402 itt
5518 3351 5719 3404 littera-

4175 3442 4294 3488 rum,
4320 3428 4477 3481 habet
4497 3430 4735 3484 doctrina
4763 3433 5025 3497 notitiam,
5060 3444 5116 3488 ut
5144 3446 5324 3505 aperte
5351 3453 5563 3508 quoque
5585 3443 5715 3493 scri-

4173 3518 4366 3583 ptionis
4389 3519 4671 3572 articulum
4695 3520 4994 3589 syllabatim
5025 3524 5106 3577 vix
5131 3526 5300 3578 valeat
5329 3525 5527 3594 legere;
5559 3530 5714 3580 nimia

4173 3615 4348 3659 tamen
4372 3619 4686 3677 paupertate
4739 3615 5072 3674 c0ttstricttts,
5135 3625 5394 3684 utcunque
5441 3619 5715 3671 missarum

4170 3696 4377 3764 cogitur
4405 3701 4658 3752 solemnia
4683 3701 4970 3756 celebrare.
5007 3704 5099 3756 llic
5128 3706 5409 3773 aliquando
5457 3707 5582 3761 dum
5628 3724 5713 3762 sa-

4167 3787 4241 3839 cri
4271 3790 4506 3840 muneris
4537 3791 4912 3844 eucharistiam
4938 3794 5449 3862 detttlissettcgroto,
5491 3807 5551 3849 ut
5601 3809 5713 3850 erat

4167 3875 4350 3943 utique
4381 3880 4532 3930 deses
4575 3898 4636 3930 ac
4689 3882 4978 3949 negligens,
5033 3873 5412 3951 aliquantulum
5463 3885 5663 3939 Domini
5701 3887 5715 3939 i

4167 3967 4440 4034 Sanguinis
4473 3972 4725 4021 remansit
4754 3972 4803 4023 in
4835 3973 5018 4026 calice.
5050 3973 5196 4038 Quod
5216 3989 5336 4028 cum
5358 3975 5442 4029 ille
5471 3979 5519 4029 in
5548 3978 5714 4031 cccle-

4165 4055 4298 4107 siatn
4333 4057 4542 4110 rediens
4599 4060 4962 4128 comperisset.
5010 4063 5100 4115 sed
5143 4060 5349 4116 fasndio
5400 4066 5714 4132 przepeditus

4166 4145 4424 4198 noluisset
4452 4149 4694 4217 accipere
4713 4191 4726 4213 ,
4757 4166 4877 4203 mox
4901 4151 5117 4205 calicem
5142 4153 5287 4215 lavit,
5340 4166 5391 4206 et
5429 4154 5480 4206 in
5508 4156 5714 4209 labrum

4165 4247 4522 4288 marmoreum
4579 4239 4627 4290 in
4659 4253 4762 4306 quo
4787 4249 4901 4292 erat
4931 4254 5064 4306 aqua
5097 4241 5448 4304 sanctiﬁcata,
5474 4244 5713 4312 projecit.

4163 4320 4250 4386 Et,
4283 4337 4316 4376 o
4347 4341 4592 4394 magnum
4621 4326 4813 4380 divinae
4837 4327 5046 4382 virtuts
5091 4330 5373 4384 indicium!
5407 4331 5546 4385 illam
5582 4333 5713 4386 labri

4160 4422 4366 4482 partem
4395 4430 4552 4482 quam
4580 4416 4629 4468 id
4661 4416 4804 4488 quod
4826 4415 5046 4472 effusum
5070 4430 5150 4472 est
5171 4419 5234 4472 de
5257 4419 5436 4483 calice,
5467 4423 5712 4493 contigit,

4161 4501 4213 4554 in
4249 4516 4597 4573 sanguineum
4619 4507 4866 4561 ruborem
4897 4517 5109 4576 repente
5151 4509 5428 4572 eonvettit,
5458 4509 5540 4564 ubi
5574 4513 5689 4565 St'lii

2494 4563 2718 4616 sociare.
2775 4564 2901 4629 Qua:
2933 4566 3184 4618 nimirum
3237 4566 3424 4635 puellae
3484 4570 3606 4622 dnttt
3645 4586 3830 4625 omnes
3868 4591 4057 4642 procos
4089 4586 4135 4646 ι)
4163 4563 4384 4647 ccidit-:3
4409 4592 4637 4659 majores
4670 4604 4817 4663 gutta

3389 4583 3424 4620 ιε
3484 4570 3606 4622 dum
3645 4586 3830 4625 0"""35
3868 4591 4057 4642 PWCOS
4089 4586 4135 4646 D
4163 4602 4246 4647 cet
4269 4593 4384 4646 dua:
4409 4592 4637 4659 majores
4670 4604 4830 4663 gutta:
4863 4597 5134 4666 sanguinis
5157 4599 5556 4666 exprimuntur;
5617 4603 5712 4654 sed

2493 4666 2642 4720 aequa
2674 4667 2888 4720 prorsus
2909 4654 3282 4723 dedignatione
3307 4669 3727 4720 contemnerent,
3761 4671 3813 4714 et
3837 4665 4058 4719 mortale

2495 4737 2796 4807 conjugintn
2849 4751 3050 4796 sancta:
3092 4743 3352 4811 superbia:
3395 4747 3682 4815 supercilio
3733 4748 4054 4819 fastidit-ent,

2495 4846 2596 4903 una
2623 4831 2830 4884 illarum
2855 4834 2985 4885 duos
3031 4834 3269 4890 pulcinos
3297 4837 3406 4889 suis
3457 4841 3707 4893 uberibus
3755 4847 4052 4911 supposuit,

2489 4930 2546 4974 et
2586 4921 2766 4974 tandiu
2826 4923 2965 4975 inter
3021 4933 3222 4977 vestem
3250 4934 3303 4977 et
3340 4940 3580 4992 carnem,
3622 4930 3790 4983 donec
3837 4935 4052 4986 omnino

2491 5020 2878 5078 ptttrescerent,
2910 5014 3220 5066 occultavit.
3249 5011 3487 5084 Cumque
3514 5021 3847 5087 conspiceret
3876 5023 4046 5074 homi-

2493 5113 2586 5152 nes
2615 5101 2679 5149 ad
2704 5115 2856 5153 suum
2881 5102 3060 5154 venire
3086 5102 3432 5170 colloquium,
3466 5105 3678 5158 laxabat
3714 5109 3924 5162 occulte
3960 5124 4047 5164 vc-

2492 5196 2649 5249 Stem,
2687 5195 2740 5239 et
2767 5189 2982 5240 naribus
3011 5190 3428 5258 eolloquenliutn
3478 5196 3745 5260 gaudebat
3796 5199 4049 5251 exhalare

2492 5277 2736 5330 fetorem.
2761 5278 2999 5347 Cumque
3030 5282 3387 5351 colloquentes
3417 5288 3462 5339 ei
3494 5289 3632 5340 hanc
3676 5290 3914 5354 quotidie
3955 5307 4048 5343 na-

2492 5369 2626 5419 rium
2664 5377 2970 5436 paterentur
3019 5371 3287 5437 iniuriam,
3332 5379 3542 5429 tandem
3596 5381 3824 5432 cessavit
3866 5381 4043 5434 delusa

2492 5455 2784 5510 sollicitudo
2808 5463 3175 5526 qumrentintn,
3209 5472 3261 5517 et
3293 5467 3441 5535 virgo
3462 5469 3679 5532 Christi,
3711 5487 3803 5538 per
3830 5472 4047 5526 simula-

2493 5557 2595 5599 tatn
2627 5552 2806 5602 carnis
2837 5553 3023 5605 aliena:
3059 5555 3416 5622 putredinent,
3451 5559 3806 5615 inviolabilem
3831 5566 3910 5616 sui
3935 5582 4050 5618 cor-

2558 5720 2669 5786 (25)
2710 5722 2860 5776 Anno
2884 5720 3078 5780 Cltristi
3107 5729 3191 5781 95.

4161 4697 4333 4750 neque
4365 4683 4485 4746 illae,
4513 4697 4683 4754 neque
4710 4686 4828 4738 alia:
4853 4700 4971 4754 qua:
5009 4686 5158 4756 juxta
5185 4689 5428 4742 videntur
5473 4704 5592 4744 esse
5615 4692 5716 4743 tui-

4159 4773 4415 4836 nusculze,
4455 4774 4598 4828 nulla
4625 4787 4842 4844 possunt
4864 4777 5036 4831 studio
5058 4779 5136 4831 vel
5164 4777 5301 4832 ablui
5347 4778 5426 4834 vel
5450 4781 5545 4834 abs
5571 4783 5709 4852 ergi,

4154 4877 4260 4930 quo
4290 4865 4448 4917 rubor
4477 4865 4720 4933 impressi
4744 4868 5014 4936 sanguinis
5035 4869 5362 4937 aliquatenus
5382 4871 5551 4923 valeat
5580 4874 5713 4924 abo-

4155 4953 4272 5006 leri.
4304 4955 4435 5008 Cum
4466 4972 4594 5025 ergo
4646 4973 4942 5028 purpureus
4972 4959 5058 5014 ille
5110 4976 5268 5014 cruor
5307 4969 5407 5012 tam
5450 4964 5714 5016 tenaciter

4155 5044 4367 5097 hazserit
4399 5047 4448 5098 in
4482 5060 4604 5100 vase
4637 5047 4862 5116 lapideo,
4901 5054 5154 5117 quantum
5200 5058 5441 5119 putamus
5485 5048 5573 5116 jus
5606 5051 5709 5104 sibi

4151 5137 4430 5205 potestatis
4485 5138 4720 5192 vindicat
4755 5139 4925 5191 virtus
4975 5139 5062 5193 illa
5119 5139 5348 5195 caelestis
5388 5141 5436 5194 in
5491 5150 5710 5210 pectore

4149 5229 4606 5285 Christiano?His
4650 5229 4826 5298 itaque
4869 5229 5170 5292 cmlestibus
5217 5234 5582 5298 sacramentis,
5635 5232 5708 5286 lili

4148 5318 4489 5385 charissime,
4519 5330 4567 5373 te
4598 5318 4926 5388 frequentius
4952 5321 5158 5376 munire
5186 5337 5288 5375 non
5317 5318 5546 5380 differas.
5577 5321 5706 5390 qui-

4152 5412 4251 5465 bus
4270 5411 4518 5465 videlicet
4545 5411 4817 5466 diabolica:
4837 5414 5080 5467 versutiac
5105 5421 5159 5466 et
5202 5411 5431 5466 subdolae
5492 5409 5705 5463 machi-

4154 5504 4386 5555 nationis
4445 5513 4759 5568 argumcnta
4807 5502 5050 5572 repellas.
5110 5501 5431 5557 Pun-cinctus
5471 5501 5703 5568 erigere,

4155 5602 4464 5646 constanter
4494 5600 4653 5661 atque
4681 5595 4928 5647 robustus
4951 5602 5030 5646 sta
5073 5604 5280 5662 semper
5310 5591 5359 5645 in
5409 5590 5543 5655 acie.
5602 5604 5705 5644 nec
