5882 6614
876 397 975 451 715

1935 394 2184 455 OPUSC.
2216 394 2423 453 XLVII.
2451 423 2522 456 1—
2550 392 2640 450 DE
2672 392 3083 451 CASTITATE.

4064 401 4175 455 714

874 506 1087 575 ignores
1108 502 1506 562 indeilcientem
1542 506 1911 563 adversarium
1938 516 2129 565 contra
2178 516 2233 564 te
2277 505 2462 563 infati-
2488 513 2544 575 Α
2567 506 2648 562 Ad
2679 522 2849 611 quam
2886 521 3075 561 vocem
3108 514 3307 577 praesto
3336 508 3604 575 diabolus,
3633 508 3756 611 ejus
3777 526 3897 583 quae
3937 511 4179 571 dormie-

872 595 1117 665 gabiliter
1146 593 1426 652 dimicare.

1392 702 1553 776 7M.
1585 704 1813 760 CAPUT
1854 703 1940 761 lii.

869 788 1114 845 Diabolus
1140 794 1480 868 transﬁgurat
1508 812 1562 848 se
1590 796 1930 868 iu‘angelum
1973 796 2130 862 lucis,
2180 807 2233 850 ut
2282 812 2467 850 mona-

1428 867 1581 919 chum
1629 865 1877 936 decipiat.

933 949 1140 1007 interea
1164 952 1291 1008 dum
1322 954 1436 1008 inec
1457 952 1669 1022 loquor,
1714 964 1769 1009 et
1818 956 1945 1010 illud
1977 972 2121 1011 nunc
2153 956 2219 1011 ad
2258 970 2463 1011 memo-

866 1040 998 1096 riam
1028 1043 1188 1109 redit,
1232 1045 1375 1113 quod
1436 1043 1836 1101 Hildehrandus
1888 1046 2148 1101 Romanae
2200 1047 2461 1102 Ecclesiae

865 1137 1303 1202 archidiaconus,
1357 1138 1563 1195 eisdem
1592 1140 1685 1211 qui
1706 1196 1707 1203 η
1730 1141 1982 1210 superius
2012 1141 2302 1196 memorati
2334 1149 2466 1197 sunt

861 1237 913 1285 et
934 1230 1187 1301 episcopo
1208 1232 1568 1301 praesentibus
1594 1232 1780 1287 retulit
1812 1250 1824 1286 :
1860 1232 2025 1297 Duos,
2062 1234 2261 1305 inquit,
2323 1250 2455 1289 san-

860 1332 970 1377 ctos
997 1324 1292 1380 monachos
1311 1324 1445 1389 vidi,
1472 1333 1527 1380 et
1554 1341 1660 1381 non
1702 1326 2030 1382 mediocrem
2062 1328 2204 1397 apud
2258 1343 2353 1383 eos
2383 1326 2462 1382 lo-

860 1428 977 1468 cum
999 1413 1389 1470 familiaritatis
1414 1416 1651 1482 obtinui;
1680 1417 1773 1486 qui
1800 1417 2059 1471 nimirum
2091 1417 2318 1487 singulis
2347 1434 2461 1473 mo-

859 1503 1113 1558 rebantur
1140 1504 1194 1560 in
1220 1505 1449 1571 cellulis,
1481 1509 1623 1577 apud
1645 1508 2034 1562 monasterium
2078 1510 2223 1579 quod
2260 1510 2311 1563 in
2341 1510 2461 1565 loco

856 1606 1222 1652 constructum
1256 1606 1339 1654 est
1368 1599 1460 1669 qui
1486 1599 1683 1655 dicitur
1712 1601 2063 1671 Aquisgrani,
2100 1617 2334 1672 quorum
2381 1602 2469 1656 vis

856 1683 1045 1740 delicet
1067 1686 1229 1753 alter,
1253 1688 1344 1758 qui
1372 1689 1594 1758 majoris
1618 1688 1903 1745 videbatur
1928 1706 2049 1749 esse
2068 1692 2454 1760 simplicitatis,

854 1773 1286 1843 Marinus;alter
1334 1788 1511 1834 autem
1565 1780 1843 1835 Romanus
1895 1783 2199 1837 vocabatur
2237 1784 2457 1854 proprio

2571 597 2666 651 bat
2714 595 2945 665 eiligiem
3014 609 3460 667 reprmsentans,
3514 595 3783 669 accessit";
3841 612 3894 661 et
3956 615 4179 663 mutuos

2567 690 2847 744 reddendo
2877 690 3198 756 versiculos,
3244 692 3478 762 psallere
3509 694 3675 749 simul
3707 696 3909 767 erepit;
3944 713 4180 769 cumque

2567 782 2635 837 ad
2668 782 2817 835 illum
2860 783 3103 851 psalterii
3133 784 3312 839 locum
3345 785 3719 842 modulatione
3748 789 4007 844 continua
4053 807 4181 861 per-

2566 874 2847 928 venissent
2898 874 2987 928 ubi
3041 874 3287 930 dicitur:
3325 896 3342 927 ι
3374 877 3645 950 Exsurgat
3690 879 3863 945 Deus,
3914 891 3968 937 et
4008 882 4177 938 dissi-

2565 973 2767 1034 petitur
2796 964 3005 1020 inimici
3038 966 3176 1036 ejus,
3209 978 3263 1022 et
3292 968 3502 1039 fugiant
3534 985 3563 1023 a
3603 971 3743 1026 facie
3779 972 3895 1041 ejus
3925 974 4020 1044 qui
4045 975 4181 1031 ode-

2568 1069 2828 1115 runteum
2853 1079 2863 1115 :
2883 1063 3025 1117 sicut
3045 1064 3441 1132 deiicitl'umus,
3464 1068 3723 1124 deficiant
3743 1069 3917 1141 (Paul.
3940 1075 4169 1143 mm)”

2567 1157 2622 1203 et
2652 1151 2860 1221 reliqua
2895 1171 2908 1205 :
2942 1154 3031 1208 hic
3064 1154 3209 1210 illico
3242 1156 3514 1228 malignus
3556 1160 3781 1230 spiritus
3812 1163 4084 1228 substitit,
4121 1172 4179 1221 et

2567 1239 2667 1295 hos
2697 1244 3009 1312 exprimere
3042 1246 3344 1302 versiculos
3370 1263 3479 1304 non
3505 1252 3875 1321 praesumpsit.
3911 1252 4025 1309 Hoc
4050 1270 4180 1311 san.

2566 1338 2655 1384 cta
2682 1332 2882 1387 mulier
2908 1349 3033 1388 cum
3065 1338 3204 1405 apud
3233 1352 3293 1393 se
3325 1340 3907 1413 miraretur,expavit;
3936 1355 4012 1412 et,
4033 1347 4182 1417 quod

2565 1432 2684 1476 erat
2710 1464 2725 1490 ,
2767 1440 2873 1479 non
2926 1426 3165 1483 inaniter
3209 1431 3531 1502 suspicans,
3576 1434 3791 1505 signum
3836 1438 3939 1493 sibi
3976 1450 4182 1498 sancta:

2565 1517 2747 1571 crucis
2775 1519 3054 1588 imposuit,
3091 1522 3388 1593 statimque
3411 1525 3686 1597 malignus
3711 1528 3886 1585 bostis
3910 1535 4136 1589 evanuit
4161 1551 4177 1599 ;

2564 1615 2620 1661 et
2666 1608 2789 1678 quis
2834 1620 2981 1666 esset
3025 1614 3117 1682 qui
3163 1624 3368 1670 sancta:
3412 1619 3629 1674 mulieri
3675 1622 3957 1691 psallendu
3995 1640 4182 1683 comes

2563 1701 2884 1767 exstiterat,
2930 1718 2989 1758 se
3037 1705 3419 1764 fraudulenter
3460 1712 3787 1769 occultando
3831 1719 4179 1776 monstravit.

2566 1790 2705 1848 lluic
2740 1795 2903 1850 etiam
2934 1799 3233 1853 venerabili
3269 1810 3536 1857 matronre
3576 1807 3859 1862 nocturnis
3898 1809 4048 1865 horis
4079 1827 4179 1867 nc-

854 1866 1080 1923 nomine.
1116 1866 1224 1922 Sed
1249 1865 1489 1923 Marinus
1514 1868 1605 1923 vix
1638 1869 1743 1923 ulla
1779 1871 1895 1925 dies
1948 1881 2069 1926 erat
2110 1872 2161 1926 in
2193 1888 2299 1941 qua
2339 1874 2455 1935 αἰξὶ·
2486 1882 2534 1942 Β
2561 1900 2725 1954 quam
2767 1889 2994 1959 Spiritus
3039 1891 3274 1947 cadaver
3308 1894 3591 1962 cujusdam
3640 1899 3879 1957 hominis
3908 1944 3922 1969 ,
3954 1905 4047 1974 qui
4080 1922 4181 1975 pro

853 1955 1029 2012 bolum
1060 1957 1147 2013 vel
1171 1972 1271 2027 per
1295 1959 1529 2028 speciem
1559 1959 1798 2030 aliquam
1850 1976 1959 2017 non
2014 1962 2303 2032 aspiceret,
2364 1963 2449 2017 vel

856 2060 947 2115 per
970 2051 1240 2105 somnium
1268 2064 1376 2105 non
1408 2052 1643 2116 audiret,
1677 2052 1813 2107 adeo
1862 2062 1922 2107 ut
1976 2054 2237 2123 antiquus
2280 2054 2452 2109 hostis

852 2136 949 2198 sibi
980 2154 1119 2211 sape
1152 2140 1551 2211 compsalleret,
1577 2141 1846 2212 simulque
1874 2157 1997 2198 cum
2027 2158 2092 2198 eo
2112 2144 2308 2198 divina:
2336 2143 2453 2198 lau-

853 2224 1132 2287 disoiiicia
1180 2232 1506 2288 celebraret.
1563 2233 1874 2303 Aliquando
1922 2251 2053 2291 vero
2103 2237 2451 2313 tenebrarum

850 2331 1033 2404 auctor
1056 2340 1120 2380 se
1143 2327 1553 2398 transfiguravit
1575 2329 1626 2382 in
1657 2329 1909 2401 angelum
1934 2330 2087 2394 lucis,
2114 2333 2275 2403 eique
2293 2336 2451 2404 quasi

852 2397 1020 2485 legent
1045 2416 1299 2473 dictando
1345 2397 1623 2474 mandavit
1656 2437 1671 2475 :
1705 2397 1871 2487 Cave,
1929 2423 2130 2493 inquit,
2184 2397 2326 2495 quia-
2352 2428 2451 2495 qui

852 2506 1093 2576 angelum
1135 2507 1233 2564 Dei
1273 2518 1328 2565 et
1366 2510 1610 2581 aspicere
1650 2520 1707 2565 et
1742 2510 1940 2583 alloqui
1990 2515 2261 2581 meruisti,
2309 2516 2449 2571 indi-

852 2611 1007 2667 gnum
1047 2608 1130 2655 est
1177 2609 1237 2655 ut
1280 2601 1346 2656 de
1389 2612 1588 2657 cmtero
1637 2619 1759 2658 cum
1826 2604 2138 2661 hominibus
2185 2606 2447 2677 loquaris.

850 2685 1092 2745 Protinus
1107 2690 1196 2746 ille
1210 2731 1225 2757 ,
1249 2699 1507 2763 tanquam
1528 2696 1840 2749 mandatum
1856 2696 2113 2751 divinitus
2127 2700 2449 2768 accepisset,

848 2791 877 2831 a
906 2778 1127 2836 fratrum
1161 2796 1220 2837 se
1276 2783 1521 2838 funditus
1568 2784 1932 2841 coilocutione
1979 2789 2232 2853 removit,
2284 2805 2453 2863 seque

848 2869 941 2923 sub
964 2871 1131 2942 rigida
1154 2872 1358 2929 silentii
1382 2888 1611 2929 censura
1646 2877 1997 2932 constrinxit.
2030 2879 2130 2934 Cui
2157 2895 2283 2935 cum
2333 2880 2448 2938 ira-

851 2966 927 3013 ter
955 2958 1232 3017 Romanus
1277 2965 1487 3033 primo,
1545 2964 1741 3019 deinde
1789 2968 1958 3023 abbas
2004 2970 2345 3037 monasterii,
2392 2981 2453 3027 ut

847 3052 941 3108 sibi
975 3053 1290 3126 loqueretur
1343 3058 1699 3113 vehementer
1734 3059 2030 3128 insisteret,
2062 3072 2119 3118 et
2173 3064 2265 3119 ille
2311 3082 2450 3136 prae-

847 3142 1012 3199 dantis
1036 3146 1196 3203 labiis
1223 3148 1418 3219 (suppl.
1450 3164 1773 3220 responsum
1806 3151 1883 3207 vel
1906 3154 2037 3223 quid
2073 3154 2271 3223 simile)
2336 3172 2447 3213 non

854 3234 1115 3305 mitteret;
1152 3241 1341 3304 abbas,
1374 3240 1519 3297 iores
1547 3240 1758 3297 cellulae
1804 3245 2074 3301 violenter
2108 3248 2441 3319 irrumpens,
2474 3248 2518 3310 C
2554 3266 2651 3322 ubi
2693 3234 3074 3341 proponam,"
3103 3234 3374 3349 “map”,

854 3324 1007 3349 Δι-..ε-
1030 3330 1076 3349 2..
1105 3330 1195 3349 1⁸--
1220 3340 1280 3349 ,A.
1312 3348 1317 3349 ,
1413 3332 1437 3349 ιι
1500 3342 1512 3349 .
1562 3348 1567 3349 ,
1768 3336 1779 3349 I
1871 3338 1902 3349 ιι
2132 3341 2143 3349 .
2260 3344 2270 3349 -

847 3324 1009 3396 dignis
1030 3330 1380 3387 indiscretum
1411 3332 1635 3389 fratrem
1668 3336 1988 3394 verberibus
2008 3341 2320 3411 castigavit,
2382 3354 2442 3401 et

846 3417 921 3473 sic
950 3421 1015 3477 ad
1039 3422 1372 3480 reddendum
1406 3427 1673 3484 sermonis
1721 3429 1959 3486 cilicium
2016 3434 2297 3502 compulit.
2341 3438 2439 3493 (iui

845 3521 960 3564 mox
990 3512 1391 3570 admonendum
1416 3516 1702 3586 subjuuxit
1733 3519 1995 3586 :ldcirco,
2047 3522 2241 3593 inquit,
2299 3529 2440 3581 anti-

842 3615 973 3673 quus
1002 3604 1371 3674 adversarius,
1393 3610 1660 3667 bonorum
1689 3628 1905 3684 semper
1921 3629 2145 3687 Operum
2165 3620 2437 3688 inimicus,

846 3689 1105 3750 silentium
1136 3696 1232 3752 tibi
1268 3700 1495 3756 tentavit
1527 3702 1830 3773 imponere,
1855 3714 1914 3759 ut
1969 3714 2023 3761 et
2078 3716 2134 3762 tu
2198 3710 2435 3767 fructum

845 3781 1083 3844 fraterna:
1131 3790 1507 3849 acdiilcationis
1551 3794 1873 3863 amitteres,
1929 3808 1985 3854 et
2036 3799 2116 3855 illi
2157 3804 2251 3874 qui
2300 3822 2330 3858 ιι
2387 3814 2438 3861 te

846 3877 1145 3938 sublevandi
1212 3893 1372 3941 erant
1418 3894 1523 3941 tute
1570 3888 1959 3946 consolationis
2009 3894 2271 3949 auxilium
2328 3912 2434 3953 non

845 3964 1109 4028 haberent.
1148 3974 1243 4031 Sic
1276 3976 1460 4047 itaque
1496 3976 1688 4044 frater,
1723 3980 1851 4049 quia
1903 3996 2010 4037 non
2055 3984 2289 4052 malitia,
2339 3989 2434 4044 sed

843 4064 1273 4136 exsimph‘citate
1326 4080 1672 4140 peccaverat,
1723 4074 1791 4127 ad
1821 4082 2059 4131 mentem
2108 4081 2435 4148 quantocius

845 4152 1013 4221 rediit,
1027 4165 1102 4222 et,
1135 4166 1447 4229 contempta
1482 4161 1829 4233 suggestione
1855 4164 2076 4229 diaboli,
2104 4168 2433 4226 admonitio-

844 4243 990 4303 nibus
1021 4248 1094 4318 pii
1122 4251 1295 4321 patris
1327 4252 1607 4308 humiliter
1632 4255 1929 4324 acquievit.

909 4336 1009 4396 Sed
1030 4342 1155 4397 dum
1186 4352 1259 4410 te,
1286 4345 1360 4400 iiIi
1391 4345 1487 4413 tui,
1517 4347 1585 4402 ad
1613 4343 1958 4406 evacuandas
1989 4353 2197 4424 antiqui
2254 4356 2429 4414 hostis

841 4426 1050 4490 insidias
1072 4449 1306 4504 provoco
1330 4476 1346 4502 ,
1379 4436 1508 4507 quid
1552 4438 1773 4507 praefata
1807 4442 1992 4511 regina
2038 4444 2285 4500 retulerit
2327 4464 2426 4501 an-

843 4523 976 4582 disse
994 4543 1060 4582 ex
1090 4545 1186 4586 ore
1238 4531 1381 4586 beati
1428 4530 1626 4588 Leonis
1667 4534 1795 4588 noni
1854 4533 2118 4591 Romanu:
2170 4538 2427 4595 Ecclesiae

846 4620 1119 4689 pontificis,
1153 4638 1260 4678 non
1282 4625 1498 4680 omitto.
1554 4626 1647 4680 Ait
1686 4626 1870 4697 itaque
1914 4630 2205 4698 prtedictns
2235 4648 2371 4703 papa
2409 4653 2421 4688 :

840 4708 1006 4767 Amita
1038 4731 1177 4781 mea,
1198 4717 1630 4775 sanctimonialis
1658 4717 1875 4786 effecta,
1926 4720 1978 4774 in
2004 4722 2241 4791 quodam
2283 4725 2427 4780 viro-

841 4811 951 4854 rum
981 4814 1095 4857 erat
1123 4808 1455 4863 monasterio
1486 4808 1823 4876 constituta;
1856 4811 2039 4881 ibique
2093 4814 2148 4867 in
2204 4816 2421 4887 pt‘opria

841 4886 1028 4962 degens
1056 4898 1243 4955 cellula
1285 4915 1407 4956 cum
1455 4903 1690 4972 quadam
1714 4900 1987 4975 'pygmaea,
2023 4906 2074 4962 id
2128 4917 2209 4961 est
2245 4886 2426 4966 brevis

842 4991 1046 5042 staturae
1072 4989 1303 5057 femina,
1334 4995 1669 5064 quotidiante
1700 4994 1880 5052 laudis
1926 4997 2103 5053 cilicia
2155 5001 2425 5071 patienter

838 5082 884 5127 ιι·
922 5076 1189 5138 humiliter
1213 5086 1577 5155 persolvebat.

1444 5200 1674 5258 CAPUT
1711 5200 1801 5257 1V.

1028 5285 1181 5353 Quod
1202 5288 1443 5347 diabolus
1469 5294 1615 5364 signa
1651 5296 1825 5352 crucis
1857 5311 2210 5371 cognoscitur.

902 5371 1135 5441 Quadam
1158 5396 1286 5436 vero
1334 5391 1490 5439 nocte
1540 5402 1663 5442 cum
1702 5399 1831 5445 ante
1874 5403 2157 5450 nocturna:
2200 5397 2425 5467 synaxis

842 5459 1167 5538 Ianiculum,
1195 5472 1273 5528 rei
1320 5473 1511 5532 horam
1546 5478 1626 5533 rel
1667 5481 1871 5552 aliquid
1918 5485 2113 5558 simile]
2159 5459 2426 5548 maturius

841 5560 1170 5630 surrexisset,
1197 5564 1563 5639 comitemque
1614 5586 1769 5628 suam
1815 5589 1968 5632 more
2012 5578 2176 5636 solito
2225 5582 2425 5652 saepius

842 5642 1442 5728 inclamasset;illaque,
1465 5662 1616 5731 gravi
1668 5678 1864 5735 sopore
1909 5666 2194 5738 depressa,
2249 5642 2422 5729 nulla-

842 5742 985 5837 tenus
1006 5748 1375 5816 responderet,
1403 5753 1618 5808 tandem
1650 5758 1701 5810 in
1750 5758 1887 5814 iram
1946 5773 2242 5827 commota,
2291 5768 2421 5837 quid

843 5823 1027 5889 (liceret
1054 5850 1159 5892 non
1185 5839 1418 5896 attendit
1448 5859 1460 5896 :
1496 5843 1738 5913 Diaboie,
1787 5847 2002 5922 inquit,
2036 5823 2418 5931 surgcr'7'135

1126 5930 1202 5991 Pi
1214 5948 1379 5995 Tum.
1456 5941 1704 6008 CXLV.

2558 1980 2672 2034 suis
2716 1981 3017 2039 sceleribus
3057 2000 3331 2056 appensus
3371 1987 3580 2059 fuerat,
3626 1993 3841 2061 attulit;
3874 2004 3949 2063 et,
3996 2007 4054 2051 ut
4084 1998 4178 2055 ‘illi

2559 2078 2825 2125 terrorem
2872 2072 3180 2141 incuteret,
3214 2077 3526 2149 lmjusmodi
3574 2082 3711 2147 sibi,
3746 2093 3805 2138 nt
3837 2084 3911 2140 ita
3954 2085 4176 2158 loquar,

2558 2161 2783 2217 xenium
2838 2168 3177 2233 procuravit.
3217 2168 3349 2235 Quae
3381 2186 3505 2226 mox
3540 2174 3723 2229 abbati
3764 2175 3867 2232 loci
3913 2177 4177 2247 fratrum-

2555 2267 2663 2321 que
2685 2246 2977 2309 conventui
3016 2258 3147 2327 quid
3193 2258 3298 2315 sibi
3331 2262 3700 2332 nequissimus
3741 2265 3917 2323 hostis
3956 2258 4181 2327 fecisset

2558 2340 2828 2410 innotuit;
2869 2354 3034 2415 atque
3072 2356 3131 2403 ut
3169 2364 3272 2420 pro
3298 2351 3391 2407 illo
3427 2354 3631 2411 misero
3666 2356 3867 2415 fratres
3893 2376 4086 2419 omnes
4118 2366 4179 2422 in

2557 2448 2848 2492 commune
2877 2453 3071 2507 preces
3106 2440 3451 2501 eil'undereut
3475 2487 3491 2512 ,
3531 2449 3788 2508 obnoxiis
3831 2453 3898 2525 ΙῙ.
3930 2456 4173 2531 obnixis]

2556 2530 2815 2597 precibus
2845 2532 3178 2602 impetravit.
3219 2536 3574 2597 Postmodum
3602 2557 3735 2601 vero
3784 2547 3997 2602 cuidam
4031 2530 4177 2606 divi;

2556 2621 2705 2677 nitus
2733 2623 3033 2681 revelatum
3061 2637 3166 2695 est,
3195 2646 3296 2701 per
3317 2634 3597 2692 orationes
3624 2637 3855 2695 fratrum
3885 2642 4033 2699 illum
4069 2644 4176 2702 mi-

2555 2715 2917 2771 sericordiam
2946 2733 3328 2778 consecutum.
3367 2725 3460 2781 Sic
3495 2728 3681 2798 itaque
3710 2732 3971 2803 deceptus
4000 2734 4177 2793 hostis

2556 2803 2856 2873 antiquus,
2913 2808 3005 2877 qui
3058 2810 3187 2865 dum
3240 2813 3447 2870 viventi
3496 2819 3851 2876 machinatur
3898 2822 4173 2894 illudcre,

2549 2893 2821 2964 jacturam
2854 2898 3069 2968 cogitur
3102 2901 3169 2955 de
3199 2912 3420 2961 mortuo
3451 2908 3748 2966 sustinere.

3200 2994 3431 3054 CAPUT
3469 3000 3533 3055 V.

2862 3082 3185 3141 Christiana:
3215 3088 3494 3146 cltaritatis
3520 3096 3838 3167 exemplum.

2627 3171 2708 3226 Ad
2743 3172 2844 3230 hoc
2877 3175 3045 3246 igitur
3079 3187 3135 3233 et
3164 3179 3477 3248 hujusmodi
3521 3187 3808 3246 diabolicae
3852 3198 4173 3259 tentationis

3408 3289 3466 3335 nt
3512 3293 3567 3339 et
3599 3286 3717 3356 ipse
3749 3301 3942 3349 contra
3988 3296 4170 3357 hostis

2545 3358 2725 3415 callidi
2762 3362 3071 3433 deceptoris
3100 3367 3328 3424 insidias
3355 3372 3591 3429 solerter
3616 3379 3843 3449 evigiles
3875 3401 3889 3437 :
3920 3394 3999 3454 et,
4028 3388 4165 3445 dum

2548 3464 2600 3511 te
2650 3457 2888 3514 deiectat
2936 3462 3169 3518 aliorum
3222 3481 3344 3520 cum
3392 3469 3549 3527 ltostc
3598 3472 3924 3534 luctantium
3972 3483 4169 3543 audire

2542 3548 2823 3617 victorias,
2859 3551 2972 3623 ipse
3001 3561 3054 3610 te
3077 3569 3176 3625 per
3204 3556 3445 3631 languidi
3473 3568 3722 3636 corporis
3750 3570 4022 3642 ignaviam
4051 3591 4166 3636 non

2542 3640 2813 3697 remittas.
2844 3641 2951 3699 Sed
2972 3644 3087 3716 jam
3115 3647 3216 3703 ista
3242 3650 3533 3709 snilieiant.
3561 3640 3896 3717 Commenda
3925 3678 4015 3721 me
4030 3664 4153 3725 fra-

2544 3730 2740 3798 tribus,
2772 3732 2975 3791 domno
3002 3738 3172 3806 priori
3204 3755 3271 3795 ex
3310 3752 3501 3800 nostra
3531 3756 3689 3818 parte
3718 3750 4004 3812 humiliter
4026 3773 4161 3831 sug-

2542 3839 2670 3894 gere
2697 3835 2759 3881 ut
2785 3843 2814 3882 a
2843 3826 3062 3886 fervore
3091 3832 3255 3889 solito
3282 3838 3503 3905 pietatis
3528 3850 3585 3896 et
3631 3846 4028 3909 misericordia
4048 3826 4161 3914 non

2540 3924 2815 3986 tepescat,
2855 3921 2950 3976 sed
2994 3924 3436 3994 susceptionibus
3490 3930 3766 4002 hospitum
3816 3941 4162 4004 etsubsidiis

2538 4023 2865 4081 egenorum,
2902 4014 2956 4068 in
2996 4025 3261 4085 quantum
3300 4035 3388 4076 res
3415 4022 3714 4083 domestica
3745 4033 3975 4100 patitur,
4016 4036 4158 4095 insi-

2536 4109 2683 4158 stere
2715 4120 2822 4159 non
2853 4106 3092 4163 omittat.
3129 4108 3236 4166 Sed
3264 4120 3319 4167 et
3349 4112 3426 4169 illi
3469 4121 3803 4180 conveniens
3840 4129 4157 4202 exemplum

2535 4198 2777 4268 profero,
2808 4203 2952 4273 quod
2999 4205 3127 4261 huic
3174 4208 3274 4273 rei,
3301 4226 3466 4280 quam
3520 4214 3624 4271 sibi
3676 4220 3908 4276 suadere
3953 4198 4154 4295 gestio,

2536 4308 2642 4349 non
2675 4296 3030 4353 mediocriter
3061 4300 3407 4371 profuturum
3446 4322 3569 4363 esse
3613 4312 3851 4369 confido.
3904 4316 4043 4374 Nam
4097 4331 4155 4377 et

2534 4382 2724 4442 eadem
2761 4389 2946 4461 Agnes
2986 4393 3173 4464 regina
3211 4412 3333 4468 qure
3377 4414 3541 4470 supra
3587 4403 3766 4475 inquit
3813 4410 3978 4466 etiam
4023 4414 4155 4483 quia

2532 4476 2619 4531 vir
2646 4479 2868 4549 quidam
2925 4481 2981 4537 in
3028 4484 3367 4543 Alemannim
3416 4494 3668 4561 partibus
3706 4498 3825 4552 avia
3886 4501 4150 4575 saltuum,

2531 4581 2806 4641 praerupta
2839 4575 3109 4631 montium
3129 4618 3144 4643 ,
3170 4593 3343 4647 opaca
3375 4582 3652 4653 sylvarnm
3700 4594 3930 4647 venandi
3963 4596 4152 4654 studio

2530 4663 2880 4759 peragrabat.
2936 4663 3040 4721 Hic
3088 4666 3274 4737 itaque
3334 4671 3463 4727 dum
3530 4678 3725 4734 anxius
3751 4662 3868 4738 huc
3913 4683 4152 4759 illucque

2530 4748 2816 4817 discurrit,
2860 4762 2915 4809 et
2944 4756 3213 4814 sollicitus
3243 4763 3579 4821 curiositatis
3606 4768 3865 4844 indagine
3903 4748 4148 4836 ferarum

2530 4841 2701 4898 lustra
2733 4848 3025 4917 perquirit,
3050 4850 3258 4907 invenit
3286 4855 3420 4911 duas
3458 4841 3999 4929 mulierespmatrem
4034 4872 4147 4928 sci-

2526 4934 2653 4991 licet
2679 4952 2744 4993 ac
2769 4939 2957 5005 filiam,
2991 4958 3091 5012 per
3126 4943 3247 5000 illos
3286 4945 3599 5005 hiemalium
3633 4958 3882 5013 cumulos
3908 4962 4140 5029 pruina-

2530 5046 2650 5086 rum
2678 5042 2733 5087 et
2768 5034 3041 5105 profunda
3075 5038 3280 5094 nivium
3339 5043 3535 5099 rudera
3569 5048 3953 5110 miserabiliter
3980 5058 4145 5117 ober-

2536 5134 2740 5181 rautes.
2794 5127 2897 5195 Qui
2949 5132 3201 5199 protinus
3256 5136 3634 5195 misericordia
3698 5145 3920 5213 ductus,
3954 5155 4146 5211 comiti

2535 5230 2634 5269 suo
2665 5217 2759 5287 qui
2806 5233 2934 5273 eum
2968 5220 3145 5276 solum
3204 5228 3559 5295 sequebatur,
3592 5234 3713 5288 ait:
3765 5235 4036 5296 Levcmtts
4086 5244 4143 5299 itt

2534 5306 2689 5375 equis
2709 5306 2809 5361 bas
2841 5307 3097 5378 feminas,
3131 5315 3324 5385 singuli
3355 5318 3646 5387 singulam,
3671 5335 3727 5378 et
3756 5327 3822 5379 ad
3852 5328 4142 5392 hominum

2536 5395 2843 5452 habitacula
2892 5401 3247 5469 devehamus,
3290 5406 3418 5476 quia
3450 5409 3537 5464 vel
3571 5410 3946 5473 oberrantinm
3996 5419 4145 5481 forte

2530 5485 2780 5557 luporum
2830 5501 2956 5544 sunt
3009 5492 3288 5549 morsibus
3333 5499 3703 5570 exponenda,
3751 5504 3833 5560 vel
3877 5508 3926 5562 vi
3984 5512 4144 5570 nimii

2526 5577 2727 5650 algoris
2768 5590 2896 5635 sunt
2939 5584 3329 5652 proculdubio
3384 5590 3684 5649 moriturae.
3736 5596 3895 5663 Quod
3949 5616 4140 5662 comes

2524 5674 2741 5743 penitus
2769 5674 3022 5747 abnegat,
3054 5681 3113 5732 et
3142 5677 3283 5734 hanc
3314 5696 3374 5735 se
3400 5680 3544 5740 ferre
3570 5701 3729 5756 posse
3757 5697 4141 5755 stomachatur

2526 5767 2794 5835 injurinn.
2848 5769 2945 5823 (lui
2977 5769 3238 5828 dominus
3270 5790 3284 5826 :
3313 5773 3447 5846 Ego,
3498 5778 3696 5847 inquit,
3734 5782 3778 5837 si
3811 5791 3865 5837 tu
3902 5786 4139 5857 fastidis,
4178 5804 4179 5807 ‘

2526 5864 2672 5918 salus
2706 5873 2993 5932 utramque
3027 5861 3245 5928 lcvaito,
3280 5874 3333 5919 ct
3365 5866 3506 5923 hanc
3531 5884 3694 5940 quam
3720 5872 3859 5932 dicis
3882 5876 4139 5950 injuriam

3631 5964 3711 6025 23
