5882 6636
176 0 1992 264 ...ν
2485 136 2513 137 έ

0 6419 718 6636 ὲ

2542 572 2648 630 ’115

3007 573 3064 628 S.
3108 570 3314 627 PETRI
3344 564 3630 624 DAMIANI
3664 564 3816 621 OPP.
3854 561 4090 619 TOMUS
4129 559 4262 620 SEU
4297 558 4479 617 PARS
4513 557 4602 614 Ill.
4623 555 5074 616 —OPUSCULA
5103 554 5328 613 VARIA.

5681 551 5768 608 'll6

2535 682 2793 738 alacriter
2817 681 3111 737 sustinebo.
3152 678 3394 746 Cumque
3418 691 3578 729 unam
3620 673 3785 746 746
3813 679 3933 743 ροςι
3959 685 4038 734 se,
4066 678 4122 726 et
4148 675 4199 732 Α
4227 668 4533 722 transeunti
4567 667 4706 736 turpi
4732 664 4998 721 lenocinio
5026 667 5341 734 prostitutae,
5363 661 5458 718 sed
5488 676 5609 716 cum
5638 661 5765 730 regio

2535 772 2780 837 alteram,
2816 773 2872 826 in
2919 770 3098 825 medio
3149 768 3415 830 residens,
3446 773 3677 834 poneret
3699 773 3825 816 ante
3859 776 3918 816 se
3951 779 3964 813 :
3997 770 4117 814 tan-

2535 863 2653 917 dem
2686 861 2866 916 socius
2897 857 3076 912 mente
3120 865 3478 926 compunctus
3508 864 3670 923 atque
3720 849 3995 908 confusus.
4021 849 4118 903 do-

2533 952 2681 1006 mino
2708 966 2809 1006 suo
2836 952 3002 1006 cessit
3026 965 3212 1013 unam,
3233 959 3290 1004 et
3335 949 3450 1018 ipse
3481 949 3548 1002 ad
3577 943 3977 1001 subvehendum
4003 956 4119 1002 cor.

2534 1041 2696 1111 ripuit
2721 1040 2969 1096 alteram.
2996 1041 3088 1096 Sic
3115 1040 3279 1111 igitur
3306 1053 3402 1094 eas
3430 1052 3526 1107 per
3554 1034 3863 1091 diﬂicillima
3897 1031 4014 1086 loca
4059 1041 4115 1085 et

2533 1129 2719 1200 longos
2738 1130 3018 1186 anfractus
3049 1146 3156 1186 non
3187 1131 3304 1184 sine
3331 1128 3480 1198 gravi
3512 1124 3756 1198 periculo
3771 1123 4112 1186 detulerunt,

2532 1223 2700 1276 donec
2728 1222 2937 1276 scilicet
2968 1222 3334 1275 molendinum
3371 1233 3500 1272 casu
3536 1215 3754 1269 obvium
3786 1215 4110 1282 reperirent,

2532 1310 2709 1381 ibique
2734 1327 2828 1366 eas
2849 1313 3199 1382 deponerent.
3224 1308 3433 1376 Adjecit
3454 1308 3619 1363 etiam
3645 1306 3896 1360 dominus
3928 1313 3983 1356 ut
4022 1303 4111 1356 uui

2533 1415 2720 1456 earum
2746 1411 2950 1455 vestem
2975 1401 3232 1463 traderet,
3259 1413 3363 1467 qua
3393 1399 3500 1450 vim
3527 1397 3748 1465 frigoris
3775 1393 4112 1462 aliquatenus

2530 1495 2875 1558 temperaret.
2915 1489 3013 1544 Hic
3053 1488 3330 1560 aliquanto
3374 1495 3495 1556 post
3543 1494 3782 1554 tempore
3820 1483 3990 1536 factus
4031 1489 4113 1533 cst

2529 1579 2844 1644 monachus,
2887 1590 2944 1634 et
2986 1580 3260 1650 deinceps,
3300 1579 3706 1647 ingravescente
3736 1573 4012 1634 molestia,
4043 1572 4110 1625 ad

2529 1679 2774 1723 extrema
2798 1671 3091 1739 perductus
3114 1679 3218 1724 est.
3239 1668 3390 1722 Tunc
3419 1666 3699 1727 fratribus,
3723 1664 3812 1733 qui
3837 1665 4106 1727 astabant,

2529 1771 2648 1812 cum
2689 1775 2882 1830 magna
2907 1761 3071 1828 cepit
3098 1758 3566 1813 animadversione
3592 1755 3849 1819 clamare,
3880 1755 4062 1807 dicens
4093 1771 4104 1805 :

2529 1845 2738 1902 Videtis
2764 1847 3241 1902 innumerabilium
3272 1847 3574 1901 daemonum
3608 1843 3844 1907 turbam,
3877 1858 3995 1912 quae
4022 1857 4109 1896 me

2527 1937 2765 2006 undique
2800 1938 3196 2002 circumvallat,
3230 1951 3425 2006 meque
3456 1937 3790 1990 terribilibus
3821 1935 3991 1991 oculis
4022 1935 4104 1987 itt-

4221 757 4307 812 illa
4338 757 4610 813 communi
4647 756 5042 809 Saracenorum
5087 763 5143 808 et
5185 753 5611 808 Christianorum
5636 756 5763 806 esset

4216 848 4546 903 habitatione
4571 847 4861 917 permixta,
4890 845 4992 899 illze
5015 860 5073 900 se
5094 843 5414 900 Christianis
5436 842 5646 911 quidem
5668 849 5760 894 tur-

4215 942 4356 1010 piter
4385 940 4725 1009 exponebant
4750 954 4766 1004 ;
4790 939 5184 993 Saracenorum
5213 951 5338 991 vero
5365 936 5635 992 consortia
5676 949 5760 990 un-

4216 1037 4357 1089 ditus
4409 1031 4750 1088 abdicabant.
4802 1032 5042 1100 Cumque
5088 1045 5146 1086 se
5187 1028 5428 1083 dolerent
5483 1029 5557 1083 illi
5584 1029 5635 1082 in
5671 1027 5758 1084 hoc

4215 1124 4357 1181 ftedo
4390 1125 4607 1196 negotio
4647 1124 4869 1194 despici,
4894 1138 5108 1193 suaeque
5140 1123 5281 1195 genti
5323 1130 5757 1192 conquereretur

4214 1218 4466 1286 iniuriam
4516 1218 4766 1288 irrogari,
4803 1218 5018 1272 tandem
5050 1231 5142 1271 eas
5165 1219 5231 1270 ad
5277 1214 5505 1269 tribunal
5532 1214 5757 1285 praesidis

4215 1312 4555 1378 pertrahunt,
4581 1316 4707 1361 etut
4725 1307 4838 1363 suis
4860 1322 5091 1378 quoque,
5113 1305 5251 1362 sicut
5267 1305 5598 1369 Christianis,
5617 1304 5668 1356 in
5687 1302 5755 1356 lu-

4214 1401 4380 1453 xuriae
4401 1399 4757 1468 permirtione
4770 1400 5130 1464 consentiant,
5143 1398 5481 1452 vehementer
5499 1395 5752 1450 insistunt.

4214 1488 4318 1542 Sed
4345 1491 4469 1545 dum
4493 1492 4670 1544 scelus
4707 1489 4809 1544 hoc
4841 1489 4982 1560 apud
5007 1503 5120 1554 eas,
5148 1486 5303 1543 modo
5333 1496 5582 1550 terrores,
5610 1484 5754 1542 modo

4213 1579 4501 1634 blanditias
4577 1581 4940 1644 intentantes,
4978 1579 5314 1648 aliquatenus
5372 1577 5609 1632 obtinere
5657 1591 5753 1631 non

4213 1684 4456 1742 possent,
4492 1671 4698 1742 prolata
4734 1671 4999 1726 sententia
5024 1670 5292 1740 praesidia,
5323 1668 5624 1738 adjudicataa
5643 1674 5755 1723 sunt

4211 1763 4393 1815 morti.
4425 1761 4558 1826 Quid
4590 1760 4779 1829 plura?
4819 1759 5066 1814 Protinus
5106 1757 5452 1829 spiculatores
5489 1758 5753 1821 accedunt,

4211 1853 4371 1906 nttdis
4421 1853 4722 1906 cervicibus
4767 1851 5003 1906 vibratos
5056 1849 5314 1920 pugiones
5349 1847 5639 1912 incutiunt;
5667 1844 5755 1903 sed

4210 1957 4279 1996 ne
4326 1956 4634 2010 supremam
4663 1941 4877 2008 quidem
4921 1948 5096 1994 cutem
5121 1936 5375 2003 incidere,
5406 1937 5624 1992 cassatis
5649 1937 5756 1990 icti-

2524 2027 2661 2081 tueri
2707 2028 3113 2096 ettimpugnare
3152 2041 3258 2081 non
3303 2028 3518 2081 cessat?
3555 2027 3798 2094 Cumque
3843 2025 4114 2079 continuis
4142 2019 4186 2079 B
4217 2034 4342 2096 bus,
4393 2039 4634 2101 possunt.
4672 2030 4879 2085 Interea
4925 2030 5051 2085 dum
5088 2037 5144 2084 et
5184 2029 5299 2083 ista:
5339 2027 5471 2082 mori
5523 2025 5758 2080 alacriter

2521 2115 2859 2170 orationibus
2901 2126 2958 2170 et
3008 2116 3320 2185 psalmodia:
3370 2117 3568 2171 fratres
3620 2117 3963 2179 insisterent,
4020 2115 4107 2167 ille

2523 2215 2704 2260 tamen
2758 2206 3107 2262 nihilominus
3136 2208 3482 2263 tremefactus
3509 2209 3806 2262 visceribus
3854 2206 4107 2260 formida-

2522 2304 2629 2359 ret,
2685 2297 2899 2350 tandem
2945 2296 3033 2349 ille
3061 2298 3152 2365 qui
3206 2297 3328 2362 sibi,
3357 2297 3498 2351 sicut
3544 2297 3745 2351 dictum
3783 2305 3881 2359 est,
3928 2295 3980 2348 iit
4019 2310 4106 2345 ve-

2520 2384 2738 2438 natione
2779 2399 2959 2440 comes
2987 2387 3290 2451 exstiterat,
3334 2387 3593 2440 assistens
3647 2386 3868 2454 propius
3928 2384 4109 2438 excla-

2524 2475 2694 2528 mavit
2722 2488 2736 2527 :
2766 2473 2954 2529 Nonne
3002 2477 3151 2530 vides
3176 2476 3318 2545 quod
3364 2476 3557 2531 mulier
3597 2475 3684 2529 illa
3733 2489 3890 2543 quam
3929 2483 4105 2527 tecum

2521 2563 2685 2618 simul
2740 2565 2808 2617 ad
2855 2565 3181 2632 aquimolum
3223 2565 3536 2627 devectavi,
3569 2565 3948 2620 vestimentum
3981 2563 4108 2616 illud

2522 2654 2668 2723 quod
2695 2653 2797 2708 sibi
2830 2663 2956 2708 tunc
3010 2656 3130 2710 dedi
3164 2666 3353 2709 tenens
3385 2656 3450 2712 in
3479 2651 3745 2718 manibus,
3783 2653 4023 2716 ventilat,
4053 2661 4108 2705 et

2521 2759 2714 2800 omnes
2767 2744 2822 2798 in
2852 2745 2954 2800 hac
2983 2747 3142 2800 domo
3189 2749 3461 2802 daemones
3499 2747 3765 2800 violenter
3819 2744 4105 2799 exturbat?

2524 2831 2696 2888 Paulo
2720 2843 2863 2903 post,
2885 2849 3030 2899 ecce,
3057 2835 3163 2889 Deo
3192 2838 3415 2905 gratias,
3447 2829 3601 2905 ejecti
3625 2842 3771 2898 sunt,
3799 2843 3852 2887 et
3889 2848 3919 2886 a
3969 2833 4104 2887 meis

2526 2923 2825 2991 obtutibus,
2857 2925 3097 2979 mulieris
3126 2926 3283 2993 hujus
3314 2927 3570 2995 impulsu,
3606 2939 3830 2994 prorsus
3873 2939 4104 2978 evanue-

2524 3025 2676 3069 runt.
2708 3014 2800 3070 Sic
2829 3017 2993 3086 igitur
3045 3017 3130 3071 ille
3173 3017 3272 3071 sub
3321 3018 3473 3073 bona:
3522 3019 3636 3086 spei
3690 3017 3981 3072 securitate
4015 3016 4106 3070 de-

2525 3107 2744 3161 functus
2763 3117 2866 3171 est,
2882 3119 2933 3161 et
2959 3109 3339 3164 misericordia
3358 3109 3582 3174 fructus,
3609 3123 3743 3177 quos
3766 3109 3921 3161 vivus
3952 3109 4104 3162 exhi-

2523 3198 2663 3261 buit,
2694 3199 2900 3253 oblatos
2933 3200 3056 3265 sibi,
3073 3202 3194 3254 dum
3218 3209 3537 3267 moreretur,
3560 3200 3784 3253 invenit.
3807 3197 3941 3252 Nam
3963 3213 4103 3267 saepe

2518 3288 2786 3358 contingit
2811 3298 2868 3342 ut
2916 3290 3054 3343 inter
3078 3290 3272 3344 multas
3311 3291 3606 3346 carnalium
3657 3289 3931 3345 actionum
3957 3299 4103 3343 tene-

4217 2123 4374 2195 75,7
4402 2122 4604 2182 volunt,
4633 2130 4685 2174 et
4714 2121 4788 2174 illi
4815 2120 5060 2174 occidere
5085 2127 5372 2187 nequeunt,
5394 2115 5644 2170 carcerali
5669 2127 5756 2168 cu-

4215 2217 4400 2268 stodim
4453 2214 4846 2280 mancipantur.
4899 2209 5063 2266 Nocte
5111 2223 5238 2262 vero
5291 2206 5381 2260 uni
5417 2214 5756 2271 earum,qua

4214 2305 4366 2373 quasi
4391 2303 4640 2369 superior
4661 2309 4775 2356 erat
4808 2300 5035 2363 caeteris,
5063 2296 5305 2350 Salvator
5332 2293 5754 2364 apparuit,eiqtte

4215 2396 4349 2449 dixit
4377 2413 4389 2447 :
4416 2393 4531 2447 Noli
4561 2395 4770 2455 timere,
4796 2390 4953 2444 hodie
4976 2386 5256 2443 certamini
5283 2393 5458 2439 vestro
5485 2381 5636 2435 finem
5657 2394 5754 2432 tm-

4215 2502 4430 2558 ponam,
4455 2500 4658 2553 vosque
4688 2499 4808 2538 cum
4847 2495 5045 2537 corona
5087 2477 5323 2547 martyrii
5351 2476 5403 2529 in
5429 2473 5606 2544 gloriae
5631 2484 5754 2525 mea!

4214 2583 4528 2634 amoenitate
4566 2577 4873 2645 suscipiam.
4907 2571 5161 2641 Sequenti
5181 2583 5308 2622 vero
5327 2567 5412 2620 die
5437 2565 5499 2618 ad
5529 2563 5752 2616 trtbuua~

4213 2671 4282 2723 lia
4324 2671 4519 2737 iudicis
4571 2669 4928 2728 deducuntur,
4971 2661 5310 2732 inquisitione
5357 2658 5530 2720 iacta,
5571 2654 5750 2708 eadem

4212 2763 4562 2817 nihilominus
4584 2758 4848 2814 sententia
4892 2760 5232 2826 perseverat;
5258 2751 5393 2806 idem
5421 2755 5502 2801 est
5531 2746 5620 2817 qui
5649 2743 5753 2799 fua-

4212 2865 4294 2907 rat
4321 2855 4558 2916 animus;
4601 2862 4654 2904 et
4679 2851 5070 2920 Agarenorutn,
5099 2847 5236 2899 sicut
5258 2843 5425 2912 prius.
5464 2855 5554 2909 per
5583 2838 5752 2892 omnia

4211 2945 4547 2999 detestantur
4569 2940 4862 3010 amplexus.
4891 2938 5142 2991 Protinus
5169 2947 5294 3004 ergo
5314 2929 5606 2990 carnifices,
5629 2942 5752 2996 quo-

4213 3037 4358 3089 niam
4389 3036 4442 3087 itt
4471 3032 4771 3086 cervicibus
4796 3044 4978 3086 earum
5013 3026 5084 3081 ttil
5117 3039 5175 3080 se
5206 3039 5357 3094 posse
5392 3019 5750 3090 probatorum.

4211 3141 4396 3182 earum
4436 3136 4618 3194 guttur
4655 3123 4830 3192 gladio
4865 3119 5122 3175 defaecant
5165 3112 5483 3188 [deserant],
5517 3109 5677 3182 748
5707 3119 5754 3160 et

4211 3221 4286 3273 sic
4321 3220 4382 3271 dc
4418 3216 4791 3271 meretricibus
4811 3224 5073 3282 martyres
5093 3210 5345 3266 etiiciuut.
5379 3206 5482 3261 Sed
5509 3207 5753 3275 quoniam

4210 3311 4418 3379 longius
4460 3321 4621 3376 quam
4651 3303 4952 3373 incipiendo
4979 3303 5303 3363 decreverat,
5327 3297 5435 3366 jam
5462 3297 5628 3365 stylus
5663 3295 5755 3346 isto

3015 3381 3194 3470 9i"?ris
3228 3381 3408 3436 ιυτηθυ
3439 3391 3714 3451 θΐυωρδιι
3765 3381 3908 3450 (μιοά
3931 3381 4103 3436 homi'
4129 3383 4177 3447 C
4211 3376 4543 3470 perducitur,
4575 3396 4903 3463 cohibendus
4941 3402 5026 3447 est
5075 3391 5334 3452 calamus,
5361 3397 5415 3441 et
5462 3385 5756 3454 epistolaris

2515 3480 2640 3522 nem
2673 3467 2742 3521 ad
2777 3467 2975 3523 bonum
3004 3469 3164 3523 tinem
3197 3480 3519 3540 portumque
3555 3472 3836 3540 perducat.

3134 3581 3359 3637 CAPUT
3396 3583 3483 3638 Vl.

2523 3689 2632 3746 Per
2662 3708 2824 3746 unum
2853 3710 2981 3762 Opus
3016 3695 3205 3748 bonum
3247 3695 3340 3750 Dei
3384 3699 3547 3767 pietas
3584 3710 3877 3768 peccatores
3907 3700 4093 3756 salvat.

2589 3784 2739 3840 Unde
2768 3802 2873 3841 non
2902 3788 3132 3841 otiosum
3161 3789 3396 3844 arbitror
3421 3791 3465 3844 si
3495 3801 3548 3845 et
3587 3793 3641 3846 id
3691 3793 3831 3861 quod
3869 3791 4099 3862 Stepha-

2515 3890 2621 3930 nus
2655 3874 2895 3945 ejusdem
2952 3878 3150 3945 rcgiua:
3186 3878 3515 3946 capellanus,
3542 3882 3624 3933 vir
3657 3881 3903 3935 videlicet
3931 3886 4098 3936 bone—

2516 3975 2632 4024 stus
2675 3975 2728 4020 et
2769 3969 3036 4038 prudens,
3078 3973 3373 4036 enarravit,
3405 3980 3603 4026 attexo.
3654 3972 3747 4026 Ait
3781 3976 3921 4028 enim
3955 3975 4100 4043 quod

2519 4056 2878 4114 Stedclandus
2919 4060 3211 4127 imperator
3255 4061 3492 4116 Gallicis:
3540 4062 3744 4122 retulit,
3777 4064 3918 4132 quod
3969 4073 4094 4116 tunc

2520 4147 2591 4202 ad
2623 4148 2777 4202 unius
2804 4147 3071 4214 notitiam,
3103 4148 3208 4203 alio
3230 4152 3563 4218 postmodum
3592 4150 3880 4214 referente,
3910 4168 4101 4222 perve-

2515 4236 2641 4292 nit:
2670 4237 2824 4306 Tres,
2859 4239 3056 4308 inquit,
3089 4243 3404 4296 meretrices
3445 4252 3626 4306 erant,
3673 4243 3920 4297 obscenis
3955 4245 4100 4313 lupa-

2516 4327 2734 4385 narium
2777 4327 3114 4385 fteditatibus
3139 4330 3354 4397 deditae,
3383 4341 3456 4398 et,
3495 4341 3553 4386 ut
3590 4333 3665 4386 ita
3707 4332 3916 4404 loquar,
3949 4333 4098 4388 omni

4209 3489 4508 3559 compendii
4568 3488 4845 3560 ponendus
4891 3494 4974 3539 est
5028 3483 5234 3536 modus.
5295 3478 5525 3533 Tandem
5571 3474 5754 3530 divina:

4205 3588 4423 3656 pietatis
4448 3584 4673 3652 imploro
4691 3578 5270 3642 clementiam,utinter
5294 3582 5481 3627 cetera
5508 3572 5751 3624 virtutum

4203 3689 4258 3735 et
4291 3681 4455 3734 totius
4489 3686 4693 3733 sancta
4722 3673 4993 3745 religionis
5035 3670 5278 3740 insignia,
5319 3665 5618 3722 inviolabile
5659 3661 5750 3717 tibi

4203 3771 4479 3825 sonantia:
4512 3767 4784 3838 pudicitiae
4818 3767 4980 3820 robur
5011 3764 5284 3825 infundat,
5309 3769 5363 3815 et
5385 3756 5650 3812 vasculum
5680 3754 5750 3807 tui

4203 3865 4442 3932 corporis
4475 3865 4528 3917 in
4560 3859 4980 3915 sanctificatione
5007 3871 5061 3912 et
5088 3858 5287 3911 honore
5313 3851 5604 3914 custodiat;
5626 3860 5751 3916 qua-

4204 3969 4359 4011 tenus
4385 3958 4431 4009 is
4455 3957 4544 4023 qui
4573 3954 4704 4007 dicit
4730 3953 4782 4004 in
4810 3951 5043 4004 Cauticis
5068 3967 5081 4002 :
5113 3966 5130 3998 t
5167 3947 5273 4017 Ego
5312 3944 5406 3998 nos
5429 3941 5636 4010 campi,
5657 3953 5750 4009 ego

4200 4049 4369 4101 lilium
4393 4045 4716 4100 convallium
4758 4041 4931 4112 (Cant.
4961 4045 5055 4109 tt);
5091 4058 5113 4092 θ
5142 4040 5275 4092 sicut
5299 4052 5392 4106 pro
5421 4044 5470 4088 te
5506 4034 5746 4100 dignatus

4205 4149 4284 4196 est
4331 4139 4438 4192 fieri
4480 4137 4618 4190 illius
4652 4134 4900 4204 Virginis,
4947 4135 5026 4186 sic
5065 4130 5222 4185 etiam
5250 4138 5474 4180 vernare
5515 4132 5566 4178 te
5595 4122 5749 4176 faciat

4201 4232 4422 4287 fioribus
4448 4229 4730 4284 castitatis.

4560 4318 4635 4373 Sit
4653 4333 4832 4372 nomen
4847 4315 5056 4370 Domini
5072 4312 5402 4368 benedictum.

2535 4557 5730 4595 ,__________________________________________..__——

2606 4705 2968 4778 πθηεο
3006 4651 3779 4831 OPUSCULUM
3823 4720 4946 4850 QUADRAGESIMUM
5023 4712 5666 4821 OCTAVUM.

3567 4929 3675 4991 DE
3715 4931 4307 4993 SPll‘tlTUALlBUS
4359 4929 4720 4991 DELlCllS.

2521 5199 2918 5251 ABGUMENTUI.
2952 5225 3020 5233 —
3053 5193 3345 5250 Honestum
3379 5200 3695 5252 monachum
3732 5200 4013 5253 edacitatis
4042 5210 4094 5252 et
4131 5200 4368 5253 ciborum
4400 5199 4606 5254 delectu
4641 5197 4756 5266 plus
4794 5195 4942 5264 justo
4971 5195 5362 5266 studiosiorem,
5387 5191 5728 5266 spiritualium

2597 5265 2877 5338 dulcedine
2905 5266 3184 5333 epularum
3220 5279 3341 5319 ante
3363 5269 3543 5321 oculos
3589 5273 3779 5335 posita,
3834 5271 3898 5323 ad
3945 5281 4279 5324 terrenarum
4330 5271 4541 5338 dnpium
4588 5262 4983 5334 contemptum,
5023 5274 5075 5319 et
5105 5263 5393 5319 ctelestium
5435 5262 5644 5315 deliciar
5670 5277 5728 5311 ..u

2596 5336 2996 5388 meditationem
3025 5344 3079 5388 et
3102 5351 3338 5390 amorem
3372 5340 3658 5405 perducere
3691 5352 3937 5393 conatur.

2592 5463 2842 5521 Housm
2879 5464 3032 5519 fratri
3061 5465 3271 5522 PETRUS
3314 5477 3567 5538 peccator
3609 5472 3899 5525 monachus
3945 5470 4089 5524 salu-
4121 5479 4167 5537 D
4195 5471 4274 5523 nis
4303 5470 4645 5539 opprobrium
4681 5508 4696 5534 ,
4720 5468 4844 5521 dum
4866 5466 5069 5521 obtinet
5095 5480 5156 5519 ex
5187 5465 5373 5517 virtute
5397 5462 5725 5530 triumphum.

2519 5563 2650 5612 tem.

3037 5645 3260 5702 CAPUT
3299 5647 3584 5705 PRIMUM.

2839 5736 2912 5790 De
2946 5735 3168 5791 Jubifwo
3192 5779 3206 5800 ,
3249 5734 3456 5809 cfusque
3498 5743 3774 5812 mysteriis.

2593 5831 2692 5895 Qui
2722 5838 2932 5886 coactus
2965 5834 3014 5886 in
3045 5849 3191 5886 arma
3225 5837 3580 5904 progreditur.
3615 5835 3872 5904 impulsus
3906 5846 4086 5891 tamen

2523 5922 2736 5979 fortiter
2777 5925 3064 5994 pt‘wliatut',
3108 5928 3329 5998 corrigit
3362 5929 3726 5999 ignominiosae
3779 5929 4086 6002 trepidatio-

4194 5569 4261 5617 Αἱ
4297 5566 4338 5618 si
4369 5575 4422 5617 et
4452 5564 4650 5618 invitus
4681 5561 4880 5630 incipit,
4911 5569 4962 5614 et
4991 5573 5109 5612 mox
5133 5555 5528 5614 occurrentibus
5557 5556 5726 5608 adver-

4195 5660 4348 5711 sariis
4386 5658 4547 5710 corde
4576 5656 4766 5724 pavido
4790 5662 4934 5720 terga
4967 5652 5137 5713 venit,
5169 5650 5327 5702 etiam
5348 5647 5389 5699 si
5419 5644 5616 5714 fugiens
5645 5644 5723 5697 lto-

4193 5748 4332 5802 stilia
4368 5748 4464 5803 tela
4505 5744 4898 5814 contempserit,
4941 5753 5062 5796 nota
5091 5750 5263 5794 tamen
5295 5737 5564 5807 degeneris
5607 5735 5724 5788 infa-

4193 5841 4314 5894 mia:
4352 5855 4454 5892 non
4506 5837 4735 5894 carebit.
4769 5833 4847 5888 Tu
4891 5848 5121 5903 quoque,
5170 5830 5349 5893 frater,
5396 5829 5449 5882 in
5488 5837 5721 5895 quantum

4192 5933 4349 5986 datur
4377 5927 4625 5998 intelligi,
4663 5941 4766 5981 non
4810 5924 5079 5980 ultroneus
5122 5920 5176 5976 in
5217 5919 5416 5975 militia:
5453 5913 5721 5987 spiritu-alis

5273 6536 5289 6539 »-
5362 6537 5398 6544 Ἣ
5440 6531 5529 6546 -η-κι
5557 6531 5684 6546 '4‘.“
5696 6531 5751 6542 —-'-
5794 6529 5821 6537 ’⁸-
5853 6531 5878 6550 κ
