5882 6608
847 396 951 452 717
1744 405 1972 464 OPUSC
2040 407 2270 465 XLVIII.
2307 440 2372 450 -—-
2408 407 2497 464 DE
2538 406 2930 465 SPIHITUAL.
2969 410 3278 468 DELICIIS.
4040 421 4146 477 7I8

845 531 1000 573 arma
1023 521 1255 588 iurasti;
1289 528 1341 576 et
1371 528 1675 591 postquam.
1729 525 1856 579 dato
1903 525 2144 589 nomine,
2198 525 2427 580 tirocinii
2460 530 2509 589 Α
2536 522 2738 578 littera.
2773 523 2913 578 Hinc
2941 533 3024 579 est
3071 525 3212 594 quod
3259 540 3324 581 ex
3369 526 3559 582 eodem
3592 527 3750 600 751
3786 545 3985 587 manna
4035 532 4149 589 He-

842 621 1186 667 sacramenta
1215 611 1492 682 professus
1523 629 1601 678 es,
1636 614 1712 668 nil
1761 616 1986 684 insigne,
2036 617 2111 669 nil
2157 615 2314 681 forte,
2365 618 2441 672 nil

840 709 994 755 certe
1006 701 1225 765 dignum
1247 701 1404 757 laude
1425 704 1639 774 gessisti
1667 721 1682 770 ;
1711 705 1830 772 sed,
1852 721 1918 759 ex
1931 705 2166 777 Egypto
2191 723 2439 780 progres-

838 807 957 861 sus,
986 795 1226 852 ciborum
1257 812 1323 851 ac
1363 811 1585 869 pomum
1633 800 1846 870 coepisti
1877 816 2219 857 murmurare
2265 816 2438 873 penn-

837 885 998 954 riam,
1026 900 1248 944 cunctas
1275 889 1493 962 Egypti
1519 891 1742 946 delicias
1763 894 2040 962 suspirare
2065 892 2264 965 (Exod.
2298 896 2432 975 im),

833 992 961 1033 cum
993 979 1082 1034 illo
1106 982 1314 1038 carnali
1343 998 1683 1053 conquerens
1709 983 1869 1040 Israel
1896 1001 1909 1039 :
1941 1005 1959 1036 ε
1992 985 2210 1040 Utinam
2235 989 2434 1042 mortui

831 1086 1078 1130 essemus
1127 1090 1224 1145 per
1268 1093 1484 1131 manum
1540 1077 1750 1132 Domini
1803 1079 1857 1133 in
1911 1078 2168 1150 Egypto,
2217 1082 2433 1149 quando

829 1165 1160 1222 sedehamus
1206 1184 1371 1238 super
1411 1168 1546 1224 ollas
1588 1170 1864 1235 carnium,
1909 1180 1964 1225 et
2015 1174 2433 1230 comedebamus

828 1270 999 1323 panes
1044 1259 1097 1311 in
1140 1260 1454 1313 saturitate!
1497 1280 1515 1312 ι
1553 1261 1712 1332 (Dan.
1749 1263 1854 1332 in.)
1894 1262 2037 1318 Misit
2079 1279 2208 1333 ergo
2241 1274 2291 1319 te
2335 1281 2429 1321 rex

827 1345 1122 1419 Babylonis
1152 1348 1206 1402 in
1248 1351 1523 1404 caminum
1567 1353 1707 1423 ignis
1737 1355 2015 1409 ardentem
2045 1397 2058 1418 ,
2102 1358 2194 1411 sed
2244 1357 2429 1414 videre

824 1452 930 1493 non
964 1441 1137 1509 potttit
1163 1440 1259 1496 Dei
1293 1442 1488 1498 Filium
1536 1455 1714 1501 tecum
1769 1448 1906 1502 inter
1940 1448 2128 1514 globos
2179 1449 2423 1506 flamma-

824 1547 946 1589 rum
970 1539 1314 1592 :estuantium
1341 1541 1700 1598 incedentem.
1727 1544 1966 1614 Stuppae,
1991 1548 2265 1616 naphtlue,
2289 1551 2426 1618 picis

823 1641 887 1681 ac
926 1628 1190 1684 malleola:
1219 1633 1531 1702 congeriem
1565 1646 1883 1703 persecutor
1911 1639 2128 1705 intulit;
2165 1643 2257 1696 sed
2288 1642 2424 1698 divi-

822 1734 888 1772 na
926 1719 1102 1775 virtus
1148 1722 1305 1792 hujus
1333 1738 1460 1793 erga
1491 1733 1543 1780 te
1572 1727 1716 1783 vires
1743 1729 1974 1784 incendii
2013 1748 2117 1785 non
2169 1734 2427 1791 exstinxit

822 1806 1035 1878 (Ibid.).
1067 1809 1238 1867 Porro
1273 1815 1339 1868 de
1371 1815 1584 1870 flamina
1635 1819 1723 1872 illa
1768 1821 1968 1875 dicitur
1995 1841 2005 1876 :
2031 1822 2185 1890 Quod
2215 1829 2420 1897 erupit,

2547 614 2766 669 braicus
2801 614 2889 670 ille
2917 615 3144 686 populus
3173 615 3405 672 turtulas
3428 616 3529 673 sibi
3555 620 3858 676 confecisse
3887 623 4151 680 describi-

2547 715 2631 777 tur
2666 725 2679 760 :
2711 726 2728 758 t
2771 707 3102 778 Frangebat,
3134 708 3327 778 inquit,
3359 709 3590 780 populus
3639 710 3768 766 illud
3814 713 3980 780 mola,
4031 715 4148 772 sive

2541 799 2752 855 terebat
2781 801 2836 854 in
2866 801 3148 866 mortario,
3200 817 3440 871 coquens
3471 804 3523 858 in
3553 804 3657 860 olla
3680 847 3694 870 ,
3721 815 3778 862 et
3823 807 4028 866 faciens
4075 825 4149 867 ex

2540 903 2605 946 eo
2635 893 2868 947 turtulas
2894 893 3121 963 saporis,
3174 895 3327 964 quasi
3371 896 3524 966 panis
3564 897 3725 953 oleati
3758 899 3948 969 (Num.
3982 904 4084 973 xi).
4117 920 4138 954 ι

2541 981 2767 1038 Turtula
2801 985 2959 1054 plane
2982 985 3086 1040 nisi
3123 987 3276 1056 prius
3303 989 3567 1057 aperitur,
3606 992 3811 1060 gestari
3842 1008 3950 1047 non
3994 993 4144 1049 valet

2536 1078 2680 1145 quod
2730 1077 2871 1132 intra
2919 1077 3036 1149 ejus
3091 1089 3241 1150 septa
3289 1083 3620 1136 reconditur.
3670 1083 3902 1140 Oracula
3947 1101 4145 1159 nempe

2534 1170 2925 1238 prophetarum
2977 1173 3129 1241 quasi
3164 1172 3408 1241 quaedam
3445 1174 3660 1230 turtula:
3692 1185 3847 1242 sunt,
3877 1192 3997 1247 qua:
4037 1179 4142 1236 sub

2534 1261 2768 1328 quadam
2792 1263 2948 1332 quasi
2991 1263 3289 1317 carnalium
3316 1266 3472 1318 theca
3508 1267 3798 1322 verborum
3838 1267 4144 1337 spiritualis

2534 1349 2905 1420 intelligentia:
2931 1362 3667 1422 conteguntsacramentum.
3691 1351 3844 1412 Hanc
3881 1357 4142 1415 turtulam

2531 1445 2746 1514 aperire
2769 1460 2875 1498 non
2900 1455 3134 1515 poterat,
3154 1448 3238 1501 cui
3265 1462 3361 1516 per
3379 1447 3569 1502 Isaiam
3593 1448 3874 1504 dicebatur
3899 1466 3912 1504 :
3944 1469 3962 1502 t
3992 1449 4143 1523 Lege

2529 1532 2729 1588 librum
2787 1536 2970 1589 istum.
3030 1536 3096 1589 Et
3145 1538 3424 1605 respondit
3477 1553 3492 1590 :
3559 1537 3676 1593 Non
3736 1555 3980 1610 possunt.
4056 1541 4140 1596 Si-

2528 1636 2726 1695 gnatns
2772 1635 2856 1681 est
2894 1626 3038 1682 euint
3091 1626 3268 1698 (Isai.
3315 1643 3446 1683 xxix
3466 1628 3506 1700 ).
3563 1648 3582 1680 ι
3632 1629 3785 1687 Hanc
3824 1632 3929 1688 sibi
3961 1642 4139 1688 turtu-

2528 1715 2634 1770 lam
2683 1718 2966 1771 eunuchus
3021 1717 3112 1772 ille
3167 1720 3397 1774 reserari
3457 1720 3649 1790 petiit,
3707 1737 3831 1775 cum
3882 1719 4136 1792 Philippo

2528 1806 2730 1861 dicenti
2760 1808 2865 1862 sibi
2896 1825 2908 1860 :
2938 1828 2956 1861 ι
3012 1808 3250 1864 Putasne
3281 1810 3536 1880 intelligis
3571 1828 3692 1882 qua:
3739 1813 3920 1884 legis?
3966 1832 3983 1864 ι
4020 1813 4133 1870 Re-

821 1909 873 1954 et
912 1912 1096 1957 erecta
1143 1913 1227 1959 est
1271 1920 1434 1973 super
1483 1907 1759 1965 fornacem
1813 1915 2010 1968 cubitis
2061 1919 2419 1989 quadraginta
2451 1900 2498 1959 Β
2525 1900 2794 1968 spondi“
2836 1919 2854 1950 ‘
2895 1901 3144 1972 Ειίιιιοηι

1813 1915 2010 1968 minus
2061 1919 2419 1989 quadmgima
2451 1900 2498 1959 B
2525 1900 2747 1968 spondit
2780 1915 2794 1953 :
2836 1919 2854 1950 ε
2895 1901 2965 1955 Ει
2988 1904 3260 1972 quomodo
3288 1919 3525 1974 possunt,
3560 1906 3665 1960 nisi
3715 1907 3913 1976 aliquis
3951 1917 4134 1962 osten<

821 2007 1034 2048 novem.
1084 1995 1199 2050 Non
1232 2000 1376 2053 enim
1433 2001 1500 2056 ad
1548 2004 2069 2076 quinquagenarinm
2107 2027 2414 2080 numerum,

821 2083 870 2137 id
908 2095 992 2140 est
1033 2103 1204 2157 usque
1249 2089 1314 2143 ad
1360 2091 1572 2160 mystici
1604 2091 1836 2159 Jubilzci,
1888 2099 2063 2166 potuit
2111 2104 2417 2173 pertingere

817 2186 1240 2233 sacramentum.
1264 2178 1523 2237 Jubilaeus
1543 2185 1687 2239 enim
1721 2203 1893 2242 annus
1925 2192 2278 2258 requietionis
2309 2204 2414 2261 est,

815 2265 956 2337 ig'nis
987 2284 1118 2340 ergo
1151 2270 1241 2326 ille
1284 2274 1518 2328 carnalis
1568 2279 2023 2348 eunettpiscentize
2067 2299 2174 2338 non
2212 2287 2280 2339 ad
2332 2302 2416 2341 re-

813 2357 995 2426 quiem
1023 2361 1280 2427 pertinet,
1324 2363 1418 2418 sed
1462 2368 1716 2420 scandala
1767 2372 1946 2438 potius
1991 2386 2233 2444 generat,
2285 2380 2412 2433 dum

817 2449 1100 2515 reprobam
1134 2461 1368 2505 mentem
1395 2453 1734 2512 titillantith
1783 2460 2053 2518 illecebris
2085 2477 2408 2523 aestuantem

814 2545 975 2590 vexat
1006 2546 1172 2607 atque
1223 2542 1519 2610 perturbat.
1549 2545 1663 2601 Non
1695 2549 1839 2604 enim
1873 2552 1939 2606 ad
1972 2553 2118 2608 illum
2145 2559 2412 2628 quinqua-

812 2625 1002 2696 gesimi
1038 2629 1141 2682 diei
1173 2633 1408 2700 pertinet
1447 2636 1647 2704 ignem,
1689 2641 1756 2696 de
1781 2658 1889 2712 quo
1912 2645 2108 2700 dicitur
2140 2625 2204 2701 ζ.
2241 2625 2411 2708 Totus

814 2725 994 2771 autem
1035 2735 1192 2775 mons
1242 2722 1392 2779 Siuai
1437 2726 1698 2795 fumabat,
1743 2748 1808 2788 eo
1853 2740 1997 2805 quod
2042 2740 2410 2797 descendisset

811 2803 1072 2861 Dominus
1116 2826 1279 2880 super
1306 2829 1429 2868 eum
1483 2817 1534 2872 in
1584 2819 1731 2891 igne,
1775 2836 1829 2880 et
1868 2831 2186 2884 ascenderet
2231 2833 2408 2890 fumus

809 2910 873 2952 ex
921 2915 988 2953 eo
1026 2904 1181 2970 quasi
1221 2905 1288 2960 de
1320 2905 1542 2966 fornace
1585 2913 1784 2980 (Exod.
1817 2920 1953 2985 xu).
1991 2940 2010 2972 ›
2049 2925 2154 2976 Sed
2189 2940 2286 2980 nec
2331 2927 2405 2981 illi

808 2995 1055 3063 congruit
1101 2998 1213 3065 qui,
1261 3001 1713 3072 quinquagesimo
1765 3010 2115 3069 nihilominus
2145 3016 2251 3080 die,
2285 3029 2406 3086 post

811 3080 1102 3142 Dominicae
1132 3095 1546 3150 resurrectionis
1575 3098 1803 3167 gloriam
1841 3120 2005 3171 super
2049 3111 2319 3174 apostolos
2352 3111 2402 3164 in

805 3174 1108 3248 linguarum
1142 3186 1402 3241 varietate
1434 3189 1713 3246 descendit
1751 3193 1886 3264 (Act.
1921 3198 2003 3266 tt).
2037 3198 2272 3267 Uterque
2304 3203 2403 3272 igi-

2525 1992 2666 2047 derit
2697 1992 2864 2046 mihi?
2895 2014 2913 2045 ›
2948 1994 3086 2062 (Act.
3124 1995 3267 2064 viti.)
3296 1996 3374 2048 Ac
3397 1996 3439 2050 si
3472 1996 3616 2051 dicat
3649 2015 3662 2050 :
3694 1995 3974 2051 Turtulam
4006 1999 4131 2068 qui-

2523 2083 2646 2136 dem
2677 2084 2836 2138 istatn
2869 2084 2922 2138 in
2956 2085 3205 2140 manibus
3237 2096 3414 2152 teneo,
3461 2089 3553 2143 sed
3586 2103 3694 2143 non
3725 2104 3946 2159 pOSsum
3976 2105 4043 2144 ex
4068 2106 4133 2145 ea

2521 2177 2831 2241 comedere,
2865 2177 2968 2230 nisi
2996 2191 3114 2231 eam
3148 2182 3304 2232 docta
3335 2195 3529 2234 manus
3559 2182 3802 2250 aperiat,
3836 2191 3892 2236 et
3922 2182 4134 2236 medul-

2520 2266 2627 2321 lam
2661 2269 2792 2322 niihi
2828 2271 3071 2340 spiritus,
3124 2273 3215 2341 qui
3251 2272 3302 2325 in
3352 2271 3502 2342 palea
3554 2273 3750 2329 littera:
3781 2273 3932 2338 latet,
3965 2290 4136 2346 etipo-

2518 2369 2632 2414 nat.
2669 2359 2818 2414 lianc
2844 2377 2941 2429 per
2973 2364 3295 2433 semetipsos
3340 2365 3554 2433 aperire
3598 2382 3701 2420 non
3744 2376 4030 2435 poterant,
4063 2368 4133 2422 de

2517 2452 2713 2520 quibus
2746 2452 3012 2508 .leremias
3043 2457 3223 2510 aiebat
3251 2474 3263 2509 :
3297 2477 3313 2508 t
3352 2457 3566 2511 Parvuli
3597 2460 3874 2528 petierunt
3904 2476 4128 2531 panem,

2515 2551 2571 2596 et
2603 2559 2712 2597 non
2734 2554 2854 2598 erat
2882 2550 2970 2613 qui
3006 2545 3281 2618 frangeret
3317 2551 3396 2604 eis
3429 2550 3647 2620 ('l‘hreu.
3677 2553 3773 2621 tv).
3811 2571 3829 2602 ι

2585 2634 2702 2690 Hoc
2726 2653 2857 2706 ergo
2881 2653 3103 2702 manna,
3134 2641 3508 2706 dilectissime,
3539 2641 3684 2697 hunc
3727 2643 3907 2698 vitalis
3936 2644 4128 2700 adimo.

2513 2725 2617 2780 nia:
2650 2726 2830 2781 cibum
2869 2728 2923 2781 in
2974 2729 3344 2784 meditationis
3391 2743 3494 2785 tua:
3543 2734 3802 2788 tnortario
3851 2735 4126 2790 subtiliter

2512 2819 2687 2887 pinse,
2719 2820 2772 2872 in
2807 2820 2996 2874 fervidi
3027 2825 3228 2875 amoris
3256 2823 3359 2877 olla
3394 2825 3598 2894 jugiter
3643 2842 3906 2897 excoquc,
3953 2841 4010 2883 ut
4055 2845 4126 2885 ex

2511 2907 2615 2962 hoc
2638 2911 2833 2964 anima:
2859 2921 2961 2963 tua:
2988 2913 3193 2964 viscera
3229 2914 3411 2968 valeas
3439 2915 3581 2969 velut
3607 2932 3639 2970 a
3667 2921 3840 2973 ruina:
3872 2921 4119 2977 cmlestis

2509 3001 2666 3069 adipe
2695 3002 2962 3072 saginare.
2997 3003 3109 3058 Hoc
3152 3007 3354 3060 intima:
3383 3006 3696 3065 refectionis
3727 3002 3969 3068 edulium
3998 3030 4124 3069 cur-

2510 3091 2593 3144 dis
2632 3093 2705 3146 tui
2738 3094 2926 3148 fauces
2952 3095 3237 3161 obtlulcet,
3270 3097 3374 3152 hoc
3403 3100 3644 3154 animum
3675 3110 3824 3156 tuttm
3864 3103 3933 3158 “ad
3968 3105 4121 3161 illlud

2508 3182 2732 3239 cmleste
2767 3189 3072 3241 convivium
3129 3200 3408 3259 provocet.
3460 3192 3560 3245 Hic
3601 3195 3834 3265 denique
3878 3198 4032 3252 cibus
4063 3199 4122 3254 in

805 3274 891 3322 tur
919 3271 1060 3340 ignis
1089 3273 1192 3330 iste
1221 3278 1520 3344 descendit,
1545 3283 1669 3349 quia
1702 3282 1954 3338 nimirum
1985 3287 2049 3341 de
2072 3289 2208 3343 caelo
2232 3271 2398 3346 venit.
2429 3271 2474 3334 Ο
2506 3285 2668 3344 ευδιιι
2721 3279 2920 3334 mimus
2961 3289 3064 3334 ιυω
3110 3302 3128 3335 ι

1799 3285 1954 3338 mum
1985 3287 2049 3341 de
2072 3289 2208 3343 ρωιο
2232 3271 2398 3346 venit.
2429 3271 2474 3334 C
2506 3285 2668 3344 gustu
2721 3279 2920 3334 mentis
2961 3289 3064 3334 tua:
3110 3283 3506 3340 delectabiliter
3542 3287 3758 3356 sapiat,
3811 3289 3898 3344 hic
3945 3301 3997 3346 te
4047 3293 4120 3348 ad

801 3361 894 3420 Ille
912 3377 1094 3422 autent
1112 3385 1217 3424 non
1240 3371 1612 3441 descendisse,
1638 3377 1730 3431 sed
1762 3381 2070 3435 ascendisse
2097 3382 2313 3454 legitur,
2343 3396 2405 3442 ut

801 3455 866 3510 de
903 3460 1140 3516 carnalis
1170 3465 1624 3536 concupiscentiae
1657 3473 1952 3542 petulantia
1986 3479 2281 3544 procedere
2324 3481 2404 3536 vi-

806 3545 1018 3603 deatur.

1419 3646 1649 3703 CAPUT
1700 3650 1762 3705 ll.

1015 3730 1159 3796 Quid
1187 3734 1347 3801 fuerit
1387 3754 1582 3793 manna
1608 3781 1624 3805 ,
1656 3752 1706 3796 et
1747 3743 1874 3814 quid
1903 3746 2178 3816 signiﬁcet.

868 3817 1008 3885 Noli,
1031 3822 1219 3888 frater,
1243 3827 1347 3880 noli
1371 3827 1509 3897 gulae
1541 3831 1623 3886 vel
1653 3835 1833 3889 carnis
1855 3837 2130 3894 deservire
2163 3839 2391 3910 libidini,

800 3910 886 3977 qui
920 3923 970 3967 te
1016 3913 1242 3970 militem
1283 3921 1621 3990 spepondisti
1673 3927 1984 3982 sobrietatis
2015 3933 2243 3987 auctori.
2284 3933 2393 3987 Pti-

800 3999 918 4056 deat
957 4013 1010 4058 te
1039 4007 1337 4063 carnalium
1371 4009 1703 4081 voluptatum
1727 4032 1850 4073 esse
1876 4023 2243 4088 vernaculum,
2291 4042 2393 4080 nec

801 4093 988 4147 collutn
1027 4106 1176 4152 tuum
1203 4099 1438 4167 ingenuo
1484 4104 1685 4162 Christi
1712 4109 1843 4180 jugo
1883 4112 2231 4182 submissum,
2274 4117 2391 4170 vin-

799 4183 930 4238 culis
985 4188 1243 4254 subjicias
1281 4192 1656 4250 barbarorum.
1703 4199 1818 4254 Non
1877 4201 2044 4272 Eglon
2107 4222 2199 4260 rex
2234 4208 2388 4264 Moab

797 4273 893 4326 sub
920 4292 1014 4330 sua
1053 4289 1104 4333 te
1132 4280 1334 4338 ditioue
1382 4287 1656 4353 possideat
1685 4291 1886 4357 (Judic.
1923 4295 2028 4362 Ill),
2065 4298 2157 4350 sed
2207 4308 2385 4354 tecum

797 4368 947 4423 simul
972 4373 1114 4427 Aolh
1141 4375 1287 4430 illum
1316 4379 1592 4449 inopinato
1625 4388 1856 4455 pugione
1899 4391 2240 4446 transfodiat.
2275 4394 2385 4451 Nec

795 4455 934 4531 Agag
968 4480 1066 4517 rex
1097 4466 1377 4533 Amalech,
1416 4486 1536 4524 cum
1567 4483 1783 4530 terreno
1831 4480 1992 4532 Israel
2037 4483 2135 4534 sub
2180 4499 2278 4537 suo
2333 4496 2384 4539 te

796 4547 1015 4618 imperio
1044 4557 1473 4627 compritnat(Il
1527 4560 1649 4632 Reg.
1687 4570 1795 4635 xv),
1847 4569 1938 4622 sed
1989 4583 2109 4625 etim
2163 4576 2380 4628 Satnuel

2507 3368 2800 3425 esurienda
2823 3387 3072 3441 supernae
3103 3374 3415 3431 refectiouis
3441 3377 3698 3434 alimenta
3727 3384 4042 3440 succendat.

2753 3471 2757 3474 ’
3131 3464 3364 3523 CAPUT
3399 3467 3486 3523 III.

2579 3552 2735 3619 Quod
2754 3555 2813 3609 in
2843 3556 2956 3611 solo
2982 3557 3094 3612 Deo
3139 3570 3215 3613 est
3250 3571 3554 3615 sanctorum
3593 3580 3710 3633 spes
3733 3578 3780 3621 et
3816 3572 4040 3640 requies.

2577 3645 2849 3716 Repressa
2897 3649 3065 3720 igitur
3114 3651 3457 3708 diversorum
3509 3657 3770 3714 aviditate
3819 3663 4112 3731 ciborum,

2499 3753 2641 3793 unus
2686 3741 2951 3795 duntaxat
2976 3744 3273 3809 esuriatur,
3303 3761 3444 3801 unus
3468 3750 3613 3802 omni
3647 3750 3919 3809 desiderio
3959 3753 4118 3825 Ilagi-

2502 3838 2679 3884 tctur:
2713 3850 2731 3882 ι
2785 3833 2977 3900 Unam,
3008 3835 3200 3904 inquit,
3230 3836 3360 3905 petii
3407 3851 3438 3891 a
3471 3839 3721 3906 Domino,
3757 3845 3895 3900 hanc
3928 3849 4116 3916 requi-

2498 3937 2612 3975 ram
2665 3923 2838 3990 (Psal.
2887 3928 3060 3997 xxvi).
3101 3947 3117 3978 ι
3154 3929 3280 3984 Haec
3335 3940 3420 3986 est
3459 3935 3603 3988 enim
3657 3938 3834 3993 unitas
3869 3939 3953 3992 illa
3987 3923 4130 4011 qua:

2496 4017 2857 4088 quadraginta
2884 4034 3076 4073 novem
3107 4024 3380 4093 surgentis
3415 4023 3648 4083 ﬂamma:
3678 4031 3881 4086 cubitis
3911 4034 4103 4090 deerat

2495 4107 2654 4177 (Dan.
2687 4111 2784 4180 tt);
2816 4114 2940 4180 quia
2968 4115 3206 4168 carnalis
3228 4120 3520 4187 appetitus,
3550 4122 3675 4176 dum
3697 4140 3795 4194 per
3823 4126 3991 4181 multa
4016 4144 4108 4184 ra-

2493 4209 2674 4268 ptatus
2704 4204 2945 4268 oberrat,
2981 4221 3084 4257 non
3119 4207 3280 4261 habet
3319 4225 3484 4264 unum
3524 4213 3676 4279 illud,
3705 4230 3926 4272 causam
3957 4221 4107 4278 vide-

2491 4289 2618 4345 licet
2661 4294 2932 4363 linemqne
2975 4299 3273 4366 gaudendi,
3318 4302 3370 4354 iii
3417 4319 3522 4372 quo
3565 4303 3967 4364 delectabiliter
4017 4328 4106 4369 re-

2491 4383 2760 4448 quiescat.
2797 4383 3059 4439 Jubilmus
3093 4398 3271 4443 autem
3329 4392 3426 4446 hac
3467 4394 3676 4450 unitate
3731 4399 4096 4470 concluditur,

2489 4475 2614 4543 quia
2651 4476 2700 4527 in
2737 4477 2852 4530 solo
2877 4478 3154 4533 Creaton’s
3180 4497 3366 4535 amore
3407 4485 3585 4538 omnis
3633 4500 3946 4544 sanctoaum
3976 4509 4100 4562 spes

2488 4581 2539 4623 rt
2582 4574 2808 4628 intentio
2834 4579 3072 4645 ponitur,
3117 4581 3166 4631 iu
3197 4596 3260 4633 eo
3293 4592 3403 4635 tnta
3435 4599 3622 4638 eorum
3671 4591 3889 4644 reuuics
3933 4591 4100 4647 t-nllo-

795 4652 968 4694 coram
1002 4653 1053 4697 Ic
1076 4659 1170 4712 per
1197 4658 1346 4701 artus
1376 4649 1427 4703 in
1458 4651 1624 4705 frusta
1657 4659 1924 4712 concidat.
1954 4661 2064 4715 Non
2094 4673 2144 4718 te
2167 4668 2369 4720 (lusu-ii-
2412 4647 2459 4704 D
2486 4675 2662 4715 catur.
2687 4664 2791 4717 l’et'
2817 4682 2974 4720 omne
3003 4671 3146 4737 quod
3177 4683 3365 4742 agunt.
3400 4677 3466 4727 ad
3500 4677 3645 4730 illum
3680 4684 3929 4744 tendunt,
3963 4694 4013 4736 t-t
4039 4685 4095 4738 itt

793 4737 905 4784 Ctor
953 4735 1040 4788 ille
1092 4733 1426 4794 Hierusalem
1475 4743 1706 4800 delectet
1751 4749 1857 4819 (IV
1904 4751 2031 4822 Reg.
2086 4768 2236 4826 xxv),
2287 4762 2376 4828 qui

795 4823 1054 4887 profecto,
1099 4830 1356 4895 quoniam
1407 4832 1781 4891 illecebrarum
1844 4848 2080 4911 suggerit
2136 4850 2376 4903 oblecta-

795 4926 987 4979 menta,
1023 4921 1321 4974 carnalium
1355 4940 1516 4995 super
1545 4944 1747 4998 coquos
1774 4933 1972 4988 habete
2002 4937 2200 4991 dicitur
2227 4943 2378 5007 priu-

792 5005 1040 5073 cipatum.
1077 5008 1132 5062 Si
1169 5018 1217 5062 te
1248 5012 1399 5066 dulce
1441 5018 1568 5084 quid
1601 5023 1924 5078 manducare
1957 5028 2208 5092 delectat,
2243 5034 2376 5085 divi-

792 5109 910 5148 nttm
940 5098 1068 5151 illud
1097 5100 1165 5152 ad
1190 5107 1474 5172 mysticum
1524 5124 1718 5163 manna
1748 5114 1797 5165 in
1849 5119 2030 5170 cordis
2077 5121 2151 5172 ttti
2202 5122 2378 5188 palato

791 5189 975 5255 sapiat,
1008 5190 1078 5244 de
1105 5205 1210 5258 quo
1237 5195 1471 5251 dicitur:
1503 5217 1520 5249 t
1553 5200 1686 5266 Quia
1717 5217 1903 5273 gustus
1941 5210 2056 5277 ejus
2078 5222 2196 5264 erat
2221 5215 2376 5281 quasi

792 5280 973 5336 simila:
1003 5300 1128 5338 cunt
1165 5287 1321 5341 melle
1355 5289 1549 5359 (Exod.
1577 5295 1711 5364 xvi).
1752 5317 1769 5348 ι
1810 5299 1994 5355 Simila
2034 5280 2374 5361 scilicetiista

791 5367 851 5421 de
878 5387 1046 5439 grano
1085 5375 1344 5434 frumenti
1397 5382 1483 5443 lit,
1534 5389 1676 5454 quod
1719 5389 1770 5442 in
1823 5400 2020 5446 terram
2054 5398 2270 5462 cadens,
2310 5417 2373 5454 ac

793 5476 1054 5520 mortuum
1093 5509 1106 5532 ,
1141 5470 1361 5525 multum
1396 5476 1577 5532 attttlit
1632 5479 1861 5535 frui-tum
1897 5485 1983 5551 (J0
2007 5505 2073 5539 .u.
2111 5494 2230 5558 xit).
2264 5493 2370 5547 Sed

792 5551 896 5607 haec
926 5559 1101 5612 simila
1135 5561 1292 5616 melle
1322 5572 1713 5638 conspergitur,
1761 5575 1883 5640 quia
1918 5577 2224 5633 humanitus
2259 5582 2363 5635 lie—

792 5642 1072 5718 demptoris
1106 5651 1263 5720 plena
1310 5665 1393 5708 est
1420 5658 1700 5715 dulcedine
1747 5665 1986 5720 deitatis.
2036 5669 2175 5723 Deus
2220 5675 2363 5726 cuittt

791 5739 966 5791 eratin
989 5739 1232 5810 Christo,
1255 5747 1516 5803 mundum
1546 5754 1902 5811 reconcilians
1928 5758 2027 5813 sibi
2060 5759 2107 5831 (Ι
2140 5761 2260 5816 Cor.
2284 5765 2360 5834 γ).

792 5821 876 5884 Vel
903 5843 1051 5892 certe
1079 5833 1187 5891 mel
1235 5837 1285 5892 in
1321 5841 1517 5909 simila,
1570 5841 1795 5902 dulcedo
1841 5858 1924 5906 est
1957 5851 2255 5922 spiritualis
2308 5857 2361 5914 in

2481 4775 2566 4818 eo,
2602 4768 2856 4828 tanquam
2883 4762 2934 4814 iii
2963 4761 3210 4828 Jubilaro,
3241 4783 3270 4820 a
3301 4771 3518 4823 Cll..t3ll$
3542 4774 3722 4825 mundi
3757 4775 4092 4831 vanitatibus

2484 4852 2851 4918 rctptieseunt.
2888 4855 3178 4910 Enimvero
3210 4859 3350 4912 sicut
3383 4863 3646 4929 septimus
3681 4865 3822 4927 dies,
3870 4868 3958 4934 qui
3994 4885 4093 4936 per

2481 4956 2694 4994 OllltiClIl
2726 4943 3033 4998 celebratur
3067 4948 3478 5016 hebdomadam,
3519 4955 3598 5006 vel
3641 4966 3791 5010 certe
3826 4960 4090 5026 septimus

2482 5034 2680 5098 quietis
2708 5051 2904 5099 annus,
2931 5040 3018 5105 qui
3055 5054 3150 5106 per
3172 5056 3332 5092 omne
3357 5044 3709 5100 nihilominus
3736 5051 4081 5116 scpiennium

2486 5123 2810 5190 celebratur,
2861 5128 3021 5195 hujus
3054 5132 3311 5197 temporis
3343 5134 3650 5204 significant
3681 5140 3946 5208 requiem,
3981 5158 4084 5209 qua

2483 5219 2653 5269 sancti
2701 5219 2874 5272 solum
2926 5222 3088 5274 [lentu
3146 5224 3402 5294 diligunt,
3460 5239 3512 5281 et
3560 5230 3612 5282 itt
3665 5246 3729 5284 co
3783 5248 3811 5284 a
3870 5235 4082 5286 cunt-tis

2482 5309 2664 5360 mundi
2709 5313 3204 5377 perturbatiunihtts
3236 5319 3622 5385 requiescunt;
3674 5323 3745 5374 ita
3794 5339 3889 5391 per
3925 5322 4080 5378 Jubi-

2481 5402 2658 5466 ltuutll,
2693 5407 3196 5476 quinquagesimum
3237 5411 3483 5464 tidclicct
3509 5431 3734 5477 :IJIIIIIII,
3764 5416 3848 5466 illa
3890 5416 4081 5474 ultima

2482 5497 2691 5561 requies
2718 5497 3051 5566 designatur,
3085 5517 3184 5568 qua
3217 5502 3467 5556 \idclicet
3493 5505 3647 5558 elerti
3671 5523 3860 5563 omnes
3879 5526 4078 5564 secura

2477 5602 2692 5653 svntprr
2723 5599 2882 5656 atque
2934 5591 3314 5646 interminabili
3366 5598 3547 5664 requie
3598 5600 3969 5666 perfruuntur.
4020 5605 4076 5658 In

2477 5677 2576 5730 hac
2612 5681 2754 5732 enim
2796 5682 2903 5733 vita
2937 5684 3047 5735 sola
3082 5685 3367 5751 cujuslibet
3401 5695 3570 5743 sancti
3600 5693 3696 5744 viri
3730 5695 3910 5748 anima
3966 5695 4076 5750 Deo

2473 5789 2570 5842 per
2600 5774 2708 5827 vim
2758 5785 2919 5830 certa:
2969 5778 3084 5847 spei
3131 5796 3190 5832 ac
3229 5797 3377 5850 purae
3431 5784 3735 5843 dilectionis
3779 5790 4072 5847 innititur:

2474 5881 2597 5921 nam
2629 5883 2756 5922 carn
2789 5869 2970 5924 multis
3000 5871 3392 5931 adversitatum
3427 5877 3830 5939 calamitatibus
3857 5893 4073 5955 pertur-

5089 6229 5150 6366 ἲ
