  <div class='ocr_page' id='page_1' title='image "/cluster/home/n/w/nwhite01/storage/ocr_20150623/144-145/uc1.31175001639262/899.png"; bbox 0 0 5882 6640; ppageno 0'>
   <div class='ocr_carea' id='block_1_1' title="bbox 0 10 2347 294">
    <p class='ocr_par' dir='ltr' id='par_1_1' title="bbox 2 14 1191 121">
     <span class='ocr_line' id='line_1_1' title="bbox 2 14 1191 121; baseline -0.001 -59"><span class='ocrx_word' id='word_1_1' title='bbox 2 14 259 121; x_wconf 51' lang='grc' dir='ltr'><strong>,τε</strong></span> <span class='ocrx_word' id='word_1_2' title='bbox 474 18 1191 61; x_wconf 22' lang='lat' dir='ltr'><strong>es,</strong></span> 
     </span>
    </p>
   </div>
   <div class='ocr_carea' id='block_1_2' title="bbox 2608 602 2721 663">
    <p class='ocr_par' dir='ltr' id='par_1_2' title="bbox 2608 602 2721 663">
     <span class='ocr_line' id='line_1_2' title="bbox 2608 602 2721 663; baseline 0.018 -2"><span class='ocrx_word' id='word_1_3' title='bbox 2608 602 2721 663; x_wconf 77' lang='grc'><strong>719</strong></span> 
     </span>
    </p>
   </div>
   <div class='ocr_carea' id='block_1_3' title="bbox 3075 598 5431 661">
    <p class='ocr_par' dir='ltr' id='par_1_3' title="bbox 3075 598 5431 661">
     <span class='ocr_line' id='line_1_3' title="bbox 3075 598 5431 661; baseline -0.001 -1"><span class='ocrx_word' id='word_1_4' title='bbox 3075 605 3133 661; x_wconf 89' lang='lat' dir='ltr'><strong>S.</strong></span> <span class='ocrx_word' id='word_1_5' title='bbox 3166 604 3362 661; x_wconf 79' lang='lat' dir='ltr'><strong>PETRI</strong></span> <span class='ocrx_word' id='word_1_6' title='bbox 3401 601 3683 661; x_wconf 78' lang='lat' dir='ltr'><strong>DAMIANI</strong></span> <span class='ocrx_word' id='word_1_7' title='bbox 3730 603 3883 661; x_wconf 84' lang='lat' dir='ltr'><strong>OPP.</strong></span> <span class='ocrx_word' id='word_1_8' title='bbox 3924 603 4161 661; x_wconf 74' lang='lat' dir='ltr'><strong>TUMUS</strong></span> <span class='ocrx_word' id='word_1_9' title='bbox 4201 602 4333 658; x_wconf 77' lang='lat' dir='ltr'><strong>SEU</strong></span> <span class='ocrx_word' id='word_1_10' title='bbox 4374 600 4549 657; x_wconf 72' lang='lat' dir='ltr'><strong>PARS</strong></span> <span class='ocrx_word' id='word_1_11' title='bbox 4590 602 4673 657; x_wconf 91' lang='lat' dir='ltr'><strong>Ill.</strong></span> <span class='ocrx_word' id='word_1_12' title='bbox 4711 628 4774 641; x_wconf 88' lang='lat'><strong>-—</strong></span> <span class='ocrx_word' id='word_1_13' title='bbox 4800 598 5163 658; x_wconf 78' lang='lat' dir='ltr'><strong>OPUSCULA</strong></span> <span class='ocrx_word' id='word_1_14' title='bbox 5202 598 5431 657; x_wconf 77' lang='lat' dir='ltr'><strong>VARIA.</strong></span> 
     </span>
    </p>
   </div>
   <div class='ocr_carea' id='block_1_4' title="bbox 5714 600 5781 655">
    <p class='ocr_par' dir='ltr' id='par_1_4' title="bbox 5714 600 5781 655">
     <span class='ocr_line' id='line_1_4' title="bbox 5714 600 5781 655; baseline 0.015 -1"><span class='ocrx_word' id='word_1_15' title='bbox 5714 600 5781 655; x_wconf 65' lang='grc' dir='ltr'><strong>ΗΟ</strong></span> 
     </span>
    </p>
   </div>
   <div class='ocr_carea' id='block_1_5' title="bbox 2606 687 5781 787">
    <p class='ocr_par' dir='ltr' id='par_1_5' title="bbox 2606 687 5781 787">
     <span class='ocr_line' id='line_1_5' title="bbox 2606 687 5781 787; baseline -0.004 -12"><span class='ocrx_word' id='word_1_16' title='bbox 2606 714 2793 775; x_wconf 73' lang='lat' dir='ltr'><strong>batur.</strong></span> <span class='ocrx_word' id='word_1_17' title='bbox 2866 714 3026 786; x_wconf 80' lang='lat'><strong>752</strong></span> <span class='ocrx_word' id='word_1_18' title='bbox 3102 717 3444 787; x_wconf 72' lang='lat' dir='ltr'><strong>Unaquzeque</strong></span> <span class='ocrx_word' id='word_1_19' title='bbox 3512 718 3767 773; x_wconf 88' lang='lat' dir='ltr'><strong>nimirum</strong></span> <span class='ocrx_word' id='word_1_20' title='bbox 3846 717 4182 773; x_wconf 87' lang='lat' dir='ltr'><strong>hebdomada</strong></span> <span class='ocrx_word' id='word_1_21' title='bbox 4213 714 4260 775; x_wconf 79' lang='grc' dir='ltr'><strong>Α</strong></span> <span class='ocrx_word' id='word_1_22' title='bbox 4286 714 4484 767; x_wconf 83' lang='lat' dir='ltr'><strong>Annon</strong></span> <span class='ocrx_word' id='word_1_23' title='bbox 4505 727 4561 767; x_wconf 91' lang='lat' dir='ltr'><strong>se</strong></span> <span class='ocrx_word' id='word_1_24' title='bbox 4578 712 4835 767; x_wconf 89' lang='lat' dir='ltr'><strong>Dominus</strong></span> <span class='ocrx_word' id='word_1_25' title='bbox 4859 712 4995 781; x_wconf 89' lang='lat' dir='ltr'><strong>apud</strong></span> <span class='ocrx_word' id='word_1_26' title='bbox 5013 726 5113 767; x_wconf 90' lang='lat' dir='ltr'><strong>nos</strong></span> <span class='ocrx_word' id='word_1_27' title='bbox 5135 711 5374 783; x_wconf 83' lang='lat' dir='ltr'><strong>requiem</strong></span> <span class='ocrx_word' id='word_1_28' title='bbox 5396 687 5653 782; x_wconf 80' lang='lat' dir='ltr'><strong>pollicetur</strong></span> <span class='ocrx_word' id='word_1_29' title='bbox 5666 710 5781 764; x_wconf 80' lang='lat' dir='ltr'><strong>liabe-</strong></span> 
     </span>
    </p>
   </div>
   <div class='ocr_carea' id='block_1_6' title="bbox 2604 804 4189 877">
    <p class='ocr_par' dir='ltr' id='par_1_6' title="bbox 2604 804 4189 877">
     <span class='ocr_line' id='line_1_6' title="bbox 2604 804 4189 877; baseline -0.003 -12"><span class='ocrx_word' id='word_1_30' title='bbox 2604 804 2908 865; x_wconf 81' lang='lat' dir='ltr'><strong>Sabbatum</strong></span> <span class='ocrx_word' id='word_1_31' title='bbox 2939 808 3168 871; x_wconf 90' lang='lat' dir='ltr'><strong>dierum,</strong></span> <span class='ocrx_word' id='word_1_32' title='bbox 3206 809 3541 877; x_wconf 87' lang='lat' dir='ltr'><strong>septennium</strong></span> <span class='ocrx_word' id='word_1_33' title='bbox 3585 824 3717 864; x_wconf 86' lang='lat' dir='ltr'><strong>vero</strong></span> <span class='ocrx_word' id='word_1_34' title='bbox 3750 808 4045 864; x_wconf 81' lang='lat' dir='ltr'><strong>Sabbatnm</strong></span> <span class='ocrx_word' id='word_1_35' title='bbox 4093 807 4189 861; x_wconf 77' lang='lat' dir='ltr'><strong>lia-</strong></span> 
     </span>
    </p>
   </div>
   <div class='ocr_carea' id='block_1_7' title="bbox 2604 897 4187 964">
    <p class='ocr_par' dir='ltr' id='par_1_7' title="bbox 2604 897 4187 964">
     <span class='ocr_line' id='line_1_7' title="bbox 2604 897 4187 964; baseline -0.001 -10"><span class='ocrx_word' id='word_1_36' title='bbox 2604 897 2773 955; x_wconf 82' lang='lat' dir='ltr'><strong>bebat</strong></span> <span class='ocrx_word' id='word_1_37' title='bbox 2819 914 3075 954; x_wconf 86' lang='lat' dir='ltr'><strong>annorum</strong></span> <span class='ocrx_word' id='word_1_38' title='bbox 3123 916 3136 964; x_wconf 91' lang='lat'><strong>;</strong></span> <span class='ocrx_word' id='word_1_39' title='bbox 3184 898 3437 955; x_wconf 72' lang='lat' dir='ltr'><strong>anilaeus</strong></span> <span class='ocrx_word' id='word_1_40' title='bbox 3492 910 3669 956; x_wconf 88' lang='lat' dir='ltr'><strong>autem</strong></span> <span class='ocrx_word' id='word_1_41' title='bbox 3720 910 3838 955; x_wconf 90' lang='lat' dir='ltr'><strong>erat</strong></span> <span class='ocrx_word' id='word_1_42' title='bbox 3894 899 4187 954; x_wconf 82' lang='lat' dir='ltr'><strong>Sabbatnm</strong></span> 
     </span>
    </p>
   </div>
   <div class='ocr_carea' id='block_1_8' title="bbox 2602 990 4185 1062">
    <p class='ocr_par' dir='ltr' id='par_1_8' title="bbox 2602 990 4185 1062">
     <span class='ocr_line' id='line_1_8' title="bbox 2602 990 4185 1062; baseline -0.001 -15"><span class='ocrx_word' id='word_1_43' title='bbox 2602 990 2987 1047; x_wconf 86' lang='lat' dir='ltr'><strong>Sabhatorum.</strong></span> <span class='ocrx_word' id='word_1_44' title='bbox 3038 992 3115 1045; x_wconf 84' lang='lat' dir='ltr'><strong>Ex</strong></span> <span class='ocrx_word' id='word_1_45' title='bbox 3160 993 3359 1061; x_wconf 89' lang='lat' dir='ltr'><strong>septies</strong></span> <span class='ocrx_word' id='word_1_46' title='bbox 3393 993 3538 1047; x_wconf 90' lang='lat' dir='ltr'><strong>enim</strong></span> <span class='ocrx_word' id='word_1_47' title='bbox 3579 1005 3780 1062; x_wconf 88' lang='lat' dir='ltr'><strong>septem</strong></span> <span class='ocrx_word' id='word_1_48' title='bbox 3826 991 4185 1062; x_wconf 77' lang='lat' dir='ltr'><strong>quadraginta</strong></span> 
     </span>
    </p>
   </div>
   <div class='ocr_carea' id='block_1_9' title="bbox 2597 1081 4180 1153">
    <p class='ocr_par' dir='ltr' id='par_1_9' title="bbox 2597 1081 4180 1153">
     <span class='ocr_line' id='line_1_9' title="bbox 2597 1081 4180 1153; baseline -0.002 -16"><span class='ocrx_word' id='word_1_49' title='bbox 2597 1096 2795 1137; x_wconf 87' lang='lat' dir='ltr'><strong>novem</strong></span> <span class='ocrx_word' id='word_1_50' title='bbox 2821 1097 3027 1137; x_wconf 89' lang='lat' dir='ltr'><strong>summa</strong></span> <span class='ocrx_word' id='word_1_51' title='bbox 3068 1082 3365 1150; x_wconf 82' lang='lat' dir='ltr'><strong>perﬁcitur,</strong></span> <span class='ocrx_word' id='word_1_52' title='bbox 3413 1084 3499 1137; x_wconf 93' lang='lat' dir='ltr'><strong>cui</strong></span> <span class='ocrx_word' id='word_1_53' title='bbox 3544 1083 3884 1153; x_wconf 69' lang='lat' dir='ltr'><strong>superaddita</strong></span> <span class='ocrx_word' id='word_1_54' title='bbox 3935 1081 4180 1145; x_wconf 85' lang='lat' dir='ltr'><strong>monade,</strong></span> 
     </span>
    </p>
   </div>
   <div class='ocr_carea' id='block_1_10' title="bbox 2595 1172 4183 1243">
    <p class='ocr_par' dir='ltr' id='par_1_10' title="bbox 2595 1172 4183 1243">
     <span class='ocr_line' id='line_1_10' title="bbox 2595 1172 4183 1243; baseline 0 -20"><span class='ocrx_word' id='word_1_55' title='bbox 2595 1173 3095 1242; x_wconf 84' lang='lat' dir='ltr'><strong>quinquagenarius</strong></span> <span class='ocrx_word' id='word_1_56' title='bbox 3121 1189 3395 1235; x_wconf 89' lang='lat' dir='ltr'><strong>numerus,</strong></span> <span class='ocrx_word' id='word_1_57' title='bbox 3440 1174 3528 1243; x_wconf 85' lang='lat' dir='ltr'><strong>qui</strong></span> <span class='ocrx_word' id='word_1_58' title='bbox 3560 1182 3643 1227; x_wconf 91' lang='lat' dir='ltr'><strong>est</strong></span> <span class='ocrx_word' id='word_1_59' title='bbox 3669 1172 3945 1236; x_wconf 82' lang='lat' dir='ltr'><strong>Jubihcus,</strong></span> <span class='ocrx_word' id='word_1_60' title='bbox 3996 1173 4183 1241; x_wconf 87' lang='lat' dir='ltr'><strong>imple-</strong></span> 
     </span>
    </p>
   </div>
   <div class='ocr_carea' id='block_1_11' title="bbox 2593 1258 4177 1329">
    <p class='ocr_par' dir='ltr' id='par_1_11' title="bbox 2593 1258 4177 1329">
     <span class='ocr_line' id='line_1_11' title="bbox 2593 1258 4177 1329; baseline -0.002 -14"><span class='ocrx_word' id='word_1_61' title='bbox 2593 1258 2787 1315; x_wconf 67' lang='grc' dir='ltr'><strong>ειη-,1η</strong></span> <span class='ocrx_word' id='word_1_62' title='bbox 2818 1276 2924 1329; x_wconf 89' lang='lat' dir='ltr'><strong>quo</strong></span> <span class='ocrx_word' id='word_1_63' title='bbox 2964 1260 3217 1315; x_wconf 84' lang='lat' dir='ltr'><strong>nimirum</strong></span> <span class='ocrx_word' id='word_1_64' title='bbox 3266 1276 3487 1315; x_wconf 89' lang='lat' dir='ltr'><strong>numero</strong></span> <span class='ocrx_word' id='word_1_65' title='bbox 3533 1260 3670 1315; x_wconf 91' lang='lat' dir='ltr'><strong>sicut</strong></span> <span class='ocrx_word' id='word_1_66' title='bbox 3720 1261 3920 1328; x_wconf 82' lang='lat' dir='ltr'><strong>septies</strong></span> <span class='ocrx_word' id='word_1_67' title='bbox 3976 1271 4177 1328; x_wconf 80' lang='lat' dir='ltr'><strong>septem</strong></span> 
     </span>
    </p>
   </div>
   <div class='ocr_carea' id='block_1_12' title="bbox 2591 1347 4174 1419">
    <p class='ocr_par' dir='ltr' id='par_1_12' title="bbox 2591 1347 4174 1419">
     <span class='ocr_line' id='line_1_12' title="bbox 2591 1347 4174 1419; baseline -0.003 -15"><span class='ocrx_word' id='word_1_68' title='bbox 2591 1347 2845 1414; x_wconf 83' lang='lat' dir='ltr'><strong>dicimus,</strong></span> <span class='ocrx_word' id='word_1_69' title='bbox 2876 1351 2954 1405; x_wconf 88' lang='lat' dir='ltr'><strong>sic</strong></span> <span class='ocrx_word' id='word_1_70' title='bbox 2984 1350 3037 1404; x_wconf 92' lang='lat' dir='ltr'><strong>in</strong></span> <span class='ocrx_word' id='word_1_71' title='bbox 3068 1350 3335 1405; x_wconf 91' lang='lat' dir='ltr'><strong>intellectu</strong></span> <span class='ocrx_word' id='word_1_72' title='bbox 3364 1359 3546 1404; x_wconf 81' lang='lat' dir='ltr'><strong>nostro</strong></span> <span class='ocrx_word' id='word_1_73' title='bbox 3594 1350 3832 1419; x_wconf 80' lang='lat' dir='ltr'><strong>requiem</strong></span> <span class='ocrx_word' id='word_1_74' title='bbox 3877 1349 4174 1402; x_wconf 86' lang='lat' dir='ltr'><strong>animarum</strong></span> 
     </span>
    </p>
   </div>
   <div class='ocr_carea' id='block_1_13' title="bbox 2586 1436 4174 1509">
    <p class='ocr_par' dir='ltr' id='par_1_13' title="bbox 2586 1436 4174 1509">
     <span class='ocr_line' id='line_1_13' title="bbox 2586 1436 4174 1509; baseline -0.001 -16"><span class='ocrx_word' id='word_1_75' title='bbox 2586 1440 2843 1495; x_wconf 77' lang='lat' dir='ltr'><strong>videlicet</strong></span> <span class='ocrx_word' id='word_1_76' title='bbox 2867 1448 2915 1493; x_wconf 87' lang='lat' dir='ltr'><strong>et</strong></span> <span class='ocrx_word' id='word_1_77' title='bbox 2939 1454 3222 1509; x_wconf 85' lang='lat' dir='ltr'><strong>corporum</strong></span> <span class='ocrx_word' id='word_1_78' title='bbox 3249 1441 3604 1507; x_wconf 81' lang='lat' dir='ltr'><strong>geminamus.</strong></span> <span class='ocrx_word' id='word_1_79' title='bbox 3631 1438 3688 1492; x_wconf 90' lang='lat' dir='ltr'><strong>lu</strong></span> <span class='ocrx_word' id='word_1_80' title='bbox 3718 1436 3944 1492; x_wconf 68' lang='lat' dir='ltr'><strong>Juhilmo</strong></span> <span class='ocrx_word' id='word_1_81' title='bbox 3978 1438 4174 1507; x_wconf 90' lang='lat' dir='ltr'><strong>quippe</strong></span> 
     </span>
    </p>
   </div>
   <div class='ocr_carea' id='block_1_14' title="bbox 2589 1528 4170 1597">
    <p class='ocr_par' dir='ltr' id='par_1_14' title="bbox 2589 1528 4170 1597">
     <span class='ocr_line' id='line_1_14' title="bbox 2589 1528 4170 1597; baseline -0.001 -16"><span class='ocrx_word' id='word_1_82' title='bbox 2589 1537 2788 1581; x_wconf 78' lang='lat' dir='ltr'><strong>nostra:</strong></span> <span class='ocrx_word' id='word_1_83' title='bbox 2813 1528 3033 1597; x_wconf 80' lang='lat' dir='ltr'><strong>quietis,</strong></span> <span class='ocrx_word' id='word_1_84' title='bbox 3064 1528 3165 1583; x_wconf 87' lang='lat' dir='ltr'><strong>hoc</strong></span> <span class='ocrx_word' id='word_1_85' title='bbox 3194 1539 3276 1583; x_wconf 90' lang='lat' dir='ltr'><strong>est</strong></span> <span class='ocrx_word' id='word_1_86' title='bbox 3309 1528 3361 1583; x_wconf 91' lang='lat' dir='ltr'><strong>in</strong></span> <span class='ocrx_word' id='word_1_87' title='bbox 3392 1529 3478 1583; x_wconf 89' lang='lat' dir='ltr'><strong>illa</strong></span> <span class='ocrx_word' id='word_1_88' title='bbox 3507 1530 3615 1583; x_wconf 83' lang='lat' dir='ltr'><strong>vita</strong></span> <span class='ocrx_word' id='word_1_89' title='bbox 3639 1528 3909 1584; x_wconf 89' lang='lat' dir='ltr'><strong>felicitatis</strong></span> <span class='ocrx_word' id='word_1_90' title='bbox 3936 1538 4170 1593; x_wconf 66' lang='lat' dir='ltr'><strong>aeternae,</strong></span> 
     </span>
    </p>
   </div>
   <div class='ocr_carea' id='block_1_15' title="bbox 2588 1616 4169 1687">
    <p class='ocr_par' dir='ltr' id='par_1_15' title="bbox 2588 1616 4169 1687">
     <span class='ocr_line' id='line_1_15' title="bbox 2588 1616 4169 1687; baseline 0 -16"><span class='ocrx_word' id='word_1_91' title='bbox 2588 1616 2669 1671; x_wconf 87' lang='lat' dir='ltr'><strong>sic</strong></span> <span class='ocrx_word' id='word_1_92' title='bbox 2699 1616 2900 1671; x_wconf 88' lang='lat' dir='ltr'><strong>electus</strong></span> <span class='ocrx_word' id='word_1_93' title='bbox 2928 1618 3154 1687; x_wconf 89' lang='lat' dir='ltr'><strong>quisque</strong></span> <span class='ocrx_word' id='word_1_94' title='bbox 3206 1633 3309 1673; x_wconf 92' lang='lat' dir='ltr'><strong>non</strong></span> <span class='ocrx_word' id='word_1_95' title='bbox 3348 1618 3521 1672; x_wconf 91' lang='lat' dir='ltr'><strong>solum</strong></span> <span class='ocrx_word' id='word_1_96' title='bbox 3562 1619 3773 1683; x_wconf 68' lang='lat' dir='ltr'><strong>animm,</strong></span> <span class='ocrx_word' id='word_1_97' title='bbox 3823 1618 3915 1671; x_wconf 90' lang='lat' dir='ltr'><strong>sed</strong></span> <span class='ocrx_word' id='word_1_98' title='bbox 3945 1626 3996 1671; x_wconf 91' lang='lat' dir='ltr'><strong>et</strong></span> <span class='ocrx_word' id='word_1_99' title='bbox 4048 1632 4169 1671; x_wconf 83' lang='lat' dir='ltr'><strong>cor-</strong></span> 
     </span>
    </p>
   </div>
   <div class='ocr_carea' id='block_1_16' title="bbox 2582 1707 4168 1777">
    <p class='ocr_par' dir='ltr' id='par_1_16' title="bbox 2582 1707 4168 1777">
     <span class='ocr_line' id='line_1_16' title="bbox 2582 1707 4168 1777; baseline 0.003 -19"><span class='ocrx_word' id='word_1_100' title='bbox 2582 1708 2736 1775; x_wconf 85' lang='lat' dir='ltr'><strong>poris</strong></span> <span class='ocrx_word' id='word_1_101' title='bbox 2782 1707 3099 1761; x_wconf 88' lang='lat' dir='ltr'><strong>immutabili</strong></span> <span class='ocrx_word' id='word_1_102' title='bbox 3133 1708 3312 1777; x_wconf 88' lang='lat' dir='ltr'><strong>quiete</strong></span> <span class='ocrx_word' id='word_1_103' title='bbox 3347 1708 3660 1777; x_wconf 86' lang='lat' dir='ltr'><strong>perfrnitur,</strong></span> <span class='ocrx_word' id='word_1_104' title='bbox 3709 1718 3767 1762; x_wconf 92' lang='lat' dir='ltr'><strong>nt</strong></span> <span class='ocrx_word' id='word_1_105' title='bbox 3798 1709 3941 1762; x_wconf 78' lang='lat' dir='ltr'><strong>nulla</strong></span> <span class='ocrx_word' id='word_1_106' title='bbox 3972 1707 4083 1777; x_wconf 90' lang='lat' dir='ltr'><strong>jam</strong></span> <span class='ocrx_word' id='word_1_107' title='bbox 4115 1712 4168 1763; x_wconf 91' lang='lat' dir='ltr'><strong>in</strong></span> 
     </span>
    </p>
   </div>
   <div class='ocr_carea' id='block_1_17' title="bbox 2582 1796 4167 1867">
    <p class='ocr_par' dir='ltr' id='par_1_17' title="bbox 2582 1796 4167 1867">
     <span class='ocr_line' id='line_1_17' title="bbox 2582 1796 4167 1867; baseline 0.002 -18"><span class='ocrx_word' id='word_1_108' title='bbox 2582 1796 2842 1850; x_wconf 88' lang='lat' dir='ltr'><strong>utralibet</strong></span> <span class='ocrx_word' id='word_1_109' title='bbox 2889 1798 3189 1852; x_wconf 87' lang='lat' dir='ltr'><strong>substantia</strong></span> <span class='ocrx_word' id='word_1_110' title='bbox 3226 1797 3510 1867; x_wconf 89' lang='lat' dir='ltr'><strong>cujuslibet</strong></span> <span class='ocrx_word' id='word_1_111' title='bbox 3556 1800 3782 1853; x_wconf 85' lang='lat' dir='ltr'><strong>turbinis</strong></span> <span class='ocrx_word' id='word_1_112' title='bbox 3813 1800 4167 1854; x_wconf 87' lang='lat' dir='ltr'><strong>incommodi-</strong></span> 
     </span>
    </p>
   </div>
   <div class='ocr_carea' id='block_1_18' title="bbox 4291 802 5779 875">
    <p class='ocr_par' dir='ltr' id='par_1_18' title="bbox 4291 802 5779 875">
     <span class='ocr_line' id='line_1_18' title="bbox 4291 802 5779 875; baseline -0.006 -14"><span class='ocrx_word' id='word_1_113' title='bbox 4291 822 4371 870; x_wconf 91' lang='lat' dir='ltr'><strong>re,</strong></span> <span class='ocrx_word' id='word_1_114' title='bbox 4397 805 4555 875; x_wconf 77' lang='lat'><strong>753</strong></span> <span class='ocrx_word' id='word_1_115' title='bbox 4584 820 4704 859; x_wconf 91' lang='lat' dir='ltr'><strong>cum</strong></span> <span class='ocrx_word' id='word_1_116' title='bbox 4731 805 4894 859; x_wconf 80' lang='lat' dir='ltr'><strong>dicit:</strong></span> <span class='ocrx_word' id='word_1_117' title='bbox 4924 821 4942 854; x_wconf 74' lang='grc' dir='ltr'>ι</span> <span class='ocrx_word' id='word_1_118' title='bbox 4980 802 5035 857; x_wconf 91' lang='lat' dir='ltr'><strong>Si</strong></span> <span class='ocrx_word' id='word_1_119' title='bbox 5066 804 5187 874; x_wconf 87' lang='lat' dir='ltr'><strong>quis</strong></span> <span class='ocrx_word' id='word_1_120' title='bbox 5216 802 5389 873; x_wconf 77' lang='lat' dir='ltr'><strong>diligit</strong></span> <span class='ocrx_word' id='word_1_121' title='bbox 5413 818 5523 867; x_wconf 93' lang='lat' dir='ltr'><strong>me,</strong></span> <span class='ocrx_word' id='word_1_122' title='bbox 5549 814 5779 857; x_wconf 84' lang='lat' dir='ltr'><strong>sermonem</strong></span> 
     </span>
    </p>
   </div>
   <div class='ocr_carea' id='block_1_19' title="bbox 4286 890 5780 961">
    <p class='ocr_par' dir='ltr' id='par_1_19' title="bbox 4286 890 5780 961">
     <span class='ocr_line' id='line_1_19' title="bbox 4286 890 5780 961; baseline -0.007 -9"><span class='ocrx_word' id='word_1_123' title='bbox 4286 912 4464 952; x_wconf 87' lang='lat' dir='ltr'><strong>meum</strong></span> <span class='ocrx_word' id='word_1_124' title='bbox 4513 896 4771 961; x_wconf 84' lang='lat' dir='ltr'><strong>servabit,</strong></span> <span class='ocrx_word' id='word_1_125' title='bbox 4818 905 4870 951; x_wconf 90' lang='lat' dir='ltr'><strong>et</strong></span> <span class='ocrx_word' id='word_1_126' title='bbox 4896 895 5055 949; x_wconf 86' lang='lat' dir='ltr'><strong>Pater</strong></span> <span class='ocrx_word' id='word_1_127' title='bbox 5101 910 5253 950; x_wconf 90' lang='lat' dir='ltr'><strong>meus</strong></span> <span class='ocrx_word' id='word_1_128' title='bbox 5305 894 5476 961; x_wconf 75' lang='lat' dir='ltr'><strong>diligit</strong></span> <span class='ocrx_word' id='word_1_129' title='bbox 5521 910 5647 955; x_wconf 87' lang='lat' dir='ltr'><strong>eum.</strong></span> <span class='ocrx_word' id='word_1_130' title='bbox 5678 900 5717 946; x_wconf 87' lang='lat' dir='ltr'><strong>et</strong></span> <span class='ocrx_word' id='word_1_131' title='bbox 5738 890 5780 943; x_wconf 86' lang='lat' dir='ltr'><strong>ad</strong></span> 
     </span>
    </p>
   </div>
   <div class='ocr_carea' id='block_1_20' title="bbox 4285 980 5775 1055">
    <p class='ocr_par' dir='ltr' id='par_1_20' title="bbox 4285 980 5775 1055">
     <span class='ocr_line' id='line_1_20' title="bbox 4285 980 5775 1055; baseline -0.009 -12"><span class='ocrx_word' id='word_1_132' title='bbox 4285 1004 4408 1043; x_wconf 89' lang='lat' dir='ltr'><strong>cum</strong></span> <span class='ocrx_word' id='word_1_133' title='bbox 4438 989 4737 1051; x_wconf 88' lang='lat' dir='ltr'><strong>veniemus,</strong></span> <span class='ocrx_word' id='word_1_134' title='bbox 4767 996 4821 1042; x_wconf 89' lang='lat' dir='ltr'><strong>et</strong></span> <span class='ocrx_word' id='word_1_135' title='bbox 4850 986 5183 1041; x_wconf 87' lang='lat' dir='ltr'><strong>mansionem</strong></span> <span class='ocrx_word' id='word_1_136' title='bbox 5208 986 5346 1055; x_wconf 89' lang='lat' dir='ltr'><strong>apud</strong></span> <span class='ocrx_word' id='word_1_137' title='bbox 5374 1000 5495 1040; x_wconf 91' lang='lat' dir='ltr'><strong>eum</strong></span> <span class='ocrx_word' id='word_1_138' title='bbox 5521 980 5775 1039; x_wconf 78' lang='lat' dir='ltr'><strong>faciemus‘h</strong></span> 
     </span>
    </p>
   </div>
   <div class='ocr_carea' id='block_1_21' title="bbox 4284 1078 5781 1149">
    <p class='ocr_par' dir='ltr' id='par_1_21' title="bbox 4284 1078 5781 1149">
     <span class='ocr_line' id='line_1_21' title="bbox 4284 1078 5781 1149; baseline -0.004 -17"><span class='ocrx_word' id='word_1_139' title='bbox 4284 1078 4469 1149; x_wconf 84' lang='lat' dir='ltr'><strong>(Joan.</strong></span> <span class='ocrx_word' id='word_1_140' title='bbox 4522 1079 4658 1149; x_wconf 74' lang='lat' dir='ltr'><strong>xiv.)</strong></span> <span class='ocrx_word' id='word_1_141' title='bbox 4713 1078 4861 1133; x_wconf 87' lang='lat' dir='ltr'><strong>llanc</strong></span> <span class='ocrx_word' id='word_1_142' title='bbox 4903 1078 5039 1147; x_wconf 89' lang='lat' dir='ltr'><strong>apud</strong></span> <span class='ocrx_word' id='word_1_143' title='bbox 5083 1092 5407 1146; x_wconf 89' lang='lat' dir='ltr'><strong>quemquam</strong></span> <span class='ocrx_word' id='word_1_144' title='bbox 5453 1092 5557 1131; x_wconf 89' lang='lat' dir='ltr'><strong>non</strong></span> <span class='ocrx_word' id='word_1_145' title='bbox 5592 1088 5641 1129; x_wconf 85' lang='lat' dir='ltr'><strong>se</strong></span> <span class='ocrx_word' id='word_1_146' title='bbox 5678 1086 5781 1140; x_wconf 79' lang='lat' dir='ltr'><strong>mpe-</strong></span> 
     </span>
    </p>
   </div>
   <div class='ocr_carea' id='block_1_22' title="bbox 4280 1163 5780 1239">
    <p class='ocr_par' dir='ltr' id='par_1_22' title="bbox 4280 1163 5780 1239">
     <span class='ocr_line' id='line_1_22' title="bbox 4280 1163 5780 1239; baseline -0.006 -16"><span class='ocrx_word' id='word_1_147' title='bbox 4280 1170 4418 1225; x_wconf 87' lang='lat' dir='ltr'><strong>risse</strong></span> <span class='ocrx_word' id='word_1_148' title='bbox 4452 1171 4693 1239; x_wconf 87' lang='lat' dir='ltr'><strong>requiem</strong></span> <span class='ocrx_word' id='word_1_149' title='bbox 4740 1168 5107 1237; x_wconf 80' lang='lat' dir='ltr'><strong>conqueritur,</strong></span> <span class='ocrx_word' id='word_1_150' title='bbox 5142 1166 5361 1222; x_wconf 88' lang='lat' dir='ltr'><strong>dicens:</strong></span> <span class='ocrx_word' id='word_1_151' title='bbox 5391 1184 5409 1217; x_wconf 83' lang='grc'><em>‹</em></span> <span class='ocrx_word' id='word_1_152' title='bbox 5442 1166 5628 1235; x_wconf 84' lang='lat' dir='ltr'><strong>Vulpes</strong></span> <span class='ocrx_word' id='word_1_153' title='bbox 5651 1163 5780 1218; x_wconf 79' lang='lat' dir='ltr'><strong>foveas</strong></span> 
     </span>
    </p>
   </div>
   <div class='ocr_carea' id='block_1_23' title="bbox 4282 1258 5781 1327">
    <p class='ocr_par' dir='ltr' id='par_1_23' title="bbox 4282 1258 5781 1327">
     <span class='ocr_line' id='line_1_23' title="bbox 4282 1258 5781 1327; baseline -0.007 -11"><span class='ocrx_word' id='word_1_154' title='bbox 4282 1263 4501 1325; x_wconf 82' lang='lat' dir='ltr'><strong>habent,</strong></span> <span class='ocrx_word' id='word_1_155' title='bbox 4536 1274 4588 1316; x_wconf 91' lang='lat' dir='ltr'><strong>et</strong></span> <span class='ocrx_word' id='word_1_156' title='bbox 4612 1262 4861 1316; x_wconf 80' lang='lat' dir='ltr'><strong>volucres</strong></span> <span class='ocrx_word' id='word_1_157' title='bbox 4891 1260 5010 1315; x_wconf 69' lang='lat' dir='ltr'><strong>cadi</strong></span> <span class='ocrx_word' id='word_1_158' title='bbox 5040 1260 5224 1327; x_wconf 87' lang='lat' dir='ltr'><strong>nidos;</strong></span> <span class='ocrx_word' id='word_1_159' title='bbox 5257 1259 5423 1314; x_wconf 90' lang='lat' dir='ltr'><strong>Filius</strong></span> <span class='ocrx_word' id='word_1_160' title='bbox 5468 1258 5679 1314; x_wconf 81' lang='lat' dir='ltr'><strong>hominis</strong></span> <span class='ocrx_word' id='word_1_161' title='bbox 5707 1268 5781 1307; x_wconf 81' lang='lat' dir='ltr'><strong>non</strong></span> 
     </span>
    </p>
   </div>
   <div class='ocr_carea' id='block_1_24' title="bbox 4279 1345 5779 1419">
    <p class='ocr_par' dir='ltr' id='par_1_24' title="bbox 4279 1345 5779 1419">
     <span class='ocr_line' id='line_1_24' title="bbox 4279 1345 5779 1419; baseline -0.005 -15"><span class='ocrx_word' id='word_1_162' title='bbox 4279 1350 4442 1405; x_wconf 81' lang='lat' dir='ltr'><strong>habet</strong></span> <span class='ocrx_word' id='word_1_163' title='bbox 4468 1351 4554 1404; x_wconf 83' lang='lat' dir='ltr'><strong>tibi</strong></span> <span class='ocrx_word' id='word_1_164' title='bbox 4585 1360 4742 1417; x_wconf 89' lang='lat' dir='ltr'><strong>caput</strong></span> <span class='ocrx_word' id='word_1_165' title='bbox 4770 1365 4923 1404; x_wconf 90' lang='lat' dir='ltr'><strong>suum</strong></span> <span class='ocrx_word' id='word_1_166' title='bbox 4954 1349 5179 1405; x_wconf 85' lang='lat' dir='ltr'><strong>reclinet</strong></span> <span class='ocrx_word' id='word_1_167' title='bbox 5221 1349 5369 1419; x_wconf 84' lang='lat' dir='ltr'><strong>(Luc.</strong></span> <span class='ocrx_word' id='word_1_168' title='bbox 5400 1348 5499 1419; x_wconf 78' lang='grc' dir='ltr'><strong>ιι).</strong></span> <span class='ocrx_word' id='word_1_169' title='bbox 5532 1368 5549 1401; x_wconf 74' lang='grc' dir='ltr'><strong><em>ι</em></strong></span> <span class='ocrx_word' id='word_1_170' title='bbox 5590 1345 5779 1414; x_wconf 80' lang='lat' dir='ltr'><strong>Quisquis</strong></span> 
     </span>
    </p>
   </div>
   <div class='ocr_carea' id='block_1_25' title="bbox 4277 1439 5779 1509">
    <p class='ocr_par' dir='ltr' id='par_1_25' title="bbox 4277 1439 5779 1509">
     <span class='ocr_line' id='line_1_25' title="bbox 4277 1439 5779 1509; baseline -0.005 -14"><span class='ocrx_word' id='word_1_171' title='bbox 4277 1456 4405 1509; x_wconf 89' lang='lat' dir='ltr'><strong>ergo</strong></span> <span class='ocrx_word' id='word_1_172' title='bbox 4439 1440 4491 1493; x_wconf 90' lang='lat' dir='ltr'><strong>in</strong></span> <span class='ocrx_word' id='word_1_173' title='bbox 4522 1444 4684 1493; x_wconf 87' lang='lat' dir='ltr'><strong>corde</strong></span> <span class='ocrx_word' id='word_1_174' title='bbox 4714 1455 4812 1493; x_wconf 91' lang='lat' dir='ltr'><strong>suo</strong></span> <span class='ocrx_word' id='word_1_175' title='bbox 4848 1439 5135 1508; x_wconf 88' lang='lat' dir='ltr'><strong>cujuslibet</strong></span> <span class='ocrx_word' id='word_1_176' title='bbox 5169 1440 5385 1494; x_wconf 72' lang='lat' dir='ltr'><strong>malitia:</strong></span> <span class='ocrx_word' id='word_1_177' title='bbox 5410 1454 5606 1495; x_wconf 89' lang='lat' dir='ltr'><strong>venena</strong></span> <span class='ocrx_word' id='word_1_178' title='bbox 5636 1448 5779 1491; x_wconf 81' lang='lat' dir='ltr'><strong>conce-</strong></span> 
     </span>
    </p>
   </div>
   <div class='ocr_carea' id='block_1_26' title="bbox 4275 1528 5777 1600">
    <p class='ocr_par' dir='ltr' id='par_1_26' title="bbox 4275 1528 5777 1600">
     <span class='ocr_line' id='line_1_26' title="bbox 4275 1528 5777 1600; baseline -0.003 -17"><span class='ocrx_word' id='word_1_179' title='bbox 4275 1532 4385 1600; x_wconf 90' lang='lat' dir='ltr'><strong>pit,</strong></span> <span class='ocrx_word' id='word_1_180' title='bbox 4437 1529 4654 1583; x_wconf 86' lang='lat' dir='ltr'><strong>festinet</strong></span> <span class='ocrx_word' id='word_1_181' title='bbox 4684 1529 4749 1582; x_wconf 91' lang='lat' dir='ltr'><strong>de</strong></span> <span class='ocrx_word' id='word_1_182' title='bbox 4780 1529 5015 1598; x_wconf 88' lang='lat' dir='ltr'><strong>pectoris</strong></span> <span class='ocrx_word' id='word_1_183' title='bbox 5049 1530 5131 1584; x_wconf 90' lang='lat' dir='ltr'><strong>sui</strong></span> <span class='ocrx_word' id='word_1_184' title='bbox 5162 1530 5313 1584; x_wconf 88' lang='lat' dir='ltr'><strong>fovea</strong></span> <span class='ocrx_word' id='word_1_185' title='bbox 5346 1528 5527 1599; x_wconf 79' lang='lat' dir='ltr'><strong>vulpes</strong></span> <span class='ocrx_word' id='word_1_186' title='bbox 5567 1535 5777 1587; x_wconf 78' lang='lat' dir='ltr'><strong>excutere,</strong></span> 
     </span>
    </p>
   </div>
   <div class='ocr_carea' id='block_1_27' title="bbox 4274 1614 5781 1689">
    <p class='ocr_par' dir='ltr' id='par_1_27' title="bbox 4274 1614 5781 1689">
     <span class='ocr_line' id='line_1_27' title="bbox 4274 1614 5781 1689; baseline -0.004 -16"><span class='ocrx_word' id='word_1_187' title='bbox 4274 1630 4333 1673; x_wconf 89' lang='lat' dir='ltr'><strong>ut</strong></span> <span class='ocrx_word' id='word_1_188' title='bbox 4359 1618 4412 1672; x_wconf 90' lang='lat' dir='ltr'><strong>in</strong></span> <span class='ocrx_word' id='word_1_189' title='bbox 4442 1634 4507 1673; x_wconf 87' lang='lat' dir='ltr'><strong>eo</strong></span> <span class='ocrx_word' id='word_1_190' title='bbox 4536 1619 4630 1673; x_wconf 89' lang='lat' dir='ltr'><strong>Dei</strong></span> <span class='ocrx_word' id='word_1_191' title='bbox 4660 1618 4830 1674; x_wconf 87' lang='lat' dir='ltr'><strong>Filius</strong></span> <span class='ocrx_word' id='word_1_192' title='bbox 4857 1628 5019 1689; x_wconf 91' lang='lat' dir='ltr'><strong>caput</strong></span> <span class='ocrx_word' id='word_1_193' title='bbox 5047 1634 5203 1673; x_wconf 86' lang='lat' dir='ltr'><strong>suum</strong></span> <span class='ocrx_word' id='word_1_194' title='bbox 5232 1620 5423 1675; x_wconf 91' lang='lat' dir='ltr'><strong>merito</strong></span> <span class='ocrx_word' id='word_1_195' title='bbox 5452 1620 5632 1676; x_wconf 85' lang='lat' dir='ltr'><strong>debeat</strong></span> <span class='ocrx_word' id='word_1_196' title='bbox 5668 1614 5781 1671; x_wconf 84' lang='lat' dir='ltr'><strong>redi-</strong></span> 
     </span>
    </p>
   </div>
   <div class='ocr_carea' id='block_1_28' title="bbox 4272 1708 5783 1781">
    <p class='ocr_par' dir='ltr' id='par_1_28' title="bbox 4272 1708 5783 1781">
     <span class='ocr_line' id='line_1_28' title="bbox 4272 1708 5783 1781; baseline -0.003 -18"><span class='ocrx_word' id='word_1_197' title='bbox 4272 1726 4423 1765; x_wconf 87' lang='lat' dir='ltr'><strong>nare.</strong></span> <span class='ocrx_word' id='word_1_198' title='bbox 4451 1710 4495 1765; x_wconf 92' lang='grc' dir='ltr'><strong>Ο</strong></span> <span class='ocrx_word' id='word_1_199' title='bbox 4535 1720 4589 1765; x_wconf 92' lang='lat' dir='ltr'><strong>tu</strong></span> <span class='ocrx_word' id='word_1_200' title='bbox 4616 1711 4861 1780; x_wconf 88' lang='lat' dir='ltr'><strong>quisquis</strong></span> <span class='ocrx_word' id='word_1_201' title='bbox 4887 1725 4965 1776; x_wconf 86' lang='lat' dir='ltr'><strong>es,</strong></span> <span class='ocrx_word' id='word_1_202' title='bbox 4997 1725 5092 1765; x_wconf 91' lang='lat' dir='ltr'><strong>cor</strong></span> <span class='ocrx_word' id='word_1_203' title='bbox 5139 1720 5308 1776; x_wconf 91' lang='lat' dir='ltr'><strong>tuum,</strong></span> <span class='ocrx_word' id='word_1_204' title='bbox 5340 1712 5585 1781; x_wconf 70' lang='lat' dir='ltr'><strong>spelzeum</strong></span> <span class='ocrx_word' id='word_1_205' title='bbox 5624 1708 5783 1764; x_wconf 81' lang='lat' dir='ltr'><strong>scilicet</strong></span> 
     </span>
    </p>
   </div>
   <div class='ocr_carea' id='block_1_29' title="bbox 4273 1801 5782 1869">
    <p class='ocr_par' dir='ltr' id='par_1_29' title="bbox 4273 1801 5782 1869">
     <span class='ocr_line' id='line_1_29' title="bbox 4273 1801 5782 1869; baseline 0.003 -18"><span class='ocrx_word' id='word_1_206' title='bbox 4273 1801 4532 1869; x_wconf 89' lang='lat' dir='ltr'><strong>vulpium,</strong></span> <span class='ocrx_word' id='word_1_207' title='bbox 4566 1801 4617 1854; x_wconf 93' lang='lat' dir='ltr'><strong>in</strong></span> <span class='ocrx_word' id='word_1_208' title='bbox 4648 1816 4908 1855; x_wconf 88' lang='lat' dir='ltr'><strong>arcanum</strong></span> <span class='ocrx_word' id='word_1_209' title='bbox 4948 1810 5110 1856; x_wconf 64' lang='lat' dir='ltr'><strong>castae</strong></span> <span class='ocrx_word' id='word_1_210' title='bbox 5140 1802 5502 1857; x_wconf 87' lang='lat' dir='ltr'><strong>meditationis</strong></span> <span class='ocrx_word' id='word_1_211' title='bbox 5522 1809 5657 1857; x_wconf 81' lang='lat' dir='ltr'><strong>verte</strong></span> <span class='ocrx_word' id='word_1_212' title='bbox 5672 1812 5782 1855; x_wconf 86' lang='lat' dir='ltr'><strong>mor-</strong></span> 
     </span>
    </p>
   </div>
   <div class='ocr_carea' id='block_1_30' title="bbox 2580 1887 5781 1962">
    <p class='ocr_par' dir='ltr' id='par_1_30' title="bbox 2580 1887 5781 1962">
     <span class='ocr_line' id='line_1_30' title="bbox 2580 1887 5781 1962; baseline 0.001 -21"><span class='ocrx_word' id='word_1_213' title='bbox 2580 1894 2695 1941; x_wconf 83' lang='lat' dir='ltr'><strong>tate</strong></span> <span class='ocrx_word' id='word_1_214' title='bbox 2724 1897 2962 1941; x_wconf 79' lang='lat' dir='ltr'><strong>vexetur.</strong></span> <span class='ocrx_word' id='word_1_215' title='bbox 2991 1889 3047 1942; x_wconf 89' lang='lat' dir='ltr'><strong>In</strong></span> <span class='ocrx_word' id='word_1_216' title='bbox 3082 1887 3306 1944; x_wconf 70' lang='lat' dir='ltr'><strong>Jubilazo</strong></span> <span class='ocrx_word' id='word_1_217' title='bbox 3335 1890 3475 1944; x_wconf 90' lang='lat' dir='ltr'><strong>tubis</strong></span> <span class='ocrx_word' id='word_1_218' title='bbox 3501 1890 3766 1961; x_wconf 87' lang='lat' dir='ltr'><strong>clangitur</strong></span> <span class='ocrx_word' id='word_1_219' title='bbox 3793 1889 3981 1959; x_wconf 81' lang='lat' dir='ltr'><strong>(Leuit.</strong></span> <span class='ocrx_word' id='word_1_220' title='bbox 4014 1893 4164 1961; x_wconf 77' lang='lat' dir='ltr'><strong>xxv),</strong></span> <span class='ocrx_word' id='word_1_221' title='bbox 4272 1891 4466 1945; x_wconf 91' lang='lat' dir='ltr'><strong>tarium</strong></span> <span class='ocrx_word' id='word_1_222' title='bbox 4493 1907 4505 1942; x_wconf 86' lang='lat'><strong>:</strong></span> <span class='ocrx_word' id='word_1_223' title='bbox 4530 1891 4582 1943; x_wconf 93' lang='lat' dir='ltr'><strong>in</strong></span> <span class='ocrx_word' id='word_1_224' title='bbox 4613 1907 4720 1960; x_wconf 87' lang='lat' dir='ltr'><strong>quo</strong></span> <span class='ocrx_word' id='word_1_225' title='bbox 4751 1890 5000 1946; x_wconf 83' lang='lat' dir='ltr'><strong>videlicet</strong></span> <span class='ocrx_word' id='word_1_226' title='bbox 5027 1907 5222 1947; x_wconf 84' lang='lat' dir='ltr'><strong>manna</strong></span> <span class='ocrx_word' id='word_1_227' title='bbox 5250 1892 5485 1948; x_wconf 68' lang='lat' dir='ltr'><strong>caelestis</strong></span> <span class='ocrx_word' id='word_1_228' title='bbox 5515 1890 5781 1962; x_wconf 84' lang='lat' dir='ltr'><strong>eloquiioon</strong></span> 
     </span>
    </p>
   </div>
   <div class='ocr_carea' id='block_1_31' title="bbox 2577 1980 5783 2055">
    <p class='ocr_par' dir='ltr' id='par_1_31' title="bbox 2577 1980 5783 2055">
     <span class='ocr_line' id='line_1_31' title="bbox 2577 1980 5783 2055; baseline -0 -21"><span class='ocrx_word' id='word_1_229' title='bbox 2577 1988 2636 2034; x_wconf 82' lang='lat' dir='ltr'><strong>et</strong></span> <span class='ocrx_word' id='word_1_230' title='bbox 2662 1980 2730 2033; x_wconf 91' lang='lat' dir='ltr'><strong>ad</strong></span> <span class='ocrx_word' id='word_1_231' title='bbox 2754 1981 3124 2048; x_wconf 86' lang='lat' dir='ltr'><strong>possessiones</strong></span> <span class='ocrx_word' id='word_1_232' title='bbox 3148 1997 3273 2036; x_wconf 89' lang='lat' dir='ltr'><strong>suas</strong></span> <span class='ocrx_word' id='word_1_233' title='bbox 3295 1981 3659 2051; x_wconf 82' lang='lat' dir='ltr'><strong>unusquisque</strong></span> <span class='ocrx_word' id='word_1_234' title='bbox 3685 1984 3971 2037; x_wconf 86' lang='lat' dir='ltr'><strong>revertitur</strong></span> <span class='ocrx_word' id='word_1_235' title='bbox 3996 2001 4009 2048; x_wconf 92' lang='lat'><strong>;</strong></span> <span class='ocrx_word' id='word_1_236' title='bbox 4032 1999 4166 2052; x_wconf 90' lang='lat' dir='ltr'><strong>quo-</strong></span> <span class='ocrx_word' id='word_1_237' title='bbox 4272 1983 4489 2037; x_wconf 90' lang='lat' dir='ltr'><strong>desinas</strong></span> <span class='ocrx_word' id='word_1_238' title='bbox 4526 1983 4797 2038; x_wconf 89' lang='lat' dir='ltr'><strong>subtiliter</strong></span> <span class='ocrx_word' id='word_1_239' title='bbox 4828 1992 5022 2047; x_wconf 91' lang='lat' dir='ltr'><strong>terere,</strong></span> <span class='ocrx_word' id='word_1_240' title='bbox 5055 1994 5113 2038; x_wconf 92' lang='lat' dir='ltr'><strong>ut</strong></span> <span class='ocrx_word' id='word_1_241' title='bbox 5140 1984 5347 2040; x_wconf 85' lang='lat' dir='ltr'><strong>oleatus</strong></span> <span class='ocrx_word' id='word_1_242' title='bbox 5376 2001 5440 2040; x_wconf 80' lang='lat' dir='ltr'><strong>ex</strong></span> <span class='ocrx_word' id='word_1_243' title='bbox 5471 2000 5534 2041; x_wconf 83' lang='lat' dir='ltr'><strong>eo</strong></span> <span class='ocrx_word' id='word_1_244' title='bbox 5560 1985 5693 2055; x_wconf 87' lang='lat' dir='ltr'><strong>panis</strong></span> <span class='ocrx_word' id='word_1_245' title='bbox 5716 1980 5783 2035; x_wconf 85' lang='lat' dir='ltr'><strong>tibi</strong></span> 
     </span>
    </p>
   </div>
   <div class='ocr_carea' id='block_1_32' title="bbox 2575 2068 5781 2142">
    <p class='ocr_par' dir='ltr' id='par_1_32' title="bbox 2575 2068 5781 2142">
     <span class='ocr_line' id='line_1_32' title="bbox 2575 2068 5781 2142; baseline 0.002 -17"><span class='ocrx_word' id='word_1_246' title='bbox 2575 2068 2744 2134; x_wconf 77' lang='lat' dir='ltr'><strong>niam,</strong></span> <span class='ocrx_word' id='word_1_247' title='bbox 2778 2070 2916 2125; x_wconf 90' lang='lat' dir='ltr'><strong>sicut</strong></span> <span class='ocrx_word' id='word_1_248' title='bbox 2945 2072 3073 2125; x_wconf 88' lang='lat' dir='ltr'><strong>dicit</strong></span> <span class='ocrx_word' id='word_1_249' title='bbox 3098 2071 3403 2140; x_wconf 77' lang='lat' dir='ltr'><strong>Apostolus,</strong></span> <span class='ocrx_word' id='word_1_250' title='bbox 3447 2073 3559 2141; x_wconf 81' lang='lat' dir='ltr'><strong>ipse</strong></span> <span class='ocrx_word' id='word_1_251' title='bbox 3588 2074 3845 2127; x_wconf 90' lang='lat' dir='ltr'><strong>Dominus</strong></span> <span class='ocrx_word' id='word_1_252' title='bbox 3892 2076 3943 2129; x_wconf 86' lang='lat' dir='ltr'><strong>in</strong></span> <span class='ocrx_word' id='word_1_253' title='bbox 3984 2073 4159 2142; x_wconf 88' lang='lat' dir='ltr'><strong>jussu,</strong></span> <span class='ocrx_word' id='word_1_254' title='bbox 4194 2071 4236 2130; x_wconf 89' lang='grc' dir='ltr'><strong>Β</strong></span> <span class='ocrx_word' id='word_1_255' title='bbox 4264 2074 4439 2128; x_wconf 80' lang='lat' dir='ltr'><strong>valeat</strong></span> <span class='ocrx_word' id='word_1_256' title='bbox 4488 2073 4791 2141; x_wconf 87' lang='lat' dir='ltr'><strong>provenire.</strong></span> <span class='ocrx_word' id='word_1_257' title='bbox 4842 2073 5003 2129; x_wconf 88' lang='lat' dir='ltr'><strong>Panis</strong></span> <span class='ocrx_word' id='word_1_258' title='bbox 5047 2075 5190 2128; x_wconf 93' lang='lat' dir='ltr'><strong>enim</strong></span> <span class='ocrx_word' id='word_1_259' title='bbox 5238 2076 5442 2130; x_wconf 90' lang='lat' dir='ltr'><strong>oleatus</strong></span> <span class='ocrx_word' id='word_1_260' title='bbox 5492 2090 5647 2132; x_wconf 72' lang='lat' dir='ltr'><strong>sacra:</strong></span> <span class='ocrx_word' id='word_1_261' title='bbox 5672 2071 5781 2127; x_wconf 65' lang='lat' dir='ltr'><strong>Scri&#39;</strong></span> 
     </span>
    </p>
   </div>
   <div class='ocr_carea' id='block_1_33' title="bbox 0 6408 790 6640">
    <p class='ocr_par' dir='ltr' id='par_1_33' title="bbox 0 6412 785 6640">
     <span class='ocr_line' id='line_1_33' title="bbox 0 6412 785 6640; baseline -0.02 0"><span class='ocrx_word' id='word_1_262' title='bbox 0 6412 785 6640; x_wconf 53' lang='grc' dir='ltr'><strong>ἰι</strong></span> 
     </span>
    </p>
   </div>
   <div class='ocr_carea' id='block_1_34' title="bbox 2573 2161 4160 2232">
    <p class='ocr_par' dir='ltr' id='par_1_34' title="bbox 2573 2161 4160 2232">
     <span class='ocr_line' id='line_1_34' title="bbox 2573 2161 4160 2232; baseline 0.002 -15"><span class='ocrx_word' id='word_1_263' title='bbox 2573 2171 2631 2217; x_wconf 76' lang='lat' dir='ltr'><strong>et</strong></span> <span class='ocrx_word' id='word_1_264' title='bbox 2660 2161 2713 2214; x_wconf 91' lang='lat' dir='ltr'><strong>in</strong></span> <span class='ocrx_word' id='word_1_265' title='bbox 2740 2175 2869 2216; x_wconf 90' lang='lat' dir='ltr'><strong>voce</strong></span> <span class='ocrx_word' id='word_1_266' title='bbox 2898 2161 3204 2232; x_wconf 75' lang='lat' dir='ltr'><strong>archangeli</strong></span> <span class='ocrx_word' id='word_1_267' title='bbox 3230 2202 3242 2226; x_wconf 92' lang='lat'><strong>,</strong></span> <span class='ocrx_word' id='word_1_268' title='bbox 3272 2173 3325 2217; x_wconf 92' lang='lat' dir='ltr'><strong>et</strong></span> <span class='ocrx_word' id='word_1_269' title='bbox 3359 2163 3411 2215; x_wconf 90' lang='lat' dir='ltr'><strong>in</strong></span> <span class='ocrx_word' id='word_1_270' title='bbox 3462 2164 3591 2217; x_wconf 89' lang='lat' dir='ltr'><strong>tuba</strong></span> <span class='ocrx_word' id='word_1_271' title='bbox 3623 2163 3714 2217; x_wconf 88' lang='lat' dir='ltr'><strong>Dei</strong></span> <span class='ocrx_word' id='word_1_272' title='bbox 3764 2164 4053 2219; x_wconf 89' lang='lat' dir='ltr'><strong>descendet</strong></span> <span class='ocrx_word' id='word_1_273' title='bbox 4096 2168 4160 2220; x_wconf 84' lang='lat' dir='ltr'><strong>de</strong></span> 
     </span>
    </p>
   </div>
   <div class='ocr_carea' id='block_1_35' title="bbox 2572 2237 4153 2326">
    <p class='ocr_par' dir='ltr' id='par_1_35' title="bbox 2572 2237 4153 2326">
     <span class='ocr_line' id='line_1_35' title="bbox 2572 2237 4153 2326; baseline 0.002 -19"><span class='ocrx_word' id='word_1_274' title='bbox 2572 2250 2714 2307; x_wconf 79' lang='lat' dir='ltr'><strong>C(Bln</strong></span> <span class='ocrx_word' id='word_1_275' title='bbox 2740 2270 2751 2305; x_wconf 89' lang='lat'>:</span> <span class='ocrx_word' id='word_1_276' title='bbox 2778 2260 2828 2305; x_wconf 91' lang='lat' dir='ltr'><strong>et</strong></span> <span class='ocrx_word' id='word_1_277' title='bbox 2842 2254 3039 2307; x_wconf 91' lang='lat' dir='ltr'><strong>mortui</strong></span> <span class='ocrx_word' id='word_1_278' title='bbox 3056 2254 3145 2323; x_wconf 91' lang='lat' dir='ltr'><strong>qui</strong></span> <span class='ocrx_word' id='word_1_279' title='bbox 3164 2237 3218 2307; x_wconf 77' lang='lat' dir='ltr'><strong>in</strong></span> <span class='ocrx_word' id='word_1_280' title='bbox 3234 2254 3454 2309; x_wconf 81' lang='lat' dir='ltr'><strong>Christo</strong></span> <span class='ocrx_word' id='word_1_281' title='bbox 3468 2265 3610 2319; x_wconf 89' lang='lat' dir='ltr'><strong>sunt,</strong></span> <span class='ocrx_word' id='word_1_282' title='bbox 3628 2266 3911 2326; x_wconf 84' lang='lat' dir='ltr'><strong>resurgent</strong></span> <span class='ocrx_word' id='word_1_283' title='bbox 3934 2256 3985 2326; x_wconf 93' lang='grc'><strong>(1</strong></span> <span class='ocrx_word' id='word_1_284' title='bbox 4006 2256 4153 2310; x_wconf 80' lang='lat' dir='ltr'><strong>Thes.</strong></span> 
     </span>
    </p>
   </div>
   <div class='ocr_carea' id='block_1_36' title="bbox 2572 2343 4157 2417">
    <p class='ocr_par' dir='ltr' id='par_1_36' title="bbox 2572 2343 4157 2417">
     <span class='ocr_line' id='line_1_36' title="bbox 2572 2343 4157 2417; baseline 0.003 -19"><span class='ocrx_word' id='word_1_285' title='bbox 2572 2343 2672 2413; x_wconf 86' lang='lat' dir='ltr'><strong>tv).</strong></span> <span class='ocrx_word' id='word_1_286' title='bbox 2703 2343 2839 2410; x_wconf 86' lang='lat' dir='ltr'><strong>Quid</strong></span> <span class='ocrx_word' id='word_1_287' title='bbox 2866 2352 2947 2399; x_wconf 91' lang='lat' dir='ltr'><strong>est</strong></span> <span class='ocrx_word' id='word_1_288' title='bbox 2973 2345 3115 2399; x_wconf 91' lang='lat' dir='ltr'><strong>enim</strong></span> <span class='ocrx_word' id='word_1_289' title='bbox 3147 2345 3200 2399; x_wconf 92' lang='lat' dir='ltr'><strong>in</strong></span> <span class='ocrx_word' id='word_1_290' title='bbox 3228 2362 3360 2401; x_wconf 87' lang='lat' dir='ltr'><strong>voce</strong></span> <span class='ocrx_word' id='word_1_291' title='bbox 3407 2347 3709 2417; x_wconf 87' lang='lat' dir='ltr'><strong>archangeli</strong></span> <span class='ocrx_word' id='word_1_292' title='bbox 3739 2357 3792 2401; x_wconf 91' lang='lat' dir='ltr'><strong>et</strong></span> <span class='ocrx_word' id='word_1_293' title='bbox 3822 2349 3871 2400; x_wconf 91' lang='lat' dir='ltr'><strong>in</strong></span> <span class='ocrx_word' id='word_1_294' title='bbox 3903 2348 3997 2401; x_wconf 91' lang='lat' dir='ltr'><strong>Dei</strong></span> <span class='ocrx_word' id='word_1_295' title='bbox 4032 2350 4157 2403; x_wconf 87' lang='lat' dir='ltr'><strong>tuba</strong></span> 
     </span>
    </p>
   </div>
   <div class='ocr_carea' id='block_1_37' title="bbox 2570 2431 4157 2503">
    <p class='ocr_par' dir='ltr' id='par_1_37' title="bbox 2570 2431 4157 2503">
     <span class='ocr_line' id='line_1_37' title="bbox 2570 2431 4157 2503; baseline 0.004 -16"><span class='ocrx_word' id='word_1_296' title='bbox 2570 2431 2921 2498; x_wconf 88' lang='lat' dir='ltr'><strong>descendere,</strong></span> <span class='ocrx_word' id='word_1_297' title='bbox 2970 2434 3072 2487; x_wconf 92' lang='lat' dir='ltr'><strong>nisi</strong></span> <span class='ocrx_word' id='word_1_298' title='bbox 3104 2436 3499 2503; x_wconf 87' lang='lat' dir='ltr'><strong>quodammodo</strong></span> <span class='ocrx_word' id='word_1_299' title='bbox 3535 2437 3954 2492; x_wconf 87' lang='lat' dir='ltr'><strong>consonantibus</strong></span> <span class='ocrx_word' id='word_1_300' title='bbox 4002 2439 4157 2493; x_wconf 88' lang='lat' dir='ltr'><strong>tuba-</strong></span> 
     </span>
    </p>
   </div>
   <div class='ocr_carea' id='block_1_38' title="bbox 2568 2524 4155 2600">
    <p class='ocr_par' dir='ltr' id='par_1_38' title="bbox 2568 2524 4155 2600">
     <span class='ocr_line' id='line_1_38' title="bbox 2568 2524 4155 2600; baseline 0.004 -21"><span class='ocrx_word' id='word_1_301' title='bbox 2568 2540 2691 2580; x_wconf 89' lang='lat' dir='ltr'><strong>rum</strong></span> <span class='ocrx_word' id='word_1_302' title='bbox 2720 2524 3061 2596; x_wconf 85' lang='lat' dir='ltr'><strong>clangoribus</strong></span> <span class='ocrx_word' id='word_1_303' title='bbox 3089 2527 3377 2583; x_wconf 80' lang='lat' dir='ltr'><strong>intonare?</strong></span> <span class='ocrx_word' id='word_1_304' title='bbox 3412 2528 3479 2583; x_wconf 83' lang='lat' dir='ltr'><strong>Et</strong></span> <span class='ocrx_word' id='word_1_305' title='bbox 3501 2529 3629 2598; x_wconf 91' lang='lat' dir='ltr'><strong>quid</strong></span> <span class='ocrx_word' id='word_1_306' title='bbox 3663 2537 3747 2586; x_wconf 90' lang='lat' dir='ltr'><strong>est</strong></span> <span class='ocrx_word' id='word_1_307' title='bbox 3772 2539 4017 2586; x_wconf 89' lang='lat' dir='ltr'><strong>mortuos</strong></span> <span class='ocrx_word' id='word_1_308' title='bbox 4062 2530 4155 2600; x_wconf 92' lang='lat' dir='ltr'><strong>qui</strong></span> 
     </span>
    </p>
   </div>
   <div class='ocr_carea' id='block_1_39' title="bbox 2568 2617 4155 2690">
    <p class='ocr_par' dir='ltr' id='par_1_39' title="bbox 2568 2617 4155 2690">
     <span class='ocr_line' id='line_1_39' title="bbox 2568 2617 4155 2690; baseline 0.003 -17"><span class='ocrx_word' id='word_1_309' title='bbox 2568 2619 2625 2673; x_wconf 90' lang='lat' dir='ltr'><strong>in</strong></span> <span class='ocrx_word' id='word_1_310' title='bbox 2651 2617 2866 2674; x_wconf 89' lang='lat' dir='ltr'><strong>Christo</strong></span> <span class='ocrx_word' id='word_1_311' title='bbox 2895 2628 3039 2683; x_wconf 92' lang='lat' dir='ltr'><strong>sunt,</strong></span> <span class='ocrx_word' id='word_1_312' title='bbox 3068 2635 3371 2690; x_wconf 87' lang='lat' dir='ltr'><strong>resurgere,</strong></span> <span class='ocrx_word' id='word_1_313' title='bbox 3399 2621 3506 2674; x_wconf 89' lang='lat' dir='ltr'><strong>nisi</strong></span> <span class='ocrx_word' id='word_1_314' title='bbox 3540 2621 3606 2674; x_wconf 91' lang='lat' dir='ltr'><strong>ad</strong></span> <span class='ocrx_word' id='word_1_315' title='bbox 3636 2623 4003 2689; x_wconf 88' lang='lat' dir='ltr'><strong>possessiones</strong></span> <span class='ocrx_word' id='word_1_316' title='bbox 4030 2638 4155 2677; x_wconf 89' lang='lat' dir='ltr'><strong>suas</strong></span> 
     </span>
    </p>
   </div>
   <div class='ocr_carea' id='block_1_40' title="bbox 2566 2710 4155 2778">
    <p class='ocr_par' dir='ltr' id='par_1_40' title="bbox 2566 2710 4155 2778">
     <span class='ocr_line' id='line_1_40' title="bbox 2566 2710 4155 2778; baseline 0.002 -14"><span class='ocrx_word' id='word_1_317' title='bbox 2566 2724 3004 2778; x_wconf 88' lang='lat' dir='ltr'><strong>unumquemque</strong></span> <span class='ocrx_word' id='word_1_318' title='bbox 3046 2710 3266 2765; x_wconf 87' lang='lat' dir='ltr'><strong>redire?</strong></span> <span class='ocrx_word' id='word_1_319' title='bbox 3295 2710 3444 2765; x_wconf 87' lang='lat' dir='ltr'><strong>Tunc</strong></span> <span class='ocrx_word' id='word_1_320' title='bbox 3493 2711 3635 2765; x_wconf 90' lang='lat' dir='ltr'><strong>enim</strong></span> <span class='ocrx_word' id='word_1_321' title='bbox 3681 2711 3975 2778; x_wconf 84' lang='lat' dir='ltr'><strong>Abraham,</strong></span> <span class='ocrx_word' id='word_1_322' title='bbox 4027 2721 4155 2767; x_wconf 90' lang='lat' dir='ltr'><strong>tunc</strong></span> 
     </span>
    </p>
   </div>
   <div class='ocr_carea' id='block_1_41' title="bbox 2565 2796 4151 2870">
    <p class='ocr_par' dir='ltr' id='par_1_41' title="bbox 2565 2796 4151 2870">
     <span class='ocr_line' id='line_1_41' title="bbox 2565 2796 4151 2870; baseline 0.003 -18"><span class='ocrx_word' id='word_1_323' title='bbox 2565 2796 2800 2868; x_wconf 80' lang='lat' dir='ltr'><strong>Moyses,</strong></span> <span class='ocrx_word' id='word_1_324' title='bbox 2833 2808 2961 2854; x_wconf 89' lang='lat' dir='ltr'><strong>tunc</strong></span> <span class='ocrx_word' id='word_1_325' title='bbox 2988 2808 3134 2854; x_wconf 90' lang='lat' dir='ltr'><strong>certe</strong></span> <span class='ocrx_word' id='word_1_326' title='bbox 3170 2799 3392 2865; x_wconf 87' lang='lat' dir='ltr'><strong>Pilatus,</strong></span> <span class='ocrx_word' id='word_1_327' title='bbox 3432 2809 3558 2855; x_wconf 89' lang='lat' dir='ltr'><strong>tunc</strong></span> <span class='ocrx_word' id='word_1_328' title='bbox 3610 2800 3871 2867; x_wconf 82' lang='lat' dir='ltr'><strong>Herodes,</strong></span> <span class='ocrx_word' id='word_1_329' title='bbox 3916 2813 4041 2857; x_wconf 92' lang='lat' dir='ltr'><strong>tunc</strong></span> <span class='ocrx_word' id='word_1_330' title='bbox 4064 2802 4151 2870; x_wconf 76' lang='lat' dir='ltr'><strong>ju~</strong></span> 
     </span>
    </p>
   </div>
   <div class='ocr_carea' id='block_1_42' title="bbox 2560 2893 4148 2961">
    <p class='ocr_par' dir='ltr' id='par_1_42' title="bbox 2560 2893 4148 2961">
     <span class='ocr_line' id='line_1_42' title="bbox 2560 2893 4148 2961; baseline 0.001 -16"><span class='ocrx_word' id='word_1_331' title='bbox 2560 2900 2678 2946; x_wconf 88' lang='lat' dir='ltr'><strong>stus</strong></span> <span class='ocrx_word' id='word_1_332' title='bbox 2724 2893 2971 2960; x_wconf 80' lang='lat' dir='ltr'><strong>quisque,</strong></span> <span class='ocrx_word' id='word_1_333' title='bbox 3023 2893 3133 2945; x_wconf 86' lang='lat' dir='ltr'><strong>sive</strong></span> <span class='ocrx_word' id='word_1_334' title='bbox 3174 2902 3452 2960; x_wconf 87' lang='lat' dir='ltr'><strong>peccator,</strong></span> <span class='ocrx_word' id='word_1_335' title='bbox 3500 2893 3565 2946; x_wconf 90' lang='lat' dir='ltr'><strong>ad</strong></span> <span class='ocrx_word' id='word_1_336' title='bbox 3600 2895 3997 2961; x_wconf 87' lang='lat' dir='ltr'><strong>possessionum</strong></span> <span class='ocrx_word' id='word_1_337' title='bbox 4026 2910 4148 2947; x_wconf 89' lang='lat' dir='ltr'><strong>sua-</strong></span> 
     </span>
    </p>
   </div>
   <div class='ocr_carea' id='block_1_43' title="bbox 2560 2983 4145 3055">
    <p class='ocr_par' dir='ltr' id='par_1_43' title="bbox 2560 2983 4145 3055">
     <span class='ocr_line' id='line_1_43' title="bbox 2560 2983 4145 3055; baseline 0.003 -18"><span class='ocrx_word' id='word_1_338' title='bbox 2560 2998 2683 3037; x_wconf 87' lang='lat' dir='ltr'><strong>rum</strong></span> <span class='ocrx_word' id='word_1_339' title='bbox 2706 2983 2828 3052; x_wconf 88' lang='lat' dir='ltr'><strong>jnra</strong></span> <span class='ocrx_word' id='word_1_340' title='bbox 2879 2983 3212 3047; x_wconf 89' lang='lat' dir='ltr'><strong>revertitur;</strong></span> <span class='ocrx_word' id='word_1_341' title='bbox 3244 2999 3365 3038; x_wconf 92' lang='lat' dir='ltr'><strong>cum</strong></span> <span class='ocrx_word' id='word_1_342' title='bbox 3398 2999 3581 3049; x_wconf 87' lang='lat' dir='ltr'><strong>carne,</strong></span> <span class='ocrx_word' id='word_1_343' title='bbox 3618 3001 3780 3053; x_wconf 86' lang='lat' dir='ltr'><strong>quam</strong></span> <span class='ocrx_word' id='word_1_344' title='bbox 3821 2988 3887 3039; x_wconf 89' lang='lat' dir='ltr'><strong>ad</strong></span> <span class='ocrx_word' id='word_1_345' title='bbox 3938 2996 4145 3055; x_wconf 87' lang='lat' dir='ltr'><strong>tempus</strong></span> 
     </span>
    </p>
   </div>
   <div class='ocr_carea' id='block_1_44' title="bbox 2560 3073 4141 3144">
    <p class='ocr_par' dir='ltr' id='par_1_44' title="bbox 2560 3073 4141 3144">
     <span class='ocr_line' id='line_1_44' title="bbox 2560 3073 4141 3144; baseline 0.001 -15"><span class='ocrx_word' id='word_1_346' title='bbox 2560 3074 2915 3143; x_wconf 88' lang='lat' dir='ltr'><strong>deposuerat,</strong></span> <span class='ocrx_word' id='word_1_347' title='bbox 2953 3073 3292 3127; x_wconf 88' lang='lat' dir='ltr'><strong>reinduitur:</strong></span> <span class='ocrx_word' id='word_1_348' title='bbox 3328 3082 3386 3127; x_wconf 89' lang='lat' dir='ltr'><strong>ut</strong></span> <span class='ocrx_word' id='word_1_349' title='bbox 3433 3090 3554 3128; x_wconf 92' lang='lat' dir='ltr'><strong>cum</strong></span> <span class='ocrx_word' id='word_1_350' title='bbox 3604 3076 3722 3143; x_wconf 90' lang='lat' dir='ltr'><strong>ipso</strong></span> <span class='ocrx_word' id='word_1_351' title='bbox 3770 3090 3867 3130; x_wconf 87' lang='lat' dir='ltr'><strong>suo</strong></span> <span class='ocrx_word' id='word_1_352' title='bbox 3915 3091 4141 3144; x_wconf 88' lang='lat' dir='ltr'><strong>corpore</strong></span> 
     </span>
    </p>
   </div>
   <div class='ocr_carea' id='block_1_45' title="bbox 2558 3164 4142 3235">
    <p class='ocr_par' dir='ltr' id='par_1_45' title="bbox 2558 3164 4142 3235">
     <span class='ocr_line' id='line_1_45' title="bbox 2558 3164 4142 3235; baseline 0 -16"><span class='ocrx_word' id='word_1_353' title='bbox 2558 3165 2929 3234; x_wconf 79' lang='lat' dir='ltr'><strong>unusquisque</strong></span> <span class='ocrx_word' id='word_1_354' title='bbox 2956 3164 3181 3233; x_wconf 88' lang='lat' dir='ltr'><strong>recipiat</strong></span> <span class='ocrx_word' id='word_1_355' title='bbox 3202 3164 3343 3232; x_wconf 92' lang='lat' dir='ltr'><strong>quod</strong></span> <span class='ocrx_word' id='word_1_356' title='bbox 3369 3173 3626 3218; x_wconf 91' lang='lat' dir='ltr'><strong>meretur.</strong></span> <span class='ocrx_word' id='word_1_357' title='bbox 3652 3164 3860 3220; x_wconf 84' lang='lat' dir='ltr'><strong>Habent</strong></span> <span class='ocrx_word' id='word_1_358' title='bbox 3883 3176 4142 3235; x_wconf 65' lang='lat' dir='ltr'><strong>prasterea</strong></span> 
     </span>
    </p>
   </div>
   <div class='ocr_carea' id='block_1_46' title="bbox 2555 3244 4137 3325">
    <p class='ocr_par' dir='ltr' id='par_1_46' title="bbox 2555 3244 4137 3325">
     <span class='ocr_line' id='line_1_46' title="bbox 2555 3244 4137 3325; baseline -0.001 -14"><span class='ocrx_word' id='word_1_359' title='bbox 2555 3270 2702 3311; x_wconf 83' lang='lat' dir='ltr'><strong>nunc</strong></span> <span class='ocrx_word' id='word_1_360' title='bbox 2730 3255 2943 3325; x_wconf 86' lang='lat' dir='ltr'><strong>reprobi</strong></span> <span class='ocrx_word' id='word_1_361' title='bbox 2973 3244 3252 3323; x_wconf 79' lang='lat' dir='ltr'><strong>utrinSqne</strong></span> <span class='ocrx_word' id='word_1_362' title='bbox 3282 3256 3597 3309; x_wconf 71' lang='lat' dir='ltr'><strong>substantiae</strong></span> <span class='ocrx_word' id='word_1_363' title='bbox 3624 3258 4019 3325; x_wconf 86' lang='lat' dir='ltr'><strong>quodammodo</strong></span> <span class='ocrx_word' id='word_1_364' title='bbox 4051 3272 4137 3311; x_wconf 92' lang='lat' dir='ltr'><strong>re-</strong></span> 
     </span>
    </p>
   </div>
   <div class='ocr_carea' id='block_1_47' title="bbox 2552 3343 4133 3417">
    <p class='ocr_par' dir='ltr' id='par_1_47' title="bbox 2552 3343 4133 3417">
     <span class='ocr_line' id='line_1_47' title="bbox 2552 3343 4133 3417; baseline 0.003 -20"><span class='ocrx_word' id='word_1_365' title='bbox 2552 3345 2758 3414; x_wconf 88' lang='lat' dir='ltr'><strong>quiem,</strong></span> <span class='ocrx_word' id='word_1_366' title='bbox 2788 3343 2913 3413; x_wconf 90' lang='lat' dir='ltr'><strong>quia</strong></span> <span class='ocrx_word' id='word_1_367' title='bbox 2952 3352 3007 3398; x_wconf 93' lang='lat' dir='ltr'><strong>et</strong></span> <span class='ocrx_word' id='word_1_368' title='bbox 3032 3344 3332 3399; x_wconf 90' lang='lat' dir='ltr'><strong>animarum</strong></span> <span class='ocrx_word' id='word_1_369' title='bbox 3357 3360 3576 3399; x_wconf 87' lang='lat' dir='ltr'><strong>suarum</strong></span> <span class='ocrx_word' id='word_1_370' title='bbox 3608 3356 3662 3400; x_wconf 91' lang='lat' dir='ltr'><strong>et</strong></span> <span class='ocrx_word' id='word_1_371' title='bbox 3692 3362 3980 3416; x_wconf 88' lang='lat' dir='ltr'><strong>corporum</strong></span> <span class='ocrx_word' id='word_1_372' title='bbox 4010 3363 4133 3417; x_wconf 90' lang='lat' dir='ltr'><strong>per-</strong></span> 
     </span>
    </p>
   </div>
   <div class='ocr_carea' id='block_1_48' title="bbox 4264 2161 5786 2234">
    <p class='ocr_par' dir='ltr' id='par_1_48' title="bbox 4264 2161 5786 2234">
     <span class='ocr_line' id='line_1_48' title="bbox 4264 2161 5786 2234; baseline -0.003 -17"><span class='ocrx_word' id='word_1_373' title='bbox 4264 2174 4436 2234; x_wconf 74' lang='lat' dir='ltr'><strong>plura:</strong></span> <span class='ocrx_word' id='word_1_374' title='bbox 4482 2172 4564 2217; x_wconf 92' lang='lat' dir='ltr'><strong>est</strong></span> <span class='ocrx_word' id='word_1_375' title='bbox 4614 2163 4956 2228; x_wconf 88' lang='lat' dir='ltr'><strong>intellectus,</strong></span> <span class='ocrx_word' id='word_1_376' title='bbox 5024 2161 5258 2234; x_wconf 89' lang='lat' dir='ltr'><strong>Spiritus</strong></span> <span class='ocrx_word' id='word_1_377' title='bbox 5325 2164 5494 2220; x_wconf 89' lang='lat' dir='ltr'><strong>sancti</strong></span> <span class='ocrx_word' id='word_1_378' title='bbox 5570 2162 5786 2220; x_wconf 84' lang='lat' dir='ltr'><strong>suavitate</strong></span> 
     </span>
    </p>
   </div>
   <div class='ocr_carea' id='block_1_49' title="bbox 4262 2251 5817 2325">
    <p class='ocr_par' dir='ltr' id='par_1_49' title="bbox 4262 2251 5817 2325">
     <span class='ocr_line' id='line_1_49' title="bbox 4262 2251 5817 2325; baseline -0.005 -16"><span class='ocrx_word' id='word_1_379' title='bbox 4262 2255 4527 2309; x_wconf 88' lang='lat' dir='ltr'><strong>conditus.</strong></span> <span class='ocrx_word' id='word_1_380' title='bbox 4580 2253 4704 2309; x_wconf 72' lang='lat' dir='ltr'><strong>Haac</strong></span> <span class='ocrx_word' id='word_1_381' title='bbox 4752 2254 4867 2319; x_wconf 86' lang='lat' dir='ltr'><strong>tibi,</strong></span> <span class='ocrx_word' id='word_1_382' title='bbox 4899 2252 5067 2309; x_wconf 83' lang='lat' dir='ltr'><strong>frater</strong></span> <span class='ocrx_word' id='word_1_383' title='bbox 5104 2253 5441 2319; x_wconf 86' lang='lat' dir='ltr'><strong>charissime,</strong></span> <span class='ocrx_word' id='word_1_384' title='bbox 5482 2252 5697 2325; x_wconf 91' lang='lat' dir='ltr'><strong>Spiritus</strong></span> <span class='ocrx_word' id='word_1_385' title='bbox 5720 2251 5817 2303; x_wconf 83' lang='lat' dir='ltr'><strong>in-‘</strong></span> 
     </span>
    </p>
   </div>
   <div class='ocr_carea' id='block_1_50' title="bbox 4260 2346 5786 2421">
    <p class='ocr_par' dir='ltr' id='par_1_50' title="bbox 4260 2346 5786 2421">
     <span class='ocr_line' id='line_1_50' title="bbox 4260 2346 5786 2421; baseline -0.007 -17"><span class='ocrx_word' id='word_1_386' title='bbox 4260 2350 4390 2404; x_wconf 82' lang='lat' dir='ltr'><strong>fluat</strong></span> <span class='ocrx_word' id='word_1_387' title='bbox 4423 2349 4747 2421; x_wconf 85' lang='lat' dir='ltr'><strong>[infundat];</strong></span> <span class='ocrx_word' id='word_1_388' title='bbox 4796 2349 4883 2403; x_wconf 91' lang='lat' dir='ltr'><strong>hic</strong></span> <span class='ocrx_word' id='word_1_389' title='bbox 4918 2364 4948 2403; x_wconf 88' lang='lat' dir='ltr'><strong>a</strong></span> <span class='ocrx_word' id='word_1_390' title='bbox 4982 2359 5032 2402; x_wconf 93' lang='lat' dir='ltr'><strong>te</strong></span> <span class='ocrx_word' id='word_1_391' title='bbox 5060 2362 5182 2403; x_wconf 91' lang='lat' dir='ltr'><strong>cum</strong></span> <span class='ocrx_word' id='word_1_392' title='bbox 5212 2346 5437 2403; x_wconf 87' lang='lat' dir='ltr'><strong>Samson</strong></span> <span class='ocrx_word' id='word_1_393' title='bbox 5478 2346 5693 2417; x_wconf 88' lang='lat' dir='ltr'><strong>torporis</strong></span> <span class='ocrx_word' id='word_1_394' title='bbox 5726 2351 5786 2395; x_wconf 86' lang='lat' dir='ltr'><strong>at-</strong></span> 
     </span>
    </p>
   </div>
   <div class='ocr_carea' id='block_1_51' title="bbox 4259 2439 5783 2514">
    <p class='ocr_par' dir='ltr' id='par_1_51' title="bbox 4259 2439 5783 2514">
     <span class='ocr_line' id='line_1_51' title="bbox 4259 2439 5783 2514; baseline -0.007 -18"><span class='ocrx_word' id='word_1_395' title='bbox 4259 2460 4362 2514; x_wconf 91' lang='lat' dir='ltr'><strong>que</strong></span> <span class='ocrx_word' id='word_1_396' title='bbox 4392 2444 4611 2499; x_wconf 73' lang='lat' dir='ltr'><strong>desidia:</strong></span> <span class='ocrx_word' id='word_1_397' title='bbox 4638 2457 4833 2497; x_wconf 79' lang='lat' dir='ltr'><strong>nexum</strong></span> <span class='ocrx_word' id='word_1_398' title='bbox 4882 2440 5119 2511; x_wconf 89' lang='lat' dir='ltr'><strong>abjiciat,</strong></span> <span class='ocrx_word' id='word_1_399' title='bbox 5142 2450 5302 2511; x_wconf 88' lang='lat' dir='ltr'><strong>atque</strong></span> <span class='ocrx_word' id='word_1_400' title='bbox 5348 2439 5412 2494; x_wconf 89' lang='lat' dir='ltr'><strong>ad</strong></span> <span class='ocrx_word' id='word_1_401' title='bbox 5448 2439 5651 2495; x_wconf 87' lang='lat' dir='ltr'><strong>fortiter</strong></span> <span class='ocrx_word' id='word_1_402' title='bbox 5691 2447 5783 2490; x_wconf 89' lang='lat' dir='ltr'><strong>cum</strong></span> 
     </span>
    </p>
   </div>
   <div class='ocr_carea' id='block_1_52' title="bbox 4258 2526 5732 2601">
    <p class='ocr_par' dir='ltr' id='par_1_52' title="bbox 4258 2526 5732 2601">
     <span class='ocr_line' id='line_1_52' title="bbox 4258 2526 5732 2601; baseline -0.007 -12"><span class='ocrx_word' id='word_1_403' title='bbox 4258 2535 4414 2590; x_wconf 85' lang='lat' dir='ltr'><strong>hoste</strong></span> <span class='ocrx_word' id='word_1_404' title='bbox 4462 2535 4779 2589; x_wconf 88' lang='lat' dir='ltr'><strong>certandum</strong></span> <span class='ocrx_word' id='word_1_405' title='bbox 4807 2532 5081 2588; x_wconf 85' lang='lat' dir='ltr'><strong>ferventer</strong></span> <span class='ocrx_word' id='word_1_406' title='bbox 5108 2532 5367 2587; x_wconf 85' lang='lat' dir='ltr'><strong>accendat</strong></span> <span class='ocrx_word' id='word_1_407' title='bbox 5393 2529 5591 2601; x_wconf 72' lang='lat' dir='ltr'><strong>(ludic.</strong></span> <span class='ocrx_word' id='word_1_408' title='bbox 5619 2526 5732 2594; x_wconf 80' lang='lat' dir='ltr'><strong>xvi).</strong></span> 
     </span>
    </p>
   </div>
   <div class='ocr_carea' id='block_1_53' title="bbox 4326 2615 5785 2695">
    <p class='ocr_par' dir='ltr' id='par_1_53' title="bbox 4326 2615 5785 2695">
     <span class='ocr_line' id='line_1_53' title="bbox 4326 2615 5785 2695; baseline -0.008 -16"><span class='ocrx_word' id='word_1_409' title='bbox 4326 2625 4381 2679; x_wconf 88' lang='lat' dir='ltr'><strong>In</strong></span> <span class='ocrx_word' id='word_1_410' title='bbox 4408 2626 4708 2695; x_wconf 88' lang='lat' dir='ltr'><strong>desperatis</strong></span> <span class='ocrx_word' id='word_1_411' title='bbox 4746 2624 4962 2694; x_wconf 91' lang='lat' dir='ltr'><strong>quidem</strong></span> <span class='ocrx_word' id='word_1_412' title='bbox 4995 2623 5157 2678; x_wconf 89' lang='lat' dir='ltr'><strong>rebus</strong></span> <span class='ocrx_word' id='word_1_413' title='bbox 5182 2621 5469 2694; x_wconf 87' lang='lat' dir='ltr'><strong>gloriosum</strong></span> <span class='ocrx_word' id='word_1_414' title='bbox 5496 2629 5577 2676; x_wconf 89' lang='lat' dir='ltr'><strong>est</strong></span> <span class='ocrx_word' id='word_1_415' title='bbox 5599 2615 5785 2680; x_wconf 83' lang='lat' dir='ltr'><strong>fortiter</strong></span> 
     </span>
    </p>
   </div>
   <div class='ocr_carea' id='block_1_54' title="bbox 4256 2704 5786 2787">
    <p class='ocr_par' dir='ltr' id='par_1_54' title="bbox 4256 2704 5786 2787">
     <span class='ocr_line' id='line_1_54' title="bbox 4256 2704 5786 2787; baseline -0.008 -16"><span class='ocrx_word' id='word_1_416' title='bbox 4256 2733 4449 2787; x_wconf 89' lang='lat' dir='ltr'><strong>agere;</strong></span> <span class='ocrx_word' id='word_1_417' title='bbox 4488 2716 4714 2785; x_wconf 86' lang='lat' dir='ltr'><strong>insignis</strong></span> <span class='ocrx_word' id='word_1_418' title='bbox 4744 2714 4999 2785; x_wconf 63' lang='lat' dir='ltr'><strong>praeconii</strong></span> <span class='ocrx_word' id='word_1_419' title='bbox 5034 2721 5118 2768; x_wconf 88' lang='lat' dir='ltr'><strong>est</strong></span> <span class='ocrx_word' id='word_1_420' title='bbox 5166 2727 5288 2767; x_wconf 93' lang='lat' dir='ltr'><strong>eum</strong></span> <span class='ocrx_word' id='word_1_421' title='bbox 5339 2711 5427 2779; x_wconf 92' lang='lat' dir='ltr'><strong>qui</strong></span> <span class='ocrx_word' id='word_1_422' title='bbox 5458 2704 5786 2766; x_wconf 74' lang='lat' dir='ltr'><strong>corruentin</strong></span> 
     </span>
    </p>
   </div>
   <div class='ocr_carea' id='block_1_55' title="bbox 4255 2796 5784 2873">
    <p class='ocr_par' dir='ltr' id='par_1_55' title="bbox 4255 2796 5784 2873">
     <span class='ocr_line' id='line_1_55' title="bbox 4255 2796 5784 2873; baseline -0.009 -14"><span class='ocrx_word' id='word_1_423' title='bbox 4255 2808 4487 2869; x_wconf 91' lang='lat' dir='ltr'><strong>ruinam,</strong></span> <span class='ocrx_word' id='word_1_424' title='bbox 4520 2806 4850 2873; x_wconf 80' lang='lat' dir='ltr'><strong>inopinatam</strong></span> <span class='ocrx_word' id='word_1_425' title='bbox 4880 2811 5157 2872; x_wconf 88' lang='lat' dir='ltr'><strong>reportare</strong></span> <span class='ocrx_word' id='word_1_426' title='bbox 5186 2801 5489 2856; x_wconf 87' lang='lat' dir='ltr'><strong>victoriam.</strong></span> <span class='ocrx_word' id='word_1_427' title='bbox 5539 2796 5784 2854; x_wconf 79' lang='lat' dir='ltr'><strong>Marcellus</strong></span> 
     </span>
    </p>
   </div>
   <div class='ocr_carea' id='block_1_56' title="bbox 4251 2888 5786 2966">
    <p class='ocr_par' dir='ltr' id='par_1_56' title="bbox 4251 2888 5786 2966">
     <span class='ocr_line' id='line_1_56' title="bbox 4251 2888 5786 2966; baseline -0.007 -15"><span class='ocrx_word' id='word_1_428' title='bbox 4251 2912 4444 2966; x_wconf 89' lang='lat' dir='ltr'><strong>nempe</strong></span> <span class='ocrx_word' id='word_1_429' title='bbox 4472 2897 4837 2951; x_wconf 80' lang='lat' dir='ltr'><strong>Romanorum</strong></span> <span class='ocrx_word' id='word_1_430' title='bbox 4882 2893 5094 2959; x_wconf 86' lang='lat' dir='ltr'><strong>consul,</strong></span> <span class='ocrx_word' id='word_1_431' title='bbox 5149 2894 5273 2949; x_wconf 91' lang='lat' dir='ltr'><strong>dum</strong></span> <span class='ocrx_word' id='word_1_432' title='bbox 5324 2894 5375 2946; x_wconf 92' lang='lat' dir='ltr'><strong>in</strong></span> <span class='ocrx_word' id='word_1_433' title='bbox 5424 2908 5612 2947; x_wconf 82' lang='lat' dir='ltr'><strong>manus</strong></span> <span class='ocrx_word' id='word_1_434' title='bbox 5635 2888 5786 2946; x_wconf 77' lang='lat' dir='ltr'><strong>Gallo-</strong></span> 
     </span>
    </p>
   </div>
   <div class='ocr_carea' id='block_1_57' title="bbox 4251 2982 5783 3055">
    <p class='ocr_par' dir='ltr' id='par_1_57' title="bbox 4251 2982 5783 3055">
     <span class='ocr_line' id='line_1_57' title="bbox 4251 2982 5783 3055; baseline -0.006 -15"><span class='ocrx_word' id='word_1_435' title='bbox 4251 3004 4369 3040; x_wconf 90' lang='lat' dir='ltr'><strong>rum</strong></span> <span class='ocrx_word' id='word_1_436' title='bbox 4398 2987 4730 3055; x_wconf 86' lang='lat' dir='ltr'><strong>improvidus</strong></span> <span class='ocrx_word' id='word_1_437' title='bbox 4757 2984 5055 3049; x_wconf 91' lang='lat' dir='ltr'><strong>incidisset,</strong></span> <span class='ocrx_word' id='word_1_438' title='bbox 5087 2991 5162 3047; x_wconf 92' lang='lat' dir='ltr'><strong>et,</strong></span> <span class='ocrx_word' id='word_1_439' title='bbox 5192 2982 5414 3037; x_wconf 89' lang='lat' dir='ltr'><strong>armatis</strong></span> <span class='ocrx_word' id='word_1_440' title='bbox 5443 2982 5683 3037; x_wconf 87' lang='lat' dir='ltr'><strong>hostibus</strong></span> <span class='ocrx_word' id='word_1_441' title='bbox 5707 2994 5783 3031; x_wconf 84' lang='lat' dir='ltr'><strong>un-</strong></span> 
     </span>
    </p>
   </div>
   <div class='ocr_carea' id='block_1_58' title="bbox 4250 3056 5787 3146">
    <p class='ocr_par' dir='ltr' id='par_1_58' title="bbox 4250 3056 5787 3146">
     <span class='ocr_line' id='line_1_58' title="bbox 4250 3056 5787 3146; baseline -0.008 -15"><span class='ocrx_word' id='word_1_442' title='bbox 4250 3078 4412 3146; x_wconf 91' lang='lat' dir='ltr'><strong>dique</strong></span> <span class='ocrx_word' id='word_1_443' title='bbox 4432 3056 4808 3140; x_wconf 51' lang='lat' dir='ltr'><strong>&#39;cireumfusis,</strong></span> <span class='ocrx_word' id='word_1_444' title='bbox 4846 3073 5045 3144; x_wconf 86' lang='lat' dir='ltr'><strong>aufugii</strong></span> <span class='ocrx_word' id='word_1_445' title='bbox 5074 3088 5295 3145; x_wconf 82' lang='lat' dir='ltr'><strong>prorsus</strong></span> <span class='ocrx_word' id='word_1_446' title='bbox 5322 3073 5498 3128; x_wconf 88' lang='lat' dir='ltr'><strong>aditus</strong></span> <span class='ocrx_word' id='word_1_447' title='bbox 5523 3086 5630 3127; x_wconf 89' lang='lat' dir='ltr'><strong>non</strong></span> <span class='ocrx_word' id='word_1_448' title='bbox 5662 3076 5787 3139; x_wconf 84' lang='lat' dir='ltr'><strong>pate-</strong></span> 
     </span>
    </p>
   </div>
   <div class='ocr_carea' id='block_1_59' title="bbox 4250 3158 5786 3236">
    <p class='ocr_par' dir='ltr' id='par_1_59' title="bbox 4250 3158 5786 3236">
     <span class='ocr_line' id='line_1_59' title="bbox 4250 3158 5786 3236; baseline -0.008 -14"><span class='ocrx_word' id='word_1_449' title='bbox 4250 3178 4351 3232; x_wconf 85' lang='lat' dir='ltr'><strong>ret,</strong></span> <span class='ocrx_word' id='word_1_450' title='bbox 4405 3169 4459 3222; x_wconf 92' lang='lat' dir='ltr'><strong>in</strong></span> <span class='ocrx_word' id='word_1_451' title='bbox 4489 3168 4857 3222; x_wconf 83' lang='lat' dir='ltr'><strong>Vitromarum</strong></span> <span class='ocrx_word' id='word_1_452' title='bbox 4910 3158 5333 3236; x_wconf 81' lang='lat' dir='ltr'><strong>[Virdomarum]</strong></span> <span class='ocrx_word' id='word_1_453' title='bbox 5378 3176 5556 3234; x_wconf 84' lang='lat' dir='ltr'><strong>regem</strong></span> <span class='ocrx_word' id='word_1_454' title='bbox 5606 3160 5786 3215; x_wconf 87' lang='lat' dir='ltr'><strong>illorum</strong></span> 
     </span>
    </p>
   </div>
   <div class='ocr_carea' id='block_1_60' title="bbox 4246 3254 5790 3327">
    <p class='ocr_par' dir='ltr' id='par_1_60' title="bbox 4246 3254 5790 3327">
     <span class='ocr_line' id='line_1_60' title="bbox 4246 3254 5790 3327; baseline -0.008 -14"><span class='ocrx_word' id='word_1_455' title='bbox 4246 3268 4502 3327; x_wconf 88' lang='lat' dir='ltr'><strong>tanquam</strong></span> <span class='ocrx_word' id='word_1_456' title='bbox 4540 3256 4738 3311; x_wconf 90' lang='lat' dir='ltr'><strong>fulmen</strong></span> <span class='ocrx_word' id='word_1_457' title='bbox 4787 3254 5217 3311; x_wconf 88' lang='lat' dir='ltr'><strong>ferventissimus</strong></span> <span class='ocrx_word' id='word_1_458' title='bbox 5264 3254 5450 3308; x_wconf 87' lang='lat' dir='ltr'><strong>irruit:</strong></span> <span class='ocrx_word' id='word_1_459' title='bbox 5478 3267 5648 3322; x_wconf 88' lang='lat' dir='ltr'><strong>eoque</strong></span> <span class='ocrx_word' id='word_1_460' title='bbox 5693 3260 5790 3316; x_wconf 82' lang='lat' dir='ltr'><strong>pet-</strong></span> 
     </span>
    </p>
   </div>
   <div class='ocr_carea' id='block_1_61' title="bbox 4242 3340 5789 3439">
    <p class='ocr_par' dir='ltr' id='par_1_61' title="bbox 4242 3340 5789 3439">
     <span class='ocr_line' id='line_1_61' title="bbox 4242 3340 5789 3439; baseline -0.008 -36"><span class='ocrx_word' id='word_1_461' title='bbox 4242 3357 4451 3417; x_wconf 86' lang='lat' dir='ltr'><strong>empto,</strong></span> <span class='ocrx_word' id='word_1_462' title='bbox 4498 3348 4760 3418; x_wconf 85' lang='lat' dir='ltr'><strong>plurimas</strong></span> <span class='ocrx_word' id='word_1_463' title='bbox 4809 3360 5022 3416; x_wconf 89' lang='lat' dir='ltr'><strong>quoque</strong></span> <span class='ocrx_word' id='word_1_464' title='bbox 5072 3360 5194 3400; x_wconf 91' lang='lat' dir='ltr'><strong>cum</strong></span> <span class='ocrx_word' id='word_1_465' title='bbox 5237 3344 5434 3439; x_wconf 79' lang='lat' dir='ltr'><strong>collega</strong></span> <span class='ocrx_word' id='word_1_466' title='bbox 5462 3358 5591 3407; x_wconf 88' lang='lat' dir='ltr'><strong>suo,</strong></span> <span class='ocrx_word' id='word_1_467' title='bbox 5636 3340 5789 3395; x_wconf 77' lang='lat' dir='ltr'><strong>Marco</strong></span> 
     </span>
    </p>
   </div>
   <div class='ocr_carea' id='block_1_62' title="bbox 2553 3412 5791 3510">
    <p class='ocr_par' dir='ltr' id='par_1_62' title="bbox 2553 3412 5791 3510">
     <span class='ocr_line' id='line_1_62' title="bbox 2553 3412 5791 3510; baseline -0 -19"><span class='ocrx_word' id='word_1_468' title='bbox 2553 3412 2743 3491; x_wconf 77' lang='lat' dir='ltr'><strong>Iiciunt</strong></span> <span class='ocrx_word' id='word_1_469' title='bbox 2805 3435 3175 3506; x_wconf 89' lang='lat' dir='ltr'><strong>voluptatem,</strong></span> <span class='ocrx_word' id='word_1_470' title='bbox 3242 3447 3302 3490; x_wconf 91' lang='lat' dir='ltr'><strong>ut</strong></span> <span class='ocrx_word' id='word_1_471' title='bbox 3374 3437 3627 3491; x_wconf 89' lang='lat' dir='ltr'><strong>nimirum</strong></span> <span class='ocrx_word' id='word_1_472' title='bbox 3693 3412 4137 3508; x_wconf 40' lang='lat' dir='ltr'><strong>concupisce—litim</strong></span> <span class='ocrx_word' id='word_1_473' title='bbox 4165 3412 4208 3474; x_wconf 58' lang='grc' dir='ltr'><strong>(ί</strong></span> <span class='ocrx_word' id='word_1_474' title='bbox 4244 3412 4514 3497; x_wconf 48' lang='lat' dir='ltr'><strong>videlicet-</strong></span> <span class='ocrx_word' id='word_1_475' title='bbox 4538 3412 5087 3510; x_wconf 41' lang='lat' dir='ltr'><strong>Scipione,—bostium</strong></span> <span class='ocrx_word' id='word_1_476' title='bbox 5117 3438 5302 3508; x_wconf 91' lang='lat' dir='ltr'><strong>copias</strong></span> <span class='ocrx_word' id='word_1_477' title='bbox 5348 3412 5638 3493; x_wconf 65' lang='lat' dir='ltr'><strong>interemit.</strong></span> <span class='ocrx_word' id='word_1_478' title='bbox 5673 3430 5791 3500; x_wconf 77' lang='lat' dir='ltr'><strong>Quid</strong></span> 
     </span>
    </p>
   </div>
   <div class='ocr_carea' id='block_1_63' title="bbox 2551 3531 4134 3601">
    <p class='ocr_par' dir='ltr' id='par_1_63' title="bbox 2551 3531 4134 3601">
     <span class='ocr_line' id='line_1_63' title="bbox 2551 3531 4134 3601; baseline 0.001 -16"><span class='ocrx_word' id='word_1_479' title='bbox 2551 3531 2812 3597; x_wconf 81' lang='lat' dir='ltr'><strong>ﬂamma,</strong></span> <span class='ocrx_word' id='word_1_480' title='bbox 2881 3546 3001 3601; x_wconf 75' lang='lat' dir='ltr'><strong>quae</strong></span> <span class='ocrx_word' id='word_1_481' title='bbox 3068 3539 3320 3599; x_wconf 90' lang='lat' dir='ltr'><strong>tanquam</strong></span> <span class='ocrx_word' id='word_1_482' title='bbox 3380 3544 3443 3584; x_wconf 85' lang='lat' dir='ltr'><strong>ex</strong></span> <span class='ocrx_word' id='word_1_483' title='bbox 3524 3531 3739 3586; x_wconf 88' lang='lat' dir='ltr'><strong>camino</strong></span> <span class='ocrx_word' id='word_1_484' title='bbox 3807 3531 4134 3599; x_wconf 87' lang='lat' dir='ltr'><strong>Chaldaico,</strong></span> 
     </span>
    </p>
   </div>
   <div class='ocr_carea' id='block_1_64' title="bbox 2552 3622 4136 3699">
    <p class='ocr_par' dir='ltr' id='par_1_64' title="bbox 2552 3622 4136 3699">
     <span class='ocr_line' id='line_1_64' title="bbox 2552 3622 4136 3699; baseline -0.001 -20"><span class='ocrx_word' id='word_1_485' title='bbox 2552 3624 2799 3699; x_wconf 59' lang='lat' dir='ltr'><strong>aestuanti</strong></span> <span class='ocrx_word' id='word_1_486' title='bbox 2833 3635 3018 3679; x_wconf 91' lang='lat' dir='ltr'><strong>eorum</strong></span> <span class='ocrx_word' id='word_1_487' title='bbox 3059 3632 3267 3687; x_wconf 89' lang='lat' dir='ltr'><strong>mente,</strong></span> <span class='ocrx_word' id='word_1_488' title='bbox 3300 3623 3658 3693; x_wconf 87' lang='lat' dir='ltr'><strong>progreditur,</strong></span> <span class='ocrx_word' id='word_1_489' title='bbox 3706 3622 3773 3676; x_wconf 91' lang='lat' dir='ltr'><strong>ad</strong></span> <span class='ocrx_word' id='word_1_490' title='bbox 3826 3624 4022 3693; x_wconf 89' lang='lat' dir='ltr'><strong>septies</strong></span> <span class='ocrx_word' id='word_1_491' title='bbox 4050 3639 4136 3679; x_wconf 84' lang='lat' dir='ltr'><strong>se-</strong></span> 
     </span>
    </p>
   </div>
   <div class='ocr_carea' id='block_1_65' title="bbox 2548 3710 4136 3784">
    <p class='ocr_par' dir='ltr' id='par_1_65' title="bbox 2548 3710 4136 3784">
     <span class='ocr_line' id='line_1_65' title="bbox 2548 3710 4136 3784; baseline 0.001 -16"><span class='ocrx_word' id='word_1_492' title='bbox 2548 3721 2698 3784; x_wconf 81' lang='lat' dir='ltr'><strong>ptem</strong></span> <span class='ocrx_word' id='word_1_493' title='bbox 2725 3712 2887 3782; x_wconf 86' lang='lat' dir='ltr'><strong>(Dan.</strong></span> <span class='ocrx_word' id='word_1_494' title='bbox 2918 3710 3021 3782; x_wconf 86' lang='lat' dir='ltr'><strong>tu),</strong></span> <span class='ocrx_word' id='word_1_495' title='bbox 3048 3713 3150 3767; x_wconf 88' lang='lat' dir='ltr'><strong>hoc</strong></span> <span class='ocrx_word' id='word_1_496' title='bbox 3174 3724 3257 3767; x_wconf 90' lang='lat' dir='ltr'><strong>est</strong></span> <span class='ocrx_word' id='word_1_497' title='bbox 3282 3713 3347 3766; x_wconf 88' lang='lat' dir='ltr'><strong>ad</strong></span> <span class='ocrx_word' id='word_1_498' title='bbox 3377 3713 3732 3783; x_wconf 84' lang='lat' dir='ltr'><strong>quadraginta</strong></span> <span class='ocrx_word' id='word_1_499' title='bbox 3765 3729 3982 3779; x_wconf 89' lang='lat' dir='ltr'><strong>novem,</strong></span> <span class='ocrx_word' id='word_1_500' title='bbox 4008 3731 4136 3769; x_wconf 88' lang='lat' dir='ltr'><strong>cou-</strong></span> 
     </span>
    </p>
   </div>
   <div class='ocr_carea' id='block_1_66' title="bbox 2550 3802 4137 3874">
    <p class='ocr_par' dir='ltr' id='par_1_66' title="bbox 2550 3802 4137 3874">
     <span class='ocr_line' id='line_1_66' title="bbox 2550 3802 4137 3874; baseline 0.001 -15"><span class='ocrx_word' id='word_1_501' title='bbox 2550 3817 2773 3872; x_wconf 71' lang='lat' dir='ltr'><strong>surgere</strong></span> <span class='ocrx_word' id='word_1_502' title='bbox 2804 3802 3090 3867; x_wconf 87' lang='lat' dir='ltr'><strong>videatur;</strong></span> <span class='ocrx_word' id='word_1_503' title='bbox 3134 3802 3227 3856; x_wconf 91' lang='lat' dir='ltr'><strong>sed</strong></span> <span class='ocrx_word' id='word_1_504' title='bbox 3270 3803 3521 3871; x_wconf 88' lang='lat' dir='ltr'><strong>quoniam</strong></span> <span class='ocrx_word' id='word_1_505' title='bbox 3566 3803 3633 3856; x_wconf 85' lang='lat' dir='ltr'><strong>ad</strong></span> <span class='ocrx_word' id='word_1_506' title='bbox 3682 3803 3966 3871; x_wconf 90' lang='lat' dir='ltr'><strong>unitatem,</strong></span> <span class='ocrx_word' id='word_1_507' title='bbox 4018 3821 4137 3874; x_wconf 79' lang='lat' dir='ltr'><strong>quae</strong></span> 
     </span>
    </p>
   </div>
   <div class='ocr_carea' id='block_1_67' title="bbox 2547 3892 4134 3961">
    <p class='ocr_par' dir='ltr' id='par_1_67' title="bbox 2547 3892 4134 3961">
     <span class='ocr_line' id='line_1_67' title="bbox 2547 3892 4134 3961; baseline 0.002 -14"><span class='ocrx_word' id='word_1_508' title='bbox 2547 3892 2693 3948; x_wconf 91' lang='lat' dir='ltr'><strong>Deus</strong></span> <span class='ocrx_word' id='word_1_509' title='bbox 2727 3902 2831 3958; x_wconf 91' lang='lat' dir='ltr'><strong>est,</strong></span> <span class='ocrx_word' id='word_1_510' title='bbox 2856 3908 2922 3948; x_wconf 83' lang='lat' dir='ltr'><strong>ex</strong></span> <span class='ocrx_word' id='word_1_511' title='bbox 2950 3892 3144 3947; x_wconf 90' lang='lat' dir='ltr'><strong>mentis</strong></span> <span class='ocrx_word' id='word_1_512' title='bbox 3174 3892 3469 3947; x_wconf 84' lang='lat' dir='ltr'><strong>intentione</strong></span> <span class='ocrx_word' id='word_1_513' title='bbox 3492 3908 3595 3947; x_wconf 89' lang='lat' dir='ltr'><strong>non</strong></span> <span class='ocrx_word' id='word_1_514' title='bbox 3629 3892 3876 3961; x_wconf 91' lang='lat' dir='ltr'><strong>tendunt,</strong></span> <span class='ocrx_word' id='word_1_515' title='bbox 3904 3894 3971 3949; x_wconf 90' lang='lat' dir='ltr'><strong>ad</strong></span> <span class='ocrx_word' id='word_1_516' title='bbox 3992 3895 4134 3950; x_wconf 88' lang='lat' dir='ltr'><strong>beati</strong></span> 
     </span>
    </p>
   </div>
   <div class='ocr_carea' id='block_1_68' title="bbox 2549 3982 3668 4055">
    <p class='ocr_par' dir='ltr' id='par_1_68' title="bbox 2549 3982 3668 4055">
     <span class='ocr_line' id='line_1_68' title="bbox 2549 3982 3668 4055; baseline -0.003 -15"><span class='ocrx_word' id='word_1_517' title='bbox 2549 3982 2759 4040; x_wconf 74' lang='lat' dir='ltr'><strong>Jubiltei</strong></span> <span class='ocrx_word' id='word_1_518' title='bbox 2787 3982 3173 4055; x_wconf 86' lang='lat' dir='ltr'><strong>plenitudinem</strong></span> <span class='ocrx_word' id='word_1_519' title='bbox 3203 3999 3309 4038; x_wconf 90' lang='lat' dir='ltr'><strong>non</strong></span> <span class='ocrx_word' id='word_1_520' title='bbox 3335 3983 3668 4054; x_wconf 87' lang='lat' dir='ltr'><strong>pervenient.</strong></span> 
     </span>
    </p>
   </div>
   <div class='ocr_carea' id='block_1_69' title="bbox 3154 4074 3525 4131">
    <p class='ocr_par' dir='ltr' id='par_1_69' title="bbox 3154 4074 3525 4131">
     <span class='ocr_line' id='line_1_69' title="bbox 3154 4074 3525 4131; baseline 0.003 -1"><span class='ocrx_word' id='word_1_521' title='bbox 3154 4074 3384 4131; x_wconf 84' lang='lat' dir='ltr'><strong>CAPUT</strong></span> <span class='ocrx_word' id='word_1_522' title='bbox 3434 4076 3525 4131; x_wconf 84' lang='lat' dir='ltr'><strong>lV.</strong></span> 
     </span>
    </p>
   </div>
   <div class='ocr_carea' id='block_1_70' title="bbox 2837 4171 3845 4243">
    <p class='ocr_par' dir='ltr' id='par_1_70' title="bbox 2837 4171 3845 4243">
     <span class='ocr_line' id='line_1_70' title="bbox 2837 4171 3845 4243; baseline 0 -17"><span class='ocrx_word' id='word_1_523' title='bbox 2837 4171 3112 4237; x_wconf 81' lang='lat' dir='ltr'><strong>Quomodo</strong></span> <span class='ocrx_word' id='word_1_524' title='bbox 3143 4171 3281 4226; x_wconf 82' lang='lat' dir='ltr'><strong>Deus</strong></span> <span class='ocrx_word' id='word_1_525' title='bbox 3310 4173 3365 4226; x_wconf 78' lang='lat' dir='ltr'><strong>in</strong></span> <span class='ocrx_word' id='word_1_526' title='bbox 3409 4172 3554 4227; x_wconf 78' lang='lat' dir='ltr'><strong>nobis</strong></span> <span class='ocrx_word' id='word_1_527' title='bbox 3594 4173 3845 4243; x_wconf 78' lang='lat' dir='ltr'><strong>quiescat.</strong></span> 
     </span>
    </p>
   </div>
   <div class='ocr_carea' id='block_1_71' title="bbox 2618 4262 4133 4335">
    <p class='ocr_par' dir='ltr' id='par_1_71' title="bbox 2618 4262 4133 4335">
     <span class='ocr_line' id='line_1_71' title="bbox 2618 4262 4133 4335; baseline -0.001 -14"><span class='ocrx_word' id='word_1_528' title='bbox 2618 4262 2729 4321; x_wconf 85' lang='lat' dir='ltr'><strong>Sed</strong></span> <span class='ocrx_word' id='word_1_529' title='bbox 2756 4263 2848 4334; x_wconf 89' lang='lat' dir='ltr'><strong>qui</strong></span> <span class='ocrx_word' id='word_1_530' title='bbox 2873 4263 3157 4319; x_wconf 72' lang='lat' dir='ltr'><strong>Jubilieum</strong></span> <span class='ocrx_word' id='word_1_531' title='bbox 3187 4262 3318 4329; x_wconf 90' lang='lat' dir='ltr'><strong>Deo,</strong></span> <span class='ocrx_word' id='word_1_532' title='bbox 3368 4263 3470 4319; x_wconf 83' lang='lat' dir='ltr'><strong>hoc</strong></span> <span class='ocrx_word' id='word_1_533' title='bbox 3497 4273 3579 4319; x_wconf 92' lang='lat' dir='ltr'><strong>est</strong></span> <span class='ocrx_word' id='word_1_534' title='bbox 3627 4264 3893 4333; x_wconf 91' lang='lat' dir='ltr'><strong>requiem,</strong></span> <span class='ocrx_word' id='word_1_535' title='bbox 3936 4264 4133 4335; x_wconf 67' lang='lat' dir='ltr'><strong>qureri-</strong></span> 
     </span>
    </p>
   </div>
   <div class='ocr_carea' id='block_1_72' title="bbox 2548 4351 4127 4424">
    <p class='ocr_par' dir='ltr' id='par_1_72' title="bbox 2548 4351 4127 4424">
     <span class='ocr_line' id='line_1_72' title="bbox 2548 4351 4127 4424; baseline -0.003 -12"><span class='ocrx_word' id='word_1_536' title='bbox 2548 4369 2692 4423; x_wconf 86' lang='lat' dir='ltr'><strong>mus,</strong></span> <span class='ocrx_word' id='word_1_537' title='bbox 2724 4363 2778 4410; x_wconf 90' lang='lat' dir='ltr'><strong>et</strong></span> <span class='ocrx_word' id='word_1_538' title='bbox 2802 4354 2905 4424; x_wconf 89' lang='lat' dir='ltr'><strong>ipsi</strong></span> <span class='ocrx_word' id='word_1_539' title='bbox 2934 4351 3217 4409; x_wconf 81' lang='lat' dir='ltr'><strong>Jubilaeum</strong></span> <span class='ocrx_word' id='word_1_540' title='bbox 3248 4352 3359 4408; x_wconf 87' lang='lat' dir='ltr'><strong>Deo</strong></span> <span class='ocrx_word' id='word_1_541' title='bbox 3388 4353 3439 4407; x_wconf 92' lang='lat' dir='ltr'><strong>in</strong></span> <span class='ocrx_word' id='word_1_542' title='bbox 3483 4353 3638 4409; x_wconf 88' lang='lat' dir='ltr'><strong>nobis</strong></span> <span class='ocrx_word' id='word_1_543' title='bbox 3665 4352 3924 4409; x_wconf 80' lang='lat' dir='ltr'><strong>exhibere</strong></span> <span class='ocrx_word' id='word_1_544' title='bbox 3965 4354 4127 4408; x_wconf 89' lang='lat' dir='ltr'><strong>debe-</strong></span> 
     </span>
    </p>
   </div>
   <div class='ocr_carea' id='block_1_73' title="bbox 2546 4445 4129 4517">
    <p class='ocr_par' dir='ltr' id='par_1_73' title="bbox 2546 4445 4129 4517">
     <span class='ocr_line' id='line_1_73' title="bbox 2546 4445 4129 4517; baseline -0.003 -12"><span class='ocrx_word' id='word_1_545' title='bbox 2546 4462 2686 4505; x_wconf 86' lang='lat' dir='ltr'><strong>mus.</strong></span> <span class='ocrx_word' id='word_1_546' title='bbox 2716 4446 2775 4501; x_wconf 92' lang='lat' dir='ltr'><strong>ln</strong></span> <span class='ocrx_word' id='word_1_547' title='bbox 2812 4447 2965 4517; x_wconf 89' lang='lat' dir='ltr'><strong>cujus</strong></span> <span class='ocrx_word' id='word_1_548' title='bbox 2990 4446 3133 4500; x_wconf 89' lang='lat' dir='ltr'><strong>enim</strong></span> <span class='ocrx_word' id='word_1_549' title='bbox 3162 4445 3324 4501; x_wconf 90' lang='lat' dir='ltr'><strong>corde</strong></span> <span class='ocrx_word' id='word_1_550' title='bbox 3358 4446 3495 4501; x_wconf 88' lang='lat' dir='ltr'><strong>Deus</strong></span> <span class='ocrx_word' id='word_1_551' title='bbox 3525 4446 3577 4500; x_wconf 90' lang='lat' dir='ltr'><strong>in</strong></span> <span class='ocrx_word' id='word_1_552' title='bbox 3611 4445 3715 4501; x_wconf 89' lang='lat' dir='ltr'><strong>bac</strong></span> <span class='ocrx_word' id='word_1_553' title='bbox 3744 4445 3854 4499; x_wconf 88' lang='lat' dir='ltr'><strong>vita</strong></span> <span class='ocrx_word' id='word_1_554' title='bbox 3885 4447 4129 4515; x_wconf 89' lang='lat' dir='ltr'><strong>requies-</strong></span> 
     </span>
    </p>
   </div>
   <div class='ocr_carea' id='block_1_74' title="bbox 2548 4534 4125 4607">
    <p class='ocr_par' dir='ltr' id='par_1_74' title="bbox 2548 4534 4125 4607">
     <span class='ocr_line' id='line_1_74' title="bbox 2548 4534 4125 4607; baseline -0.002 -12"><span class='ocrx_word' id='word_1_555' title='bbox 2548 4551 2675 4595; x_wconf 79' lang='lat' dir='ltr'><strong>cere</strong></span> <span class='ocrx_word' id='word_1_556' title='bbox 2695 4551 2799 4592; x_wconf 91' lang='lat' dir='ltr'><strong>non</strong></span> <span class='ocrx_word' id='word_1_557' title='bbox 2824 4536 3176 4607; x_wconf 88' lang='lat' dir='ltr'><strong>permittitur,</strong></span> <span class='ocrx_word' id='word_1_558' title='bbox 3200 4535 3247 4591; x_wconf 90' lang='lat' dir='ltr'><strong>ei</strong></span> <span class='ocrx_word' id='word_1_559' title='bbox 3274 4535 3610 4606; x_wconf 88' lang='lat' dir='ltr'><strong>postmodum</strong></span> <span class='ocrx_word' id='word_1_560' title='bbox 3636 4534 3873 4591; x_wconf 62' lang='lat' dir='ltr'><strong>celestis</strong></span> <span class='ocrx_word' id='word_1_561' title='bbox 3892 4537 4015 4591; x_wconf 66' lang='lat' dir='ltr'><strong>vitae</strong></span> <span class='ocrx_word' id='word_1_562' title='bbox 4038 4552 4125 4592; x_wconf 90' lang='lat' dir='ltr'><strong>re-</strong></span> 
     </span>
    </p>
   </div>
   <div class='ocr_carea' id='block_1_75' title="bbox 2545 4625 4125 4699">
    <p class='ocr_par' dir='ltr' id='par_1_75' title="bbox 2545 4625 4125 4699">
     <span class='ocr_line' id='line_1_75' title="bbox 2545 4625 4125 4699; baseline 0 -15"><span class='ocrx_word' id='word_1_563' title='bbox 2545 4628 2723 4699; x_wconf 87' lang='lat' dir='ltr'><strong>quiem</strong></span> <span class='ocrx_word' id='word_1_564' title='bbox 2746 4643 2852 4683; x_wconf 92' lang='lat' dir='ltr'><strong>non</strong></span> <span class='ocrx_word' id='word_1_565' title='bbox 2897 4626 3139 4697; x_wconf 88' lang='lat' dir='ltr'><strong>largitur.</strong></span> <span class='ocrx_word' id='word_1_566' title='bbox 3168 4625 3415 4697; x_wconf 80' lang='lat' dir='ltr'><strong>Nunquid</strong></span> <span class='ocrx_word' id='word_1_567' title='bbox 3461 4628 3602 4682; x_wconf 91' lang='lat' dir='ltr'><strong>enim</strong></span> <span class='ocrx_word' id='word_1_568' title='bbox 3644 4627 3697 4681; x_wconf 90' lang='lat' dir='ltr'><strong>iu</strong></span> <span class='ocrx_word' id='word_1_569' title='bbox 3728 4627 3882 4681; x_wconf 88' lang='lat' dir='ltr'><strong>nobis</strong></span> <span class='ocrx_word' id='word_1_570' title='bbox 3914 4625 4125 4684; x_wconf 73' lang='lat' dir='ltr'><strong>Jubilzei</strong></span> 
     </span>
    </p>
   </div>
   <div class='ocr_carea' id='block_1_76' title="bbox 2547 4717 4119 4789">
    <p class='ocr_par' dir='ltr' id='par_1_76' title="bbox 2547 4717 4119 4789">
     <span class='ocr_line' id='line_1_76' title="bbox 2547 4717 4119 4789; baseline 0 -16"><span class='ocrx_word' id='word_1_571' title='bbox 2547 4717 2943 4789; x_wconf 88' lang='lat' dir='ltr'><strong>quodammodo</strong></span> <span class='ocrx_word' id='word_1_572' title='bbox 2974 4719 3207 4786; x_wconf 82' lang='lat' dir='ltr'><strong>quietem</strong></span> <span class='ocrx_word' id='word_1_573' title='bbox 3244 4734 3350 4773; x_wconf 92' lang='lat' dir='ltr'><strong>non</strong></span> <span class='ocrx_word' id='word_1_574' title='bbox 3388 4718 3628 4787; x_wconf 80' lang='lat' dir='ltr'><strong>expetit,</strong></span> <span class='ocrx_word' id='word_1_575' title='bbox 3662 4733 3783 4772; x_wconf 79' lang='lat' dir='ltr'><strong>cum</strong></span> <span class='ocrx_word' id='word_1_576' title='bbox 3808 4732 3904 4788; x_wconf 89' lang='lat' dir='ltr'><strong>per</strong></span> <span class='ocrx_word' id='word_1_577' title='bbox 3928 4717 4119 4774; x_wconf 89' lang='lat' dir='ltr'><strong>lsaiam</strong></span> 
     </span>
    </p>
   </div>
   <div class='ocr_carea' id='block_1_77' title="bbox 2544 4806 4119 4878">
    <p class='ocr_par' dir='ltr' id='par_1_77' title="bbox 2544 4806 4119 4878">
     <span class='ocr_line' id='line_1_77' title="bbox 2544 4806 4119 4878; baseline -0.001 -13"><span class='ocrx_word' id='word_1_578' title='bbox 2544 4808 2740 4865; x_wconf 86' lang='lat' dir='ltr'><strong>dicitur</strong></span> <span class='ocrx_word' id='word_1_579' title='bbox 2764 4825 2776 4860; x_wconf 91' lang='lat'><strong>:</strong></span> <span class='ocrx_word' id='word_1_580' title='bbox 2808 4825 2825 4857; x_wconf 75' lang='grc' dir='ltr'>ι</span> <span class='ocrx_word' id='word_1_581' title='bbox 2856 4806 3028 4875; x_wconf 85' lang='lat' dir='ltr'><strong>Super</strong></span> <span class='ocrx_word' id='word_1_582' title='bbox 3047 4821 3203 4874; x_wconf 89' lang='lat' dir='ltr'><strong>quem</strong></span> <span class='ocrx_word' id='word_1_583' title='bbox 3231 4808 3535 4877; x_wconf 84' lang='lat' dir='ltr'><strong>requiescet</strong></span> <span class='ocrx_word' id='word_1_584' title='bbox 3558 4806 3793 4878; x_wconf 90' lang='lat' dir='ltr'><strong>Spiritus</strong></span> <span class='ocrx_word' id='word_1_585' title='bbox 3821 4823 3991 4875; x_wconf 91' lang='lat' dir='ltr'><strong>meus,</strong></span> <span class='ocrx_word' id='word_1_586' title='bbox 4018 4810 4119 4864; x_wconf 92' lang='lat' dir='ltr'><strong>nisi</strong></span> 
     </span>
    </p>
   </div>
   <div class='ocr_carea' id='block_1_78' title="bbox 2542 4895 4120 4967">
    <p class='ocr_par' dir='ltr' id='par_1_78' title="bbox 2542 4895 4120 4967">
     <span class='ocr_line' id='line_1_78' title="bbox 2542 4895 4120 4967; baseline 0.003 -15"><span class='ocrx_word' id='word_1_587' title='bbox 2542 4911 2707 4967; x_wconf 86' lang='lat' dir='ltr'><strong>super</strong></span> <span class='ocrx_word' id='word_1_588' title='bbox 2730 4895 2989 4950; x_wconf 88' lang='lat' dir='ltr'><strong>humilem</strong></span> <span class='ocrx_word' id='word_1_589' title='bbox 3036 4903 3091 4949; x_wconf 89' lang='lat' dir='ltr'><strong>et</strong></span> <span class='ocrx_word' id='word_1_590' title='bbox 3122 4897 3383 4965; x_wconf 90' lang='lat' dir='ltr'><strong>quietum,</strong></span> <span class='ocrx_word' id='word_1_591' title='bbox 3410 4905 3464 4951; x_wconf 90' lang='lat' dir='ltr'><strong>et</strong></span> <span class='ocrx_word' id='word_1_592' title='bbox 3494 4907 3813 4953; x_wconf 89' lang='lat' dir='ltr'><strong>trementem</strong></span> <span class='ocrx_word' id='word_1_593' title='bbox 3841 4915 4120 4956; x_wconf 88' lang='lat' dir='ltr'><strong>sermones</strong></span> 
     </span>
    </p>
   </div>
   <div class='ocr_carea' id='block_1_79' title="bbox 2541 4984 4121 5059">
    <p class='ocr_par' dir='ltr' id='par_1_79' title="bbox 2541 4984 4121 5059">
     <span class='ocr_line' id='line_1_79' title="bbox 2541 4984 4121 5059; baseline 0.003 -18"><span class='ocrx_word' id='word_1_594' title='bbox 2541 4986 2732 5041; x_wconf 85' lang='lat' dir='ltr'><strong>meos?</strong></span> <span class='ocrx_word' id='word_1_595' title='bbox 2774 5004 2792 5037; x_wconf 77' lang='grc' dir='ltr'><strong>ι</strong></span> <span class='ocrx_word' id='word_1_596' title='bbox 2829 4984 2990 5053; x_wconf 81' lang='lat' dir='ltr'><strong>(Isai.</strong></span> <span class='ocrx_word' id='word_1_597' title='bbox 3017 4985 3192 5055; x_wconf 76' lang='lat' dir='ltr'><strong>vat.)</strong></span> <span class='ocrx_word' id='word_1_598' title='bbox 3228 4986 3474 5055; x_wconf 80' lang='lat' dir='ltr'><strong>Nunquid</strong></span> <span class='ocrx_word' id='word_1_599' title='bbox 3504 4994 3557 5040; x_wconf 89' lang='lat' dir='ltr'><strong>et</strong></span> <span class='ocrx_word' id='word_1_600' title='bbox 3587 4986 3829 5041; x_wconf 82' lang='lat' dir='ltr'><strong>columba</strong></span> <span class='ocrx_word' id='word_1_601' title='bbox 3863 4988 3970 5055; x_wconf 89' lang='lat' dir='ltr'><strong>illa,</strong></span> <span class='ocrx_word' id='word_1_602' title='bbox 4002 5006 4121 5059; x_wconf 72' lang='lat' dir='ltr'><strong>qua:</strong></span> 
     </span>
    </p>
   </div>
   <div class='ocr_carea' id='block_1_80' title="bbox 2550 5073 4118 5147">
    <p class='ocr_par' dir='ltr' id='par_1_80' title="bbox 2550 5073 4118 5147">
     <span class='ocr_line' id='line_1_80' title="bbox 2550 5073 4118 5147; baseline 0.003 -17"><span class='ocrx_word' id='word_1_603' title='bbox 2550 5084 2679 5130; x_wconf 88' lang='lat' dir='ltr'><strong>tunc</strong></span> <span class='ocrx_word' id='word_1_604' title='bbox 2714 5076 2958 5130; x_wconf 83' lang='lat' dir='ltr'><strong>eumdem</strong></span> <span class='ocrx_word' id='word_1_605' title='bbox 2999 5073 3253 5143; x_wconf 83' lang='lat' dir='ltr'><strong>Spiritum</strong></span> <span class='ocrx_word' id='word_1_606' title='bbox 3302 5076 3679 5147; x_wconf 72' lang='lat' dir='ltr'><strong>prazsignabat,</strong></span> <span class='ocrx_word' id='word_1_607' title='bbox 3727 5078 3963 5147; x_wconf 80' lang='lat' dir='ltr'><strong>requiem</strong></span> <span class='ocrx_word' id='word_1_608' title='bbox 4016 5096 4118 5135; x_wconf 92' lang='lat' dir='ltr'><strong>non</strong></span> 
     </span>
    </p>
   </div>
   <div class='ocr_carea' id='block_1_81' title="bbox 2544 5166 4120 5237">
    <p class='ocr_par' dir='ltr' id='par_1_81' title="bbox 2544 5166 4120 5237">
     <span class='ocr_line' id='line_1_81' title="bbox 2544 5166 4120 5237; baseline 0.004 -19"><span class='ocrx_word' id='word_1_609' title='bbox 2544 5166 2861 5236; x_wconf 66' lang='lat' dir='ltr'><strong>quaerebat?</strong></span> <span class='ocrx_word' id='word_1_610' title='bbox 2890 5166 2965 5219; x_wconf 92' lang='lat' dir='ltr'><strong>De</strong></span> <span class='ocrx_word' id='word_1_611' title='bbox 2990 5183 3094 5235; x_wconf 82' lang='lat' dir='ltr'><strong>qua</strong></span> <span class='ocrx_word' id='word_1_612' title='bbox 3119 5167 3311 5237; x_wconf 87' lang='lat' dir='ltr'><strong>legitur</strong></span> <span class='ocrx_word' id='word_1_613' title='bbox 3338 5185 3351 5222; x_wconf 72' lang='grc' dir='ltr'>τ</span> <span class='ocrx_word' id='word_1_614' title='bbox 3382 5186 3399 5219; x_wconf 74' lang='grc' dir='ltr'>ι</span> <span class='ocrx_word' id='word_1_615' title='bbox 3438 5166 3572 5234; x_wconf 85' lang='lat' dir='ltr'><strong>Quia</strong></span> <span class='ocrx_word' id='word_1_616' title='bbox 3594 5183 3716 5221; x_wconf 91' lang='lat' dir='ltr'><strong>cum</strong></span> <span class='ocrx_word' id='word_1_617' title='bbox 3750 5185 3854 5222; x_wconf 88' lang='lat' dir='ltr'><strong>non</strong></span> <span class='ocrx_word' id='word_1_618' title='bbox 3884 5169 4120 5224; x_wconf 66' lang='lat' dir='ltr'><strong>invenis-</strong></span> 
     </span>
    </p>
   </div>
   <div class='ocr_carea' id='block_1_82' title="bbox 2541 5257 4114 5330">
    <p class='ocr_par' dir='ltr' id='par_1_82' title="bbox 2541 5257 4114 5330">
     <span class='ocr_line' id='line_1_82' title="bbox 2541 5257 4114 5330; baseline 0.001 -18"><span class='ocrx_word' id='word_1_619' title='bbox 2541 5267 2625 5313; x_wconf 89' lang='lat' dir='ltr'><strong>set</strong></span> <span class='ocrx_word' id='word_1_620' title='bbox 2659 5258 2747 5311; x_wconf 75' lang='lat' dir='ltr'><strong>ubi</strong></span> <span class='ocrx_word' id='word_1_621' title='bbox 2778 5257 3079 5325; x_wconf 79' lang='lat' dir='ltr'><strong>requiesce:</strong></span> <span class='ocrx_word' id='word_1_622' title='bbox 3093 5268 3137 5313; x_wconf 78' lang='lat' dir='ltr'><strong>:t</strong></span> <span class='ocrx_word' id='word_1_623' title='bbox 3158 5274 3253 5327; x_wconf 90' lang='lat' dir='ltr'><strong>pes</strong></span> <span class='ocrx_word' id='word_1_624' title='bbox 3277 5261 3411 5330; x_wconf 89' lang='lat' dir='ltr'><strong>ejus,</strong></span> <span class='ocrx_word' id='word_1_625' title='bbox 3444 5274 3653 5313; x_wconf 87' lang='lat' dir='ltr'><strong>reversa</strong></span> <span class='ocrx_word' id='word_1_626' title='bbox 3689 5268 3771 5313; x_wconf 86' lang='lat' dir='ltr'><strong>est</strong></span> <span class='ocrx_word' id='word_1_627' title='bbox 3808 5260 3875 5314; x_wconf 91' lang='lat' dir='ltr'><strong>ad</strong></span> <span class='ocrx_word' id='word_1_628' title='bbox 3924 5261 4114 5315; x_wconf 70' lang='lat' dir='ltr'><strong>Nuc&#39;in</strong></span> 
     </span>
    </p>
   </div>
   <div class='ocr_carea' id='block_1_83' title="bbox 2541 5344 4113 5420">
    <p class='ocr_par' dir='ltr' id='par_1_83' title="bbox 2541 5344 4113 5420">
     <span class='ocr_line' id='line_1_83' title="bbox 2541 5344 4113 5420; baseline 0.003 -19"><span class='ocrx_word' id='word_1_629' title='bbox 2541 5362 2723 5401; x_wconf 85' lang='lat' dir='ltr'><strong>arcam</strong></span> <span class='ocrx_word' id='word_1_630' title='bbox 2776 5344 2927 5409; x_wconf 82' lang='lat' dir='ltr'><strong>(Gen.</strong></span> <span class='ocrx_word' id='word_1_631' title='bbox 2973 5346 3113 5417; x_wconf 79' lang='lat' dir='ltr'><strong>vni).</strong></span> <span class='ocrx_word' id='word_1_632' title='bbox 3174 5366 3192 5399; x_wconf 78' lang='grc' dir='ltr'><strong><em>ι</em></strong></span> <span class='ocrx_word' id='word_1_633' title='bbox 3230 5346 3484 5404; x_wconf 86' lang='lat' dir='ltr'><strong>Columba</strong></span> <span class='ocrx_word' id='word_1_634' title='bbox 3534 5350 3727 5419; x_wconf 91' lang='lat' dir='ltr'><strong>quippe</strong></span> <span class='ocrx_word' id='word_1_635' title='bbox 3775 5352 4012 5420; x_wconf 89' lang='lat' dir='ltr'><strong>requiem</strong></span> <span class='ocrx_word' id='word_1_636' title='bbox 4059 5353 4113 5405; x_wconf 90' lang='lat' dir='ltr'><strong>in</strong></span> 
     </span>
    </p>
   </div>
   <div class='ocr_carea' id='block_1_84' title="bbox 2540 5435 4116 5509">
    <p class='ocr_par' dir='ltr' id='par_1_84' title="bbox 2540 5435 4116 5509">
     <span class='ocr_line' id='line_1_84' title="bbox 2540 5435 4116 5509; baseline 0.003 -18"><span class='ocrx_word' id='word_1_637' title='bbox 2540 5436 2724 5491; x_wconf 87' lang='lat' dir='ltr'><strong>mundi</strong></span> <span class='ocrx_word' id='word_1_638' title='bbox 2768 5435 3125 5505; x_wconf 87' lang='lat' dir='ltr'><strong>periclitantis</strong></span> <span class='ocrx_word' id='word_1_639' title='bbox 3146 5451 3283 5506; x_wconf 90' lang='lat' dir='ltr'><strong>aqua</strong></span> <span class='ocrx_word' id='word_1_640' title='bbox 3314 5454 3414 5493; x_wconf 89' lang='lat' dir='ltr'><strong>non</strong></span> <span class='ocrx_word' id='word_1_641' title='bbox 3456 5440 3681 5503; x_wconf 88' lang='lat' dir='ltr'><strong>invenit,</strong></span> <span class='ocrx_word' id='word_1_642' title='bbox 3712 5440 3836 5509; x_wconf 85' lang='lat' dir='ltr'><strong>quia</strong></span> <span class='ocrx_word' id='word_1_643' title='bbox 3884 5440 4116 5509; x_wconf 88' lang='lat' dir='ltr'><strong>Spiritus</strong></span> 
     </span>
    </p>
   </div>
   <div class='ocr_carea' id='block_1_85' title="bbox 2545 5526 4113 5600">
    <p class='ocr_par' dir='ltr' id='par_1_85' title="bbox 2545 5526 4113 5600">
     <span class='ocr_line' id='line_1_85' title="bbox 2545 5526 4113 5600; baseline 0.003 -20"><span class='ocrx_word' id='word_1_644' title='bbox 2545 5535 2771 5581; x_wconf 88' lang='lat' dir='ltr'><strong>sanctus</strong></span> <span class='ocrx_word' id='word_1_645' title='bbox 2811 5526 2864 5580; x_wconf 91' lang='lat' dir='ltr'><strong>in</strong></span> <span class='ocrx_word' id='word_1_646' title='bbox 2889 5527 2973 5581; x_wconf 87' lang='lat' dir='ltr'><strong>his</strong></span> <span class='ocrx_word' id='word_1_647' title='bbox 3018 5527 3111 5596; x_wconf 89' lang='lat' dir='ltr'><strong>qui</strong></span> <span class='ocrx_word' id='word_1_648' title='bbox 3135 5542 3253 5581; x_wconf 90' lang='lat' dir='ltr'><strong>eum</strong></span> <span class='ocrx_word' id='word_1_649' title='bbox 3279 5528 3475 5582; x_wconf 89' lang='lat' dir='ltr'><strong>mundo</strong></span> <span class='ocrx_word' id='word_1_650' title='bbox 3496 5531 3784 5600; x_wconf 89' lang='lat' dir='ltr'><strong>depereunt</strong></span> <span class='ocrx_word' id='word_1_651' title='bbox 3810 5532 4113 5585; x_wconf 87' lang='lat' dir='ltr'><strong>nullatenus</strong></span> 
     </span>
    </p>
   </div>
   <div class='ocr_carea' id='block_1_86' title="bbox 2542 5616 4110 5688">
    <p class='ocr_par' dir='ltr' id='par_1_86' title="bbox 2542 5616 4110 5688">
     <span class='ocr_line' id='line_1_86' title="bbox 2542 5616 4110 5688; baseline 0.001 -16"><span class='ocrx_word' id='word_1_652' title='bbox 2542 5616 2853 5687; x_wconf 88' lang='lat' dir='ltr'><strong>requiescit.</strong></span> <span class='ocrx_word' id='word_1_653' title='bbox 2881 5618 2961 5671; x_wconf 81' lang='lat' dir='ltr'><strong>Ad</strong></span> <span class='ocrx_word' id='word_1_654' title='bbox 2992 5632 3167 5672; x_wconf 88' lang='lat' dir='ltr'><strong>arcam</strong></span> <span class='ocrx_word' id='word_1_655' title='bbox 3188 5632 3335 5683; x_wconf 85' lang='lat' dir='ltr'><strong>vero,</strong></span> <span class='ocrx_word' id='word_1_656' title='bbox 3369 5618 3421 5671; x_wconf 84' lang='lat' dir='ltr'><strong>in</strong></span> <span class='ocrx_word' id='word_1_657' title='bbox 3443 5634 3546 5688; x_wconf 84' lang='lat' dir='ltr'><strong>qua</strong></span> <span class='ocrx_word' id='word_1_658' title='bbox 3574 5631 3728 5674; x_wconf 86' lang='lat' dir='ltr'><strong>erant</strong></span> <span class='ocrx_word' id='word_1_659' title='bbox 3751 5632 3872 5674; x_wconf 91' lang='lat' dir='ltr'><strong>octo</strong></span> <span class='ocrx_word' id='word_1_660' title='bbox 3900 5622 4110 5685; x_wconf 83' lang='lat' dir='ltr'><strong>animae,</strong></span> 
     </span>
    </p>
   </div>
   <div class='ocr_carea' id='block_1_87' title="bbox 2542 5709 4112 5784">
    <p class='ocr_par' dir='ltr' id='par_1_87' title="bbox 2542 5709 4112 5784">
     <span class='ocr_line' id='line_1_87' title="bbox 2542 5709 4112 5784; baseline 0.001 -19"><span class='ocrx_word' id='word_1_661' title='bbox 2542 5709 2787 5765; x_wconf 88' lang='lat' dir='ltr'><strong>columba</strong></span> <span class='ocrx_word' id='word_1_662' title='bbox 2809 5711 3125 5777; x_wconf 89' lang='lat' dir='ltr'><strong>revertitur;</strong></span> <span class='ocrx_word' id='word_1_663' title='bbox 3155 5711 3278 5783; x_wconf 83' lang='lat' dir='ltr'><strong>quia</strong></span> <span class='ocrx_word' id='word_1_664' title='bbox 3304 5712 3355 5765; x_wconf 89' lang='lat' dir='ltr'><strong>in</strong></span> <span class='ocrx_word' id='word_1_665' title='bbox 3386 5710 3490 5766; x_wconf 93' lang='lat' dir='ltr'><strong>illis</strong></span> <span class='ocrx_word' id='word_1_666' title='bbox 3515 5722 3732 5767; x_wconf 87' lang='lat' dir='ltr'><strong>sanctus</strong></span> <span class='ocrx_word' id='word_1_667' title='bbox 3753 5712 3986 5784; x_wconf 88' lang='lat' dir='ltr'><strong>Spiritus</strong></span> <span class='ocrx_word' id='word_1_668' title='bbox 4015 5713 4112 5767; x_wconf 90' lang='lat' dir='ltr'><strong>ha-</strong></span> 
     </span>
    </p>
   </div>
   <div class='ocr_carea' id='block_1_88' title="bbox 2544 5800 4113 5877">
    <p class='ocr_par' dir='ltr' id='par_1_88' title="bbox 2544 5800 4113 5877">
     <span class='ocr_line' id='line_1_88' title="bbox 2544 5800 4113 5877; baseline 0.003 -20"><span class='ocrx_word' id='word_1_669' title='bbox 2544 5800 2714 5857; x_wconf 84' lang='lat' dir='ltr'><strong>bitare</strong></span> <span class='ocrx_word' id='word_1_670' title='bbox 2737 5803 2985 5872; x_wconf 87' lang='lat' dir='ltr'><strong>dignatur</strong></span> <span class='ocrx_word' id='word_1_671' title='bbox 3040 5804 3091 5858; x_wconf 91' lang='lat' dir='ltr'><strong>in</strong></span> <span class='ocrx_word' id='word_1_672' title='bbox 3122 5804 3318 5875; x_wconf 85' lang='lat' dir='ltr'><strong>quibus</strong></span> <span class='ocrx_word' id='word_1_673' title='bbox 3347 5820 3442 5875; x_wconf 89' lang='lat' dir='ltr'><strong>per</strong></span> <span class='ocrx_word' id='word_1_674' title='bbox 3470 5804 3743 5860; x_wconf 85' lang='lat' dir='ltr'><strong>lavacrum</strong></span> <span class='ocrx_word' id='word_1_675' title='bbox 3774 5808 4113 5877; x_wconf 86' lang='lat' dir='ltr'><strong>baptismatis</strong></span> 
     </span>
    </p>
   </div>
   <div class='ocr_carea' id='block_1_89' title="bbox 2471 5893 4108 5969">
    <p class='ocr_par' dir='ltr' id='par_1_89' title="bbox 2471 5893 4108 5969">
     <span class='ocr_line' id='line_1_89' title="bbox 2471 5893 4108 5969; baseline 0.002 -21"><span class='ocrx_word' id='word_1_676' title='bbox 2471 5965 2475 5969; x_wconf 19' lang='grc'>,</span> <span class='ocrx_word' id='word_1_677' title='bbox 2545 5902 2688 5948; x_wconf 90' lang='lat' dir='ltr'><strong>certa</strong></span> <span class='ocrx_word' id='word_1_678' title='bbox 2732 5908 2853 5964; x_wconf 90' lang='lat' dir='ltr'><strong>spes</strong></span> <span class='ocrx_word' id='word_1_679' title='bbox 2879 5902 2963 5950; x_wconf 88' lang='lat' dir='ltr'><strong>est</strong></span> <span class='ocrx_word' id='word_1_680' title='bbox 3005 5893 3172 5949; x_wconf 67' lang='lat' dir='ltr'><strong>beatae</strong></span> <span class='ocrx_word' id='word_1_681' title='bbox 3202 5896 3630 5952; x_wconf 84' lang='lat' dir='ltr'><strong>resurrectionis.</strong></span> <span class='ocrx_word' id='word_1_682' title='bbox 3675 5894 3823 5952; x_wconf 90' lang='lat' dir='ltr'><strong>Unde</strong></span> <span class='ocrx_word' id='word_1_683' title='bbox 3850 5898 4108 5968; x_wconf 86' lang='lat' dir='ltr'><strong>scriptum</strong></span> 
     </span>
    </p>
   </div>
   <div class='ocr_carea' id='block_1_90' title="bbox 2544 5985 4103 6062">
    <p class='ocr_par' dir='ltr' id='par_1_90' title="bbox 2544 5985 4103 6062">
     <span class='ocr_line' id='line_1_90' title="bbox 2544 5985 4103 6062; baseline 0.006 -26"><span class='ocrx_word' id='word_1_684' title='bbox 2544 5995 2622 6041; x_wconf 83' lang='lat' dir='ltr'><strong>est</strong></span> <span class='ocrx_word' id='word_1_685' title='bbox 2650 6004 2660 6041; x_wconf 91' lang='lat'>:</span> <span class='ocrx_word' id='word_1_686' title='bbox 2693 6004 2713 6038; x_wconf 80' lang='grc' dir='ltr'>ι</span> <span class='ocrx_word' id='word_1_687' title='bbox 2749 5985 2980 6057; x_wconf 82' lang='lat' dir='ltr'><strong>Spiritus</strong></span> <span class='ocrx_word' id='word_1_688' title='bbox 3006 5988 3097 6045; x_wconf 91' lang='lat' dir='ltr'><strong>Dei</strong></span> <span class='ocrx_word' id='word_1_689' title='bbox 3126 5988 3397 6046; x_wconf 87' lang='lat' dir='ltr'><strong>ferebatur</strong></span> <span class='ocrx_word' id='word_1_690' title='bbox 3425 6006 3585 6062; x_wconf 90' lang='lat' dir='ltr'><strong>super</strong></span> <span class='ocrx_word' id='word_1_691' title='bbox 3614 6005 3782 6061; x_wconf 87' lang='lat' dir='ltr'><strong>aquas</strong></span> <span class='ocrx_word' id='word_1_692' title='bbox 3804 5988 3953 6062; x_wconf 79' lang='lat' dir='ltr'><strong>(Gen.</strong></span> <span class='ocrx_word' id='word_1_693' title='bbox 3992 5994 4103 6062; x_wconf 54' lang='lat'><strong>1).)</strong></span> 
     </span>
    </p>
   </div>
   <div class='ocr_carea' id='block_1_91' title="bbox 4243 3528 5882 3602">
    <p class='ocr_par' dir='ltr' id='par_1_91' title="bbox 4243 3528 5882 3602">
     <span class='ocr_line' id='line_1_91' title="bbox 4243 3528 5882 3602; baseline -0.005 -15"><span class='ocrx_word' id='word_1_694' title='bbox 4243 3548 4370 3602; x_wconf 90' lang='lat' dir='ltr'><strong>ergo</strong></span> <span class='ocrx_word' id='word_1_695' title='bbox 4402 3532 4595 3587; x_wconf 90' lang='lat' dir='ltr'><strong>mirum</strong></span> <span class='ocrx_word' id='word_1_696' title='bbox 4624 3534 4668 3587; x_wconf 91' lang='lat' dir='ltr'><strong>si</strong></span> <span class='ocrx_word' id='word_1_697' title='bbox 4720 3531 4863 3601; x_wconf 90' lang='lat' dir='ltr'><strong>quod</strong></span> <span class='ocrx_word' id='word_1_698' title='bbox 4911 3531 5169 3585; x_wconf 88' lang='lat' dir='ltr'><strong>adversus</strong></span> <span class='ocrx_word' id='word_1_699' title='bbox 5214 3528 5478 3585; x_wconf 84' lang='lat' dir='ltr'><strong>hominem</strong></span> <span class='ocrx_word' id='word_1_700' title='bbox 5522 3528 5687 3583; x_wconf 74' lang='lat' dir='ltr'><strong>fuisse</strong></span> <span class='ocrx_word' id='word_1_701' title='bbox 5713 3536 5790 3594; x_wconf 83' lang='lat' dir='ltr'><strong>per</strong></span> <span class='ocrx_word' id='word_1_702' title='bbox 5880 3584 5882 3595; x_wconf 42' lang='grc' dir='ltr'>ι</span> 
     </span>
    </p>
   </div>
   <div class='ocr_carea' id='block_1_92' title="bbox 4242 3614 5789 3685">
    <p class='ocr_par' dir='ltr' id='par_1_92' title="bbox 4242 3614 5789 3685">
     <span class='ocr_line' id='line_1_92' title="bbox 4242 3614 5789 3685; baseline -0.004 -11"><span class='ocrx_word' id='word_1_703' title='bbox 4242 3623 4531 3677; x_wconf 89' lang='lat' dir='ltr'><strong>humanam</strong></span> <span class='ocrx_word' id='word_1_704' title='bbox 4584 3622 4952 3677; x_wconf 84' lang='lat' dir='ltr'><strong>fortitudinem</strong></span> <span class='ocrx_word' id='word_1_705' title='bbox 5004 3630 5235 3685; x_wconf 77' lang='lat' dir='ltr'><strong>constat,</strong></span> <span class='ocrx_word' id='word_1_706' title='bbox 5284 3635 5423 3673; x_wconf 87' lang='lat' dir='ltr'><strong>nunc</strong></span> <span class='ocrx_word' id='word_1_707' title='bbox 5463 3627 5650 3674; x_wconf 90' lang='lat' dir='ltr'><strong>contra</strong></span> <span class='ocrx_word' id='word_1_708' title='bbox 5692 3614 5789 3671; x_wconf 77' lang='lat' dir='ltr'><strong>dia-</strong></span> 
     </span>
    </p>
   </div>
   <div class='ocr_carea' id='block_1_93' title="bbox 4239 3708 5792 3783">
    <p class='ocr_par' dir='ltr' id='par_1_93' title="bbox 4239 3708 5792 3783">
     <span class='ocr_line' id='line_1_93' title="bbox 4239 3708 5792 3783; baseline -0.006 -16"><span class='ocrx_word' id='word_1_709' title='bbox 4239 3714 4419 3768; x_wconf 87' lang='lat' dir='ltr'><strong>bolum</strong></span> <span class='ocrx_word' id='word_1_710' title='bbox 4451 3729 4546 3783; x_wconf 91' lang='lat' dir='ltr'><strong>per</strong></span> <span class='ocrx_word' id='word_1_711' title='bbox 4573 3715 4827 3767; x_wconf 90' lang='lat' dir='ltr'><strong>virtutem</strong></span> <span class='ocrx_word' id='word_1_712' title='bbox 4863 3710 5037 3766; x_wconf 90' lang='lat' dir='ltr'><strong>sancti</strong></span> <span class='ocrx_word' id='word_1_713' title='bbox 5071 3710 5307 3781; x_wconf 88' lang='lat' dir='ltr'><strong>Spiritus</strong></span> <span class='ocrx_word' id='word_1_714' title='bbox 5337 3709 5466 3763; x_wconf 82' lang='lat' dir='ltr'><strong>flat?</strong></span> <span class='ocrx_word' id='word_1_715' title='bbox 5491 3708 5792 3763; x_wconf 78' lang='lat' dir='ltr'><strong>Excutiatur</strong></span> 
     </span>
    </p>
   </div>
   <div class='ocr_carea' id='block_1_94' title="bbox 4237 3791 5791 3873">
    <p class='ocr_par' dir='ltr' id='par_1_94' title="bbox 4237 3791 5791 3873">
     <span class='ocr_line' id='line_1_94' title="bbox 4237 3791 5791 3873; baseline -0.008 -14"><span class='ocrx_word' id='word_1_716' title='bbox 4237 3821 4387 3873; x_wconf 84' lang='lat' dir='ltr'><strong>ergo,</strong></span> <span class='ocrx_word' id='word_1_717' title='bbox 4419 3803 4741 3859; x_wconf 85' lang='lat' dir='ltr'><strong>charissiine</strong></span> <span class='ocrx_word' id='word_1_718' title='bbox 4772 3802 4964 3865; x_wconf 88' lang='lat' dir='ltr'><strong>frater,</strong></span> <span class='ocrx_word' id='word_1_719' title='bbox 5002 3816 5033 3855; x_wconf 84' lang='lat' dir='ltr'><strong>a</strong></span> <span class='ocrx_word' id='word_1_720' title='bbox 5065 3809 5121 3855; x_wconf 92' lang='lat' dir='ltr'><strong>te</strong></span> <span class='ocrx_word' id='word_1_721' title='bbox 5147 3800 5378 3871; x_wconf 83' lang='lat' dir='ltr'><strong>degener</strong></span> <span class='ocrx_word' id='word_1_722' title='bbox 5424 3798 5585 3869; x_wconf 88' lang='lat' dir='ltr'><strong>hujus</strong></span> <span class='ocrx_word' id='word_1_723' title='bbox 5633 3791 5791 3851; x_wconf 83' lang='lat' dir='ltr'><strong>inoliti</strong></span> 
     </span>
    </p>
   </div>
   <div class='ocr_carea' id='block_1_95' title="bbox 4239 3888 5789 3964">
    <p class='ocr_par' dir='ltr' id='par_1_95' title="bbox 4239 3888 5789 3964">
     <span class='ocr_line' id='line_1_95' title="bbox 4239 3888 5789 3964; baseline -0.007 -16"><span class='ocrx_word' id='word_1_724' title='bbox 4239 3895 4470 3964; x_wconf 83' lang='lat' dir='ltr'><strong>torporis</strong></span> <span class='ocrx_word' id='word_1_725' title='bbox 4522 3894 4753 3963; x_wconf 89' lang='lat' dir='ltr'><strong>ignavia,</strong></span> <span class='ocrx_word' id='word_1_726' title='bbox 4806 3892 5043 3948; x_wconf 89' lang='lat' dir='ltr'><strong>viriliter</strong></span> <span class='ocrx_word' id='word_1_727' title='bbox 5089 3906 5281 3947; x_wconf 87' lang='lat' dir='ltr'><strong>manus</strong></span> <span class='ocrx_word' id='word_1_728' title='bbox 5328 3905 5475 3945; x_wconf 87' lang='lat' dir='ltr'><strong>arma</strong></span> <span class='ocrx_word' id='word_1_729' title='bbox 5524 3888 5789 3958; x_wconf 86' lang='lat' dir='ltr'><strong>corripiat,</strong></span> 
     </span>
    </p>
   </div>
   <div class='ocr_carea' id='block_1_96' title="bbox 4236 3977 5782 4053">
    <p class='ocr_par' dir='ltr' id='par_1_96' title="bbox 4236 3977 5782 4053">
     <span class='ocr_line' id='line_1_96' title="bbox 4236 3977 5782 4053; baseline -0.007 -12"><span class='ocrx_word' id='word_1_730' title='bbox 4236 3994 4290 4041; x_wconf 88' lang='lat' dir='ltr'><strong>et</strong></span> <span class='ocrx_word' id='word_1_731' title='bbox 4313 3985 4529 4039; x_wconf 88' lang='lat' dir='ltr'><strong>intortis</strong></span> <span class='ocrx_word' id='word_1_732' title='bbox 4554 3984 4978 4053; x_wconf 76' lang='lat' dir='ltr'><strong>Oppugnantium</strong></span> <span class='ocrx_word' id='word_1_733' title='bbox 5017 3981 5217 4051; x_wconf 85' lang='lat' dir='ltr'><strong>jaculis</strong></span> <span class='ocrx_word' id='word_1_734' title='bbox 5243 3979 5402 4052; x_wconf 65' lang='grc'><strong>7⁵4</strong></span> <span class='ocrx_word' id='word_1_735' title='bbox 5426 3980 5675 4051; x_wconf 86' lang='lat' dir='ltr'><strong>clypeum</strong></span> <span class='ocrx_word' id='word_1_736' title='bbox 5718 3977 5782 4031; x_wconf 89' lang='lat' dir='ltr'><strong>iu-</strong></span> 
     </span>
    </p>
   </div>
   <div class='ocr_carea' id='block_1_97' title="bbox 4236 4070 5790 4144">
    <p class='ocr_par' dir='ltr' id='par_1_97' title="bbox 4236 4070 5790 4144">
     <span class='ocr_line' id='line_1_97' title="bbox 4236 4070 5790 4144; baseline -0.005 -13"><span class='ocrx_word' id='word_1_737' title='bbox 4236 4079 4381 4131; x_wconf 79' lang='lat' dir='ltr'><strong>tinue</strong></span> <span class='ocrx_word' id='word_1_738' title='bbox 4415 4074 4918 4144; x_wconf 89' lang='lat' dir='ltr'><strong>circumspectionis</strong></span> <span class='ocrx_word' id='word_1_739' title='bbox 4964 4081 5215 4144; x_wconf 82' lang='lat' dir='ltr'><strong>opponat.</strong></span> <span class='ocrx_word' id='word_1_740' title='bbox 5266 4070 5452 4127; x_wconf 83' lang='lat' dir='ltr'><strong>Necte</strong></span> <span class='ocrx_word' id='word_1_741' title='bbox 5480 4087 5606 4126; x_wconf 87' lang='lat' dir='ltr'><strong>cum</strong></span> <span class='ocrx_word' id='word_1_742' title='bbox 5654 4071 5790 4124; x_wconf 86' lang='lat' dir='ltr'><strong>lsbo-</strong></span> 
     </span>
    </p>
   </div>
   <div class='ocr_carea' id='block_1_98' title="bbox 4234 4159 5791 4235">
    <p class='ocr_par' dir='ltr' id='par_1_98' title="bbox 4234 4159 5791 4235">
     <span class='ocr_line' id='line_1_98' title="bbox 4234 4159 5791 4235; baseline -0.007 -12"><span class='ocrx_word' id='word_1_743' title='bbox 4234 4168 4355 4224; x_wconf 86' lang='lat' dir='ltr'><strong>setli</strong></span> <span class='ocrx_word' id='word_1_744' title='bbox 4386 4168 4439 4222; x_wconf 91' lang='lat' dir='ltr'><strong>in</strong></span> <span class='ocrx_word' id='word_1_745' title='bbox 4474 4167 4693 4235; x_wconf 87' lang='lat' dir='ltr'><strong>inguine</strong></span> <span class='ocrx_word' id='word_1_746' title='bbox 4738 4164 5049 4235; x_wconf 87' lang='lat' dir='ltr'><strong>percussuri</strong></span> <span class='ocrx_word' id='word_1_747' title='bbox 5097 4161 5379 4217; x_wconf 88' lang='lat' dir='ltr'><strong>latrunculi</strong></span> <span class='ocrx_word' id='word_1_748' title='bbox 5428 4161 5701 4231; x_wconf 83' lang='lat' dir='ltr'><strong>reperiant</strong></span> <span class='ocrx_word' id='word_1_749' title='bbox 5745 4159 5791 4211; x_wconf 88' lang='lat' dir='ltr'><strong>in</strong></span> 
     </span>
    </p>
   </div>
   <div class='ocr_carea' id='block_1_99' title="bbox 4232 4253 5794 4325">
    <p class='ocr_par' dir='ltr' id='par_1_99' title="bbox 4232 4253 5794 4325">
     <span class='ocr_line' id='line_1_99' title="bbox 4232 4253 5794 4325; baseline -0.004 -15"><span class='ocrx_word' id='word_1_750' title='bbox 4232 4257 4429 4313; x_wconf 90' lang='lat' dir='ltr'><strong>lectulo</strong></span> <span class='ocrx_word' id='word_1_751' title='bbox 4454 4258 4811 4313; x_wconf 85' lang='lat' dir='ltr'><strong>somniantem</strong></span> <span class='ocrx_word' id='word_1_752' title='bbox 4840 4254 4925 4325; x_wconf 88' lang='grc' dir='ltr'><strong>(ΙΙ</strong></span> <span class='ocrx_word' id='word_1_753' title='bbox 4943 4254 5071 4325; x_wconf 80' lang='lat' dir='ltr'><strong>Reg.</strong></span> <span class='ocrx_word' id='word_1_754' title='bbox 5100 4254 5195 4325; x_wconf 82' lang='lat' dir='ltr'><strong>tv),</strong></span> <span class='ocrx_word' id='word_1_755' title='bbox 5224 4255 5315 4309; x_wconf 90' lang='lat' dir='ltr'><strong>sed</strong></span> <span class='ocrx_word' id='word_1_756' title='bbox 5339 4253 5514 4323; x_wconf 91' lang='lat' dir='ltr'><strong>potius</strong></span> <span class='ocrx_word' id='word_1_757' title='bbox 5543 4269 5671 4307; x_wconf 90' lang='lat' dir='ltr'><strong>cum</strong></span> <span class='ocrx_word' id='word_1_758' title='bbox 5700 4253 5794 4306; x_wconf 85' lang='lat' dir='ltr'><strong>Da-</strong></span> 
     </span>
    </p>
   </div>
   <div class='ocr_carea' id='block_1_100' title="bbox 4230 4344 5792 4419">
    <p class='ocr_par' dir='ltr' id='par_1_100' title="bbox 4230 4344 5792 4419">
     <span class='ocr_line' id='line_1_100' title="bbox 4230 4344 5792 4419; baseline -0.004 -16"><span class='ocrx_word' id='word_1_759' title='bbox 4230 4350 4318 4405; x_wconf 90' lang='lat' dir='ltr'><strong>vid</strong></span> <span class='ocrx_word' id='word_1_760' title='bbox 4345 4349 4791 4405; x_wconf 85' lang='lat' dir='ltr'><strong>Pliilisthinorum</strong></span> <span class='ocrx_word' id='word_1_761' title='bbox 4826 4348 5041 4419; x_wconf 85' lang='lat' dir='ltr'><strong>agmina</strong></span> <span class='ocrx_word' id='word_1_762' title='bbox 5090 4346 5327 4403; x_wconf 87' lang='lat' dir='ltr'><strong>sentiant</strong></span> <span class='ocrx_word' id='word_1_763' title='bbox 5364 4344 5792 4417; x_wconf 85' lang='lat' dir='ltr'><strong>insuperabiiiter</strong></span> 
     </span>
    </p>
   </div>
   <div class='ocr_carea' id='block_1_101' title="bbox 4227 4438 5794 4512">
    <p class='ocr_par' dir='ltr' id='par_1_101' title="bbox 4227 4438 5794 4512">
     <span class='ocr_line' id='line_1_101' title="bbox 4227 4438 5794 4512; baseline -0.004 -15"><span class='ocrx_word' id='word_1_764' title='bbox 4227 4442 4593 4498; x_wconf 86' lang='lat' dir='ltr'><strong>obluctantem</strong></span> <span class='ocrx_word' id='word_1_765' title='bbox 4641 4440 4726 4509; x_wconf 83' lang='lat' dir='ltr'><strong>(II</strong></span> <span class='ocrx_word' id='word_1_766' title='bbox 4756 4440 4884 4511; x_wconf 84' lang='lat' dir='ltr'><strong>Reg.</strong></span> <span class='ocrx_word' id='word_1_767' title='bbox 4929 4439 5013 4512; x_wconf 83' lang='lat' dir='ltr'><strong>it).</strong></span> <span class='ocrx_word' id='word_1_768' title='bbox 5072 4438 5140 4495; x_wconf 89' lang='lat' dir='ltr'><strong>Ut</strong></span> <span class='ocrx_word' id='word_1_769' title='bbox 5182 4454 5309 4511; x_wconf 91' lang='lat' dir='ltr'><strong>ergo</strong></span> <span class='ocrx_word' id='word_1_770' title='bbox 5354 4439 5517 4505; x_wconf 84' lang='lat' dir='ltr'><strong>hanc,</strong></span> <span class='ocrx_word' id='word_1_771' title='bbox 5573 4448 5794 4495; x_wconf 82' lang='lat' dir='ltr'><strong>auctore</strong></span> 
     </span>
    </p>
   </div>
   <div class='ocr_carea' id='block_1_102' title="bbox 4228 4529 5791 4599">
    <p class='ocr_par' dir='ltr' id='par_1_102' title="bbox 4228 4529 5791 4599">
     <span class='ocr_line' id='line_1_102' title="bbox 4228 4529 5791 4599; baseline -0.006 -10"><span class='ocrx_word' id='word_1_772' title='bbox 4228 4534 4357 4599; x_wconf 86' lang='lat' dir='ltr'><strong>Deo,</strong></span> <span class='ocrx_word' id='word_1_773' title='bbox 4409 4532 4667 4588; x_wconf 89' lang='lat' dir='ltr'><strong>merearis</strong></span> <span class='ocrx_word' id='word_1_774' title='bbox 4711 4532 4956 4588; x_wconf 90' lang='lat' dir='ltr'><strong>obtinere</strong></span> <span class='ocrx_word' id='word_1_775' title='bbox 4998 4530 5298 4595; x_wconf 89' lang='lat' dir='ltr'><strong>victoriam,</strong></span> <span class='ocrx_word' id='word_1_776' title='bbox 5347 4545 5451 4585; x_wconf 90' lang='lat' dir='ltr'><strong>non</strong></span> <span class='ocrx_word' id='word_1_777' title='bbox 5502 4529 5645 4584; x_wconf 87' lang='lat' dir='ltr'><strong>ultra</strong></span> <span class='ocrx_word' id='word_1_778' title='bbox 5676 4541 5791 4583; x_wconf 86' lang='lat' dir='ltr'><strong>cum</strong></span> 
     </span>
    </p>
   </div>
   <div class='ocr_carea' id='block_1_103' title="bbox 4226 4618 5795 4678">
    <p class='ocr_par' dir='ltr' id='par_1_103' title="bbox 4226 4618 5795 4678">
     <span class='ocr_line' id='line_1_103' title="bbox 4226 4618 5795 4678; baseline -0.004 -1"><span class='ocrx_word' id='word_1_779' title='bbox 4226 4622 4431 4678; x_wconf 88' lang='lat' dir='ltr'><strong>carnali</strong></span> <span class='ocrx_word' id='word_1_780' title='bbox 4463 4622 4553 4676; x_wconf 90' lang='lat' dir='ltr'><strong>illo</strong></span> <span class='ocrx_word' id='word_1_781' title='bbox 4580 4621 4739 4675; x_wconf 84' lang='lat' dir='ltr'><strong>lsrael</strong></span> <span class='ocrx_word' id='word_1_782' title='bbox 4766 4621 5182 4675; x_wconf 88' lang='lat' dir='ltr'><strong>immurmurans</strong></span> <span class='ocrx_word' id='word_1_783' title='bbox 5208 4618 5391 4673; x_wconf 90' lang='lat' dir='ltr'><strong>dicas:</strong></span> <span class='ocrx_word' id='word_1_784' title='bbox 5420 4635 5439 4669; x_wconf 70' lang='grc' dir='ltr'>ι</span> <span class='ocrx_word' id='word_1_785' title='bbox 5469 4618 5671 4673; x_wconf 80' lang='lat' dir='ltr'><strong>Anima</strong></span> <span class='ocrx_word' id='word_1_786' title='bbox 5705 4633 5795 4672; x_wconf 85' lang='lat' dir='ltr'><strong>no-</strong></span> 
     </span>
    </p>
   </div>
   <div class='ocr_carea' id='block_1_104' title="bbox 4228 4706 5791 4780">
    <p class='ocr_par' dir='ltr' id='par_1_104' title="bbox 4228 4706 5791 4780">
     <span class='ocr_line' id='line_1_104' title="bbox 4228 4706 5791 4780; baseline -0.007 -11"><span class='ocrx_word' id='word_1_787' title='bbox 4228 4723 4339 4769; x_wconf 89' lang='lat' dir='ltr'><strong>stra</strong></span> <span class='ocrx_word' id='word_1_788' title='bbox 4378 4710 4527 4766; x_wconf 88' lang='lat' dir='ltr'><strong>arida</strong></span> <span class='ocrx_word' id='word_1_789' title='bbox 4578 4720 4680 4775; x_wconf 89' lang='lat' dir='ltr'><strong>est,</strong></span> <span class='ocrx_word' id='word_1_790' title='bbox 4729 4710 4862 4765; x_wconf 90' lang='lat' dir='ltr'><strong>nihil</strong></span> <span class='ocrx_word' id='word_1_791' title='bbox 4909 4710 5052 4764; x_wconf 90' lang='lat' dir='ltr'><strong>aliud</strong></span> <span class='ocrx_word' id='word_1_792' title='bbox 5101 4708 5388 4780; x_wconf 88' lang='lat' dir='ltr'><strong>respiciunt</strong></span> <span class='ocrx_word' id='word_1_793' title='bbox 5429 4707 5568 4762; x_wconf 89' lang='lat' dir='ltr'><strong>oculi</strong></span> <span class='ocrx_word' id='word_1_794' title='bbox 5620 4706 5791 4761; x_wconf 84' lang='lat' dir='ltr'><strong>nostri</strong></span> 
     </span>
    </p>
   </div>
   <div class='ocr_carea' id='block_1_105' title="bbox 4228 4796 5797 4871">
    <p class='ocr_par' dir='ltr' id='par_1_105' title="bbox 4228 4796 5797 4871">
     <span class='ocr_line' id='line_1_105' title="bbox 4228 4796 5797 4871; baseline -0.004 -16"><span class='ocrx_word' id='word_1_795' title='bbox 4228 4802 4330 4855; x_wconf 90' lang='lat' dir='ltr'><strong>nisi</strong></span> <span class='ocrx_word' id='word_1_796' title='bbox 4357 4816 4554 4855; x_wconf 91' lang='lat' dir='ltr'><strong>manna</strong></span> <span class='ocrx_word' id='word_1_797' title='bbox 4586 4798 4776 4871; x_wconf 76' lang='lat' dir='ltr'><strong>(Nam.</strong></span> <span class='ocrx_word' id='word_1_798' title='bbox 4805 4800 4918 4870; x_wconf 69' lang='lat' dir='ltr'><strong>si);</strong></span> <span class='ocrx_word' id='word_1_799' title='bbox 4958 4816 4979 4852; x_wconf 75' lang='grc' dir='ltr'><strong><em>ι</em></strong></span> <span class='ocrx_word' id='word_1_800' title='bbox 5015 4799 5107 4854; x_wconf 90' lang='lat' dir='ltr'><strong>sed</strong></span> <span class='ocrx_word' id='word_1_801' title='bbox 5136 4800 5308 4869; x_wconf 88' lang='lat' dir='ltr'><strong>potius</strong></span> <span class='ocrx_word' id='word_1_802' title='bbox 5341 4796 5489 4852; x_wconf 63' lang='lat' dir='ltr'><strong>laetus</strong></span> <span class='ocrx_word' id='word_1_803' title='bbox 5523 4806 5585 4851; x_wconf 88' lang='lat' dir='ltr'><strong>et</strong></span> <span class='ocrx_word' id='word_1_804' title='bbox 5615 4797 5797 4851; x_wconf 79' lang='lat' dir='ltr'><strong>alacer</strong></span> 
     </span>
    </p>
   </div>
   <div class='ocr_carea' id='block_1_106' title="bbox 4228 4887 5792 4963">
    <p class='ocr_par' dir='ltr' id='par_1_106' title="bbox 4228 4887 5792 4963">
     <span class='ocr_line' id='line_1_106' title="bbox 4228 4887 5792 4963; baseline -0.004 -15"><span class='ocrx_word' id='word_1_805' title='bbox 4228 4910 4347 4949; x_wconf 91' lang='lat' dir='ltr'><strong>cum</strong></span> <span class='ocrx_word' id='word_1_806' title='bbox 4393 4893 4657 4963; x_wconf 86' lang='lat' dir='ltr'><strong>Propheta</strong></span> <span class='ocrx_word' id='word_1_807' title='bbox 4696 4892 4948 4947; x_wconf 89' lang='lat' dir='ltr'><strong>decantes</strong></span> <span class='ocrx_word' id='word_1_808' title='bbox 4990 4909 5003 4945; x_wconf 89' lang='lat'>:</span> <span class='ocrx_word' id='word_1_809' title='bbox 5051 4909 5071 4943; x_wconf 74' lang='grc' dir='ltr'>ι</span> <span class='ocrx_word' id='word_1_810' title='bbox 5112 4890 5278 4957; x_wconf 85' lang='lat' dir='ltr'><strong>Quam</strong></span> <span class='ocrx_word' id='word_1_811' title='bbox 5322 4888 5493 4945; x_wconf 89' lang='lat' dir='ltr'><strong>dulcia</strong></span> <span class='ocrx_word' id='word_1_812' title='bbox 5538 4887 5792 4943; x_wconf 81' lang='lat' dir='ltr'><strong>faucibus</strong></span> 
     </span>
    </p>
   </div>
   <div class='ocr_carea' id='block_1_107' title="bbox 4230 4979 5794 5055">
    <p class='ocr_par' dir='ltr' id='par_1_107' title="bbox 4230 4979 5794 5055">
     <span class='ocr_line' id='line_1_107' title="bbox 4230 4979 5794 5055; baseline -0.004 -16"><span class='ocrx_word' id='word_1_813' title='bbox 4230 4985 4580 5055; x_wconf 80' lang='lat' dir='ltr'><strong>meiseloquia</strong></span> <span class='ocrx_word' id='word_1_814' title='bbox 4598 4995 4684 5039; x_wconf 90' lang='lat' dir='ltr'><strong>tua</strong></span> <span class='ocrx_word' id='word_1_815' title='bbox 4707 5000 4868 5054; x_wconf 90' lang='lat' dir='ltr'><strong>super</strong></span> <span class='ocrx_word' id='word_1_816' title='bbox 4898 4983 4999 5038; x_wconf 85' lang='lat' dir='ltr'><strong>me!</strong></span> <span class='ocrx_word' id='word_1_817' title='bbox 5021 4992 5075 5038; x_wconf 89' lang='lat' dir='ltr'><strong>et</strong></span> <span class='ocrx_word' id='word_1_818' title='bbox 5100 4981 5274 5035; x_wconf 78' lang='lat' dir='ltr'><strong>favum</strong></span> <span class='ocrx_word' id='word_1_819' title='bbox 5302 4981 5381 5035; x_wconf 90' lang='lat' dir='ltr'><strong>ori</strong></span> <span class='ocrx_word' id='word_1_820' title='bbox 5407 4982 5588 5035; x_wconf 67' lang='lat' dir='ltr'><strong>meo!»</strong></span> <span class='ocrx_word' id='word_1_821' title='bbox 5612 4979 5794 5051; x_wconf 78' lang='grc' dir='ltr'><strong>(Ρωι.</strong></span> 
     </span>
    </p>
   </div>
   <div class='ocr_carea' id='block_1_108' title="bbox 4225 5071 5795 5145">
    <p class='ocr_par' dir='ltr' id='par_1_108' title="bbox 4225 5071 5795 5145">
     <span class='ocr_line' id='line_1_108' title="bbox 4225 5071 5795 5145; baseline -0.005 -14"><span class='ocrx_word' id='word_1_822' title='bbox 4225 5078 4439 5145; x_wconf 77' lang='lat' dir='ltr'><strong>cxvtu.)</strong></span> <span class='ocrx_word' id='word_1_823' title='bbox 4472 5076 4711 5130; x_wconf 84' lang='lat' dir='ltr'><strong>Aviditas</strong></span> <span class='ocrx_word' id='word_1_824' title='bbox 4740 5090 4869 5145; x_wconf 85' lang='lat' dir='ltr'><strong>ergo</strong></span> <span class='ocrx_word' id='word_1_825' title='bbox 4904 5073 5136 5129; x_wconf 89' lang='lat' dir='ltr'><strong>carnalis</strong></span> <span class='ocrx_word' id='word_1_826' title='bbox 5163 5072 5362 5127; x_wconf 69' lang='lat' dir='ltr'><strong>deliciae</strong></span> <span class='ocrx_word' id='word_1_827' title='bbox 5389 5071 5543 5125; x_wconf 88' lang='lat' dir='ltr'><strong>menti</strong></span> <span class='ocrx_word' id='word_1_828' title='bbox 5588 5079 5795 5124; x_wconf 63' lang='lat' dir='ltr'><strong>nostra</strong></span> 
     </span>
    </p>
   </div>
   <div class='ocr_carea' id='block_1_109' title="bbox 4226 5160 5792 5237">
    <p class='ocr_par' dir='ltr' id='par_1_109' title="bbox 4226 5160 5792 5237">
     <span class='ocr_line' id='line_1_109' title="bbox 4226 5160 5792 5237; baseline -0.008 -13"><span class='ocrx_word' id='word_1_829' title='bbox 4226 5174 4561 5224; x_wconf 84' lang='lat' dir='ltr'><strong>stomachum</strong></span> <span class='ocrx_word' id='word_1_830' title='bbox 4618 5176 4864 5237; x_wconf 87' lang='lat' dir='ltr'><strong>vegetare</strong></span> <span class='ocrx_word' id='word_1_831' title='bbox 4920 5180 5025 5219; x_wconf 92' lang='lat' dir='ltr'><strong>non</strong></span> <span class='ocrx_word' id='word_1_832' title='bbox 5078 5163 5302 5218; x_wconf 87' lang='lat' dir='ltr'><strong>desinat.</strong></span> <span class='ocrx_word' id='word_1_833' title='bbox 5358 5161 5462 5215; x_wconf 75' lang='lat' dir='ltr'><strong>Illa:</strong></span> <span class='ocrx_word' id='word_1_834' title='bbox 5512 5160 5792 5229; x_wconf 82' lang='lat' dir='ltr'><strong>siquidem</strong></span> 
     </span>
    </p>
   </div>
   <div class='ocr_carea' id='block_1_110' title="bbox 4225 5253 5784 5330">
    <p class='ocr_par' dir='ltr' id='par_1_110' title="bbox 4225 5253 5784 5330">
     <span class='ocr_line' id='line_1_110' title="bbox 4225 5253 5784 5330; baseline -0.008 -15"><span class='ocrx_word' id='word_1_835' title='bbox 4225 5262 4468 5315; x_wconf 87' lang='lat' dir='ltr'><strong>carnales</strong></span> <span class='ocrx_word' id='word_1_836' title='bbox 4495 5259 4665 5330; x_wconf 67' lang='lat' dir='ltr'><strong>epulae</strong></span> <span class='ocrx_word' id='word_1_837' title='bbox 4693 5257 4824 5311; x_wconf 91' lang='lat' dir='ltr'><strong>nihil</strong></span> <span class='ocrx_word' id='word_1_838' title='bbox 4853 5256 4993 5311; x_wconf 89' lang='lat' dir='ltr'><strong>aliud</strong></span> <span class='ocrx_word' id='word_1_839' title='bbox 5020 5271 5175 5325; x_wconf 91' lang='lat' dir='ltr'><strong>quam</strong></span> <span class='ocrx_word' id='word_1_840' title='bbox 5203 5269 5431 5309; x_wconf 87' lang='lat' dir='ltr'><strong>vermem</strong></span> <span class='ocrx_word' id='word_1_841' title='bbox 5467 5253 5784 5314; x_wconf 88' lang='lat' dir='ltr'><strong>enutriunt;</strong></span> 
     </span>
    </p>
   </div>
   <div class='ocr_carea' id='block_1_111' title="bbox 4224 5342 5792 5416">
    <p class='ocr_par' dir='ltr' id='par_1_111' title="bbox 4224 5342 5792 5416">
     <span class='ocr_line' id='line_1_111' title="bbox 4224 5342 5792 5416; baseline -0.008 -9"><span class='ocrx_word' id='word_1_842' title='bbox 4224 5354 4337 5407; x_wconf 76' lang='lat' dir='ltr'><strong>ista:</strong></span> <span class='ocrx_word' id='word_1_843' title='bbox 4380 5368 4509 5406; x_wconf 89' lang='lat' dir='ltr'><strong>vero</strong></span> <span class='ocrx_word' id='word_1_844' title='bbox 4554 5350 4691 5405; x_wconf 90' lang='lat' dir='ltr'><strong>mori</strong></span> <span class='ocrx_word' id='word_1_845' title='bbox 4738 5348 5008 5403; x_wconf 90' lang='lat' dir='ltr'><strong>hominem</strong></span> <span class='ocrx_word' id='word_1_846' title='bbox 5055 5362 5159 5401; x_wconf 90' lang='lat' dir='ltr'><strong>non</strong></span> <span class='ocrx_word' id='word_1_847' title='bbox 5207 5345 5528 5416; x_wconf 88' lang='lat' dir='ltr'><strong>permittunt,</strong></span> <span class='ocrx_word' id='word_1_848' title='bbox 5585 5343 5689 5396; x_wconf 87' lang='lat' dir='ltr'><strong>sed</strong></span> <span class='ocrx_word' id='word_1_849' title='bbox 5739 5342 5792 5396; x_wconf 88' lang='lat' dir='ltr'><strong>in</strong></span> 
     </span>
    </p>
   </div>
   <div class='ocr_carea' id='block_1_112' title="bbox 4221 5431 5791 5498">
    <p class='ocr_par' dir='ltr' id='par_1_112' title="bbox 4221 5431 5791 5498">
     <span class='ocr_line' id='line_1_112' title="bbox 4221 5431 5791 5498; baseline -0.008 0"><span class='ocrx_word' id='word_1_850' title='bbox 4221 5446 4404 5498; x_wconf 82' lang='lat' dir='ltr'><strong>aeterni</strong></span> <span class='ocrx_word' id='word_1_851' title='bbox 4436 5441 4631 5497; x_wconf 85' lang='lat' dir='ltr'><strong>viroris</strong></span> <span class='ocrx_word' id='word_1_852' title='bbox 4660 5440 4975 5493; x_wconf 67' lang='lat' dir='ltr'><strong>amoenitate</strong></span> <span class='ocrx_word' id='word_1_853' title='bbox 5001 5438 5322 5494; x_wconf 90' lang='lat' dir='ltr'><strong>custodiunt.</strong></span> <span class='ocrx_word' id='word_1_854' title='bbox 5352 5434 5453 5489; x_wconf 63' lang='lat' dir='ltr'><strong>illae</strong></span> <span class='ocrx_word' id='word_1_855' title='bbox 5480 5431 5559 5487; x_wconf 90' lang='lat' dir='ltr'><strong>sui</strong></span> <span class='ocrx_word' id='word_1_856' title='bbox 5593 5433 5791 5487; x_wconf 85' lang='lat' dir='ltr'><strong>avidos</strong></span> 
     </span>
    </p>
   </div>
   <div class='ocr_carea' id='block_1_113' title="bbox 4221 5522 5793 5603">
    <p class='ocr_par' dir='ltr' id='par_1_113' title="bbox 4221 5522 5793 5603">
     <span class='ocr_line' id='line_1_113' title="bbox 4221 5522 5793 5603; baseline -0.006 -17"><span class='ocrx_word' id='word_1_857' title='bbox 4221 5533 4272 5587; x_wconf 91' lang='lat' dir='ltr'><strong>in</strong></span> <span class='ocrx_word' id='word_1_858' title='bbox 4309 5535 4430 5603; x_wconf 82' lang='lat' dir='ltr'><strong>igne</strong></span> <span class='ocrx_word' id='word_1_859' title='bbox 4472 5548 4594 5587; x_wconf 90' lang='lat' dir='ltr'><strong>eum</strong></span> <span class='ocrx_word' id='word_1_860' title='bbox 4630 5528 4794 5583; x_wconf 89' lang='lat' dir='ltr'><strong>divite</strong></span> <span class='ocrx_word' id='word_1_861' title='bbox 4821 5538 5023 5599; x_wconf 87' lang='lat' dir='ltr'><strong>guttam</strong></span> <span class='ocrx_word' id='word_1_862' title='bbox 5064 5544 5215 5599; x_wconf 79' lang='lat' dir='ltr'><strong>aqua:</strong></span> <span class='ocrx_word' id='word_1_863' title='bbox 5262 5525 5409 5581; x_wconf 88' lang='lat' dir='ltr'><strong>sitire</strong></span> <span class='ocrx_word' id='word_1_864' title='bbox 5448 5522 5793 5594; x_wconf 84' lang='lat' dir='ltr'><strong>compellunt</strong></span> 
     </span>
    </p>
   </div>
   <div class='ocr_carea' id='block_1_114' title="bbox 4220 5615 5788 5692">
    <p class='ocr_par' dir='ltr' id='par_1_114' title="bbox 4220 5615 5788 5692">
     <span class='ocr_line' id='line_1_114' title="bbox 4220 5615 5788 5692; baseline -0.003 -18"><span class='ocrx_word' id='word_1_865' title='bbox 4220 5621 4367 5690; x_wconf 84' lang='lat' dir='ltr'><strong>(an.</strong></span> <span class='ocrx_word' id='word_1_866' title='bbox 4398 5623 4536 5692; x_wconf 79' lang='lat' dir='ltr'><strong>xvi);</strong></span> <span class='ocrx_word' id='word_1_867' title='bbox 4577 5622 4694 5675; x_wconf 75' lang='lat' dir='ltr'><strong>ista:</strong></span> <span class='ocrx_word' id='word_1_868' title='bbox 4725 5635 4843 5674; x_wconf 90' lang='lat' dir='ltr'><strong>cum</strong></span> <span class='ocrx_word' id='word_1_869' title='bbox 4871 5619 5083 5675; x_wconf 89' lang='lat' dir='ltr'><strong>Daniele</strong></span> <span class='ocrx_word' id='word_1_870' title='bbox 5110 5627 5317 5674; x_wconf 87' lang='lat' dir='ltr'><strong>secreta</strong></span> <span class='ocrx_word' id='word_1_871' title='bbox 5352 5615 5501 5671; x_wconf 90' lang='lat' dir='ltr'><strong>nobis</strong></span> <span class='ocrx_word' id='word_1_872' title='bbox 5527 5615 5788 5685; x_wconf 80' lang='lat' dir='ltr'><strong>mysterii</strong></span> 
     </span>
    </p>
   </div>
   <div class='ocr_carea' id='block_1_115' title="bbox 4216 5704 5789 5782">
    <p class='ocr_par' dir='ltr' id='par_1_115' title="bbox 4216 5704 5789 5782">
     <span class='ocr_line' id='line_1_115' title="bbox 4216 5704 5789 5782; baseline -0.003 -17"><span class='ocrx_word' id='word_1_873' title='bbox 4216 5713 4449 5768; x_wconf 59' lang='lat' dir='ltr'><strong>caelestis</strong></span> <span class='ocrx_word' id='word_1_874' title='bbox 4500 5712 4747 5782; x_wconf 84' lang='lat' dir='ltr'><strong>aperiunt</strong></span> <span class='ocrx_word' id='word_1_875' title='bbox 4795 5709 4954 5781; x_wconf 85' lang='lat' dir='ltr'><strong>(Dan.</strong></span> <span class='ocrx_word' id='word_1_876' title='bbox 4984 5710 5060 5779; x_wconf 77' lang='grc' dir='ltr'><strong>ι).</strong></span> <span class='ocrx_word' id='word_1_877' title='bbox 5114 5711 5188 5765; x_wconf 90' lang='lat' dir='ltr'><strong>De</strong></span> <span class='ocrx_word' id='word_1_878' title='bbox 5233 5708 5335 5764; x_wconf 90' lang='lat' dir='ltr'><strong>illis</strong></span> <span class='ocrx_word' id='word_1_879' title='bbox 5378 5720 5535 5760; x_wconf 89' lang='lat' dir='ltr'><strong>vero:</strong></span> <span class='ocrx_word' id='word_1_880' title='bbox 5588 5723 5611 5756; x_wconf 74' lang='grc' dir='ltr'>ι</span> <span class='ocrx_word' id='word_1_881' title='bbox 5644 5704 5789 5761; x_wconf 77' lang='lat' dir='ltr'><strong>Esca</strong></span> 
     </span>
    </p>
   </div>
   <div class='ocr_carea' id='block_1_116' title="bbox 4215 5797 5788 5870">
    <p class='ocr_par' dir='ltr' id='par_1_116' title="bbox 4215 5797 5788 5870">
     <span class='ocr_line' id='line_1_116' title="bbox 4215 5797 5788 5870; baseline -0.004 -14"><span class='ocrx_word' id='word_1_882' title='bbox 4215 5804 4404 5870; x_wconf 85' lang='lat' dir='ltr'><strong>ventri,</strong></span> <span class='ocrx_word' id='word_1_883' title='bbox 4439 5813 4492 5859; x_wconf 90' lang='lat' dir='ltr'><strong>et</strong></span> <span class='ocrx_word' id='word_1_884' title='bbox 4523 5813 4715 5859; x_wconf 89' lang='lat' dir='ltr'><strong>venter</strong></span> <span class='ocrx_word' id='word_1_885' title='bbox 4741 5803 4908 5868; x_wconf 87' lang='lat' dir='ltr'><strong>escis;</strong></span> <span class='ocrx_word' id='word_1_886' title='bbox 4950 5802 5090 5858; x_wconf 91' lang='lat' dir='ltr'><strong>Deus</strong></span> <span class='ocrx_word' id='word_1_887' title='bbox 5136 5810 5311 5855; x_wconf 89' lang='lat' dir='ltr'><strong>autem</strong></span> <span class='ocrx_word' id='word_1_888' title='bbox 5356 5798 5493 5853; x_wconf 86' lang='lat' dir='ltr'><strong>hunc</strong></span> <span class='ocrx_word' id='word_1_889' title='bbox 5536 5805 5600 5850; x_wconf 87' lang='lat' dir='ltr'><strong>et</strong></span> <span class='ocrx_word' id='word_1_890' title='bbox 5662 5797 5788 5851; x_wconf 81' lang='lat' dir='ltr'><strong>illas</strong></span> 
     </span>
    </p>
   </div>
   <div class='ocr_carea' id='block_1_117' title="bbox 4215 5887 5788 5965">
    <p class='ocr_par' dir='ltr' id='par_1_117' title="bbox 4215 5887 5788 5965">
     <span class='ocr_line' id='line_1_117' title="bbox 4215 5887 5788 5965; baseline -0.004 -18"><span class='ocrx_word' id='word_1_891' title='bbox 4215 5894 4452 5948; x_wconf 88' lang='lat' dir='ltr'><strong>destruet</strong></span> <span class='ocrx_word' id='word_1_892' title='bbox 4480 5893 4530 5962; x_wconf 92' lang='grc' dir='ltr'><strong>(ι</strong></span> <span class='ocrx_word' id='word_1_893' title='bbox 4553 5892 4676 5948; x_wconf 87' lang='lat' dir='ltr'><strong>Cor.</strong></span> <span class='ocrx_word' id='word_1_894' title='bbox 4698 5893 4793 5965; x_wconf 82' lang='lat' dir='ltr'><strong>vi).</strong></span> <span class='ocrx_word' id='word_1_895' title='bbox 4824 5912 4843 5945; x_wconf 75' lang='grc' dir='ltr'><strong><em>ι</em></strong></span> <span class='ocrx_word' id='word_1_896' title='bbox 4877 5891 4952 5948; x_wconf 92' lang='lat' dir='ltr'><strong>De</strong></span> <span class='ocrx_word' id='word_1_897' title='bbox 4981 5892 5097 5948; x_wconf 90' lang='lat' dir='ltr'><strong>istis</strong></span> <span class='ocrx_word' id='word_1_898' title='bbox 5128 5900 5301 5947; x_wconf 90' lang='lat' dir='ltr'><strong>autem</strong></span> <span class='ocrx_word' id='word_1_899' title='bbox 5346 5890 5571 5945; x_wconf 88' lang='lat' dir='ltr'><strong>dicitur:</strong></span> <span class='ocrx_word' id='word_1_900' title='bbox 5615 5905 5636 5937; x_wconf 69' lang='grc' dir='ltr'>ί</span> <span class='ocrx_word' id='word_1_901' title='bbox 5676 5887 5788 5942; x_wconf 59' lang='lat' dir='ltr'><strong>Fac</strong></span> 
     </span>
    </p>
   </div>
   <div class='ocr_carea' id='block_1_118' title="bbox 4215 5984 5786 6061">
    <p class='ocr_par' dir='ltr' id='par_1_118' title="bbox 4215 5984 5786 6061">
     <span class='ocr_line' id='line_1_118' title="bbox 4215 5984 5786 6061; baseline -0.001 -21"><span class='ocrx_word' id='word_1_902' title='bbox 4215 6005 4311 6044; x_wconf 84' lang='lat' dir='ltr'><strong>vus</strong></span> <span class='ocrx_word' id='word_1_903' title='bbox 4341 5988 4603 6046; x_wconf 86' lang='lat' dir='ltr'><strong>distillans</strong></span> <span class='ocrx_word' id='word_1_904' title='bbox 4638 5988 4777 6046; x_wconf 88' lang='lat' dir='ltr'><strong>labia</strong></span> <span class='ocrx_word' id='word_1_905' title='bbox 4810 5997 4918 6059; x_wconf 89' lang='lat' dir='ltr'><strong>tua,</strong></span> <span class='ocrx_word' id='word_1_906' title='bbox 4950 6003 5176 6061; x_wconf 85' lang='lat' dir='ltr'><strong>sponsa;</strong></span> <span class='ocrx_word' id='word_1_907' title='bbox 5209 5988 5308 6045; x_wconf 86' lang='lat' dir='ltr'><strong>mel</strong></span> <span class='ocrx_word' id='word_1_908' title='bbox 5334 5996 5387 6043; x_wconf 90' lang='lat' dir='ltr'><strong>et</strong></span> <span class='ocrx_word' id='word_1_909' title='bbox 5427 5985 5505 6039; x_wconf 79' lang='lat' dir='ltr'><strong>lac</strong></span> <span class='ocrx_word' id='word_1_910' title='bbox 5540 5984 5657 6041; x_wconf 86' lang='lat' dir='ltr'><strong>sub</strong></span> <span class='ocrx_word' id='word_1_911' title='bbox 5688 5985 5786 6039; x_wconf 83' lang='lat' dir='ltr'><strong>tiu-</strong></span> 
     </span>
    </p>
   </div>
   <div class='ocr_carea' id='block_1_119' title="bbox 5868 962 5882 1451">
    <p class='ocr_par' dir='ltr' id='par_1_119' title="bbox 5868 962 5882 1451">
     <span class='ocr_line' id='line_1_119' title="bbox 5868 962 5882 1451; baseline 0 -34"><span class='ocrx_word' id='word_1_912' title='bbox 5868 962 5882 1265; x_wconf 48' lang='grc' dir='ltr'>ι</span> 
     </span>
    </p>
   </div>
   <div class='ocr_carea' id='block_1_120' title="bbox 5872 1570 5882 1787">
    <p class='ocr_par' dir='ltr' id='par_1_120' title="bbox 5872 1570 5882 1787">
     <span class='ocr_line' id='line_1_120' title="bbox 5872 1570 5882 1787; baseline 0 0"><span class='ocrx_word' id='word_1_913' title='bbox 5872 1578 5882 1787; x_wconf 71' lang='lat' dir='ltr'><strong>l</strong></span> 
     </span>
    </p>
   </div>
   <div class='ocr_carea' id='block_1_121' title="bbox 5876 1790 5882 1937">
    <p class='ocr_par' dir='ltr' id='par_1_121' title="bbox 5876 1790 5882 1937">
     <span class='ocr_line' id='line_1_121' title="bbox 5876 1790 5882 1937; baseline 0 0"><span class='ocrx_word' id='word_1_914' title='bbox 5876 1810 5882 1889; x_wconf 54' lang='grc' dir='ltr'><em>π</em></span> 
     </span>
    </p>
   </div>
  </div>
