5882 6632
804 410 890 471 ’ω
1520 406 1761 465 OPUSC.
1805 405 1991 463 XLIX.
2034 435 2104 447 ι-ι-
2144 404 2230 460 ΜΣ
2269 400 2631 458 PERFECTA
2674 396 2985 465 MONAClll
3021 395 3127 452 lNF

1757 449 1761 461 .
1805 405 1991 463 XLIX.
2034 435 2104 447 --
2144 404 2230 460 Illi}
2269 400 2631 458 PERFECTA
2674 396 2985 465 MONAClll
3021 394 3309 453 INFORM.
3972 385 4080 444 729.

802 545 899 600 gua
922 534 1007 584 tua
1034 525 1206 598 (Cant.
1234 524 1330 596 iv).
1365 542 1383 575 ι
1438 524 1506 579 Ει
1540 521 1738 578 iterum
1769 539 1780 574 :
1816 540 1834 573 ι
1872 519 2016 576 l-‘ons
2063 519 2367 580 hortorum,
2397 520 2453 579 Α
2479 517 2821 586 prudentiam
2873 523 3023 570 tuam
3073 513 3271 584 dirigo,
3304 522 3503 581 rogans
3531 514 3591 561 ut
3621 505 3767 600 illam
3801 518 3923 600 non
3954 516 4086 600 pep-

802 593 983 688 puteus
1020 593 1297 686 aquarum
1328 613 1659 678 viventium,
1704 627 1824 682 qua:
1859 611 2031 668 fluunt
2072 612 2277 683 impetu
2308 608 2375 663 de
2478 610 2753 668 functoria
2804 608 3088 665 celeritate
3138 616 3510 667 transcurras,
3561 599 3657 656 sed
3708 594 3999 688 vigilanter
4024 593 4083 650 in

801 687 997 763 Libano
1025 704 1236 775 (Ibid.).
1281 724 1299 757 ›
2482 719 2544 761 ea
2582 719 2702 780 qua:
2741 699 3001 757 momenti
3039 706 3168 754 sunt
3204 695 3474 751 attendas.
3526 692 3882 762 Omnipotens
3913 687 4085 755 Deus,

865 798 938 852 De
996 798 1355 869 pretiosarum
1414 811 1545 851 vero
1595 796 1829 851 vestium
1898 796 2157 862 vanitate,
2220 792 2377 861 cujus
2483 794 2840 852 dilectissime
2883 791 3073 857 frater,
3104 788 3343 845 carnalis
3384 801 3579 842 sensus
3622 786 3673 839 in
3704 796 3753 839 te
3780 783 3927 838 vires
3953 795 4085 837 eva-

803 887 982 943 morbo
1024 887 1222 943 diceris
1267 887 1538 951 laborare,
1589 900 1697 940 non
1742 886 1961 952 scribo;
2001 885 2128 956 quia
2177 882 2377 955 stylum
2485 898 2631 954 cuet,
2666 896 2721 943 et
2754 894 2993 942 mentem
3030 892 3181 937 tuam
3230 882 3284 937 in
3325 878 3625 949 spiritualis
3664 876 3922 933 desiderii
3958 871 4090 931 soli-

802 981 935 1037 ultra
977 982 1297 1051 producere,
1337 983 1479 1037 sicut
1519 980 1637 1051 ipse
1663 963 1975 1052 perpendis,
2006 979 2193 1035 charta
2239 976 2379 1031 dell-
2486 981 2656 1037 (litate
2690 977 2997 1035 confirmet.

802 1074 990 1139 ciente,
1020 1089 1123 1128 non
1153 1074 1334 1128 valeo.
1374 1073 1456 1126 Ad
1478 1072 1767 1141 epistolam
1800 1088 1930 1144 ergo
1957 1087 2121 1142 quam
2158 1084 2381 1125 venera-
2824 1071 2908 1129 Sit
2948 1085 3134 1125 nomen
3164 1066 3379 1123 Domini
3416 1064 3764 1122 benedictum.

798 1162 886 1220 bili
911 1162 1090 1223 abbati
1122 1174 1216 1222 tuo
1242 1165 1525 1221 Mainardo
1551 1180 1713 1237 super
1744 1167 1847 1223 hoc
1886 1166 2124 1221 themate
2163 1162 2377 1234 scripsi,

813 1314 4085 1354 M—

934 1452 1287 1529 πιτνπδ
1342 1471 2132 1579 OPUSCULUM
2205 1464 3357 1595 QUADRAGESIMUM
3428 1460 3942 1572 NONUM.

1588 1680 1694 1741 DE
1739 1676 2158 1742 PERFECTA
2192 1675 2568 1741 MONACHI
2624 1671 3269 1739 INFORMATIONE.

3771 1814 3779 1845 l

798 1933 1183 1991 Ακοωιικτυκ.
1207 1965 1280 1976 -
1304 1932 1540 1989 Sanctus
1566 1933 1757 1987 doctor
1788 1930 2036 1987 fratrueli
2074 1944 2171 1984 suo
2209 1928 2485 1985 Classensi
2533 1928 2801 1983 monacho
2830 1926 3058 1984 salutem
3090 1929 3239 1991 dicit,
3271 1942 3505 1996 eumque
3538 1927 3800 1983 adversus
3830 1924 4099 1984 daemonis

864 2006 1077 2061 insidias
1108 2005 1441 2060 salutaribus
1470 2015 1648 2058 armat
1679 2004 1920 2057 monitis.
1959 2002 2213 2057 Omnium
2246 2003 2484 2069 primunt
2538 2008 2724 2053 monet
2755 2006 2811 2051 ut
2840 1999 3091 2069 corporis
3121 2001 3174 2053 in
3204 2014 3269 2053 eo
3300 2000 3611 2062 mundities,
3648 2001 4005 2069 temperantia
4039 1999 4096 2053 in

864 2076 1020 2139 victu,
1052 2078 1319 2130 orationis
1344 2077 1601 2138 studium,
1632 2075 1796 2128 animi
1828 2074 2105 2135 demissio,
2136 2072 2462 2127 obedientize
2492 2072 2665 2123 virtus
2697 2071 2921 2125 eniteat.
2976 2071 3383 2141 Deindeurogat
3414 2071 3734 2124 muliebrem
3781 2071 4099 2124 convictum

860 2148 1037 2211 evitet,
1088 2147 1358 2216 nullisque
1396 2147 1687 2201 verborum
1722 2146 1858 2198 fucis
1893 2147 1945 2198 in
1974 2143 2458 2216 congressionibus
2499 2151 2699 2194 utatur.
2755 2141 3110 2216 lteruinorat
3140 2138 3383 2216 amnium
3413 2157 3654 2216 amorem
3690 2142 4003 2216 restringat,
4033 2153 4104 2195 ne

863 2230 1052 2271 munus
1084 2212 1305 2282 aliquod
1342 2217 1583 2280 ambiat,
1624 2218 1689 2271 de
1722 2216 1949 2270 aliorum
2000 2212 2142 2267 fama
2181 2230 2247 2267 ne
2286 2213 2561 2275 detrahat,
2594 2229 2690 2282 per
2722 2212 2895 2266 morbi
2930 2213 3335 2267 simulationem
3378 2213 3460 2267 sui
3504 2213 3771 2267 rationem
3802 2213 3988 2267 haberi
4032 2224 4104 2267 ne

862 2286 1053 2357 cupiat.
1093 2282 1380 2343 lioslremo
1411 2288 1485 2368 illi
1512 2288 1801 2368 suadetue
1830 2286 2284 2357 reprehensiones
2326 2285 2394 2338 ad
2426 2298 2590 2341 aures
2648 2282 2920 2348 admittat,
2954 2284 3137 2354 lapsus
3170 2292 3449 2356 agnoscat,
3476 2298 3794 2355 paucosque
3832 2299 3862 2340 e
3890 2282 4102 2352 multis,

862 2372 1055 2430 eosque
1085 2370 1349 2429 spectata:
1380 2358 1597 2427 virtutis
1633 2359 1893 2413 imitetur.

864 2451 1070 2510 PETBUS
1099 2466 1358 2526 peccator
1395 2456 1695 2511 monachus
1726 2455 1941 2511 MABINO
1972 2454 2198 2526 puerulo
2227 2453 2375 2510 salu-
2406 2455 2455 2516 B
3118 2450 3346 2508 CAPUT
3388 2450 3453 2507 ll.

800 2554 897 2601 tein
932 2548 984 2602 in
1010 2549 1267 2607 Domino.
2679 2544 2835 2611 Quod
2874 2545 3135 2600 sobrietas
3178 2556 3254 2600 est
3295 2546 3555 2601 castitatis
3592 2544 3921 2615 praesidium.

1308 2641 1537 2699 CAPUT
1579 2642 1871 2698 PRIMUM.
2570 2638 2656 2694 Sit
2683 2654 2814 2708 ergo
2847 2638 2941 2693 tibi
2972 2640 3198 2693 castitas
3234 2653 3454 2710 semper
3487 2639 3541 2693 in
3574 2653 3828 2709 corpore,
3860 2638 3933 2693 sit
3959 2651 4107 2696 sem-

976 2737 1107 2803 Qiue
1142 2754 1273 2792 cura
1310 2736 1517 2791 tuenda:
1548 2738 1806 2790 castitatis
1837 2735 2076 2789 habenda
2115 2736 2199 2789 sit.
2496 2746 2596 2801 per
2624 2732 2679 2785 in
2712 2740 2924 2797 mente;
2977 2740 3247 2800 quatenus
3282 2732 3360 2786 sic
3389 2732 3495 2785 lilia
3532 2732 4109 2803 indisciplinalacar-

864 2827 1030 2886 nudis
1072 2832 1177 2887 tiro
1205 2830 1367 2885 facile
1410 2830 1463 2884 in
1493 2830 1670 2899 prima
1698 2830 1820 2884 belli
1854 2830 2239 2899 congressione
2264 2844 2388 2897 pro-
2497 2828 2583 2881 nis
2636 2824 2781 2880 velut
2835 2835 3075 2881 exarata:
3134 2835 3294 2880 terra:
3358 2826 3569 2880 cultura
3629 2826 3998 2894 candescant,
4044 2830 4113 2884 nt

798 2922 1065 2988 sternitur,
1089 2923 1221 2987 nisi,
1265 2922 1508 2976 adhibito
1540 2922 1691 2991 prius
1722 2921 2148 2992 campidoctoris
2186 2919 2387 2986 ollieio,
2499 2920 2653 2975 radix
2687 2934 2906 2990 quoque
2950 2920 3001 2973 in
3044 2921 3126 2975 sui
3159 2920 3359 2975 viroris
3395 2920 3569 2991 gratia
3622 2919 3939 2976 inconvulsa
3976 2934 4107 2991 per-

800 3013 1096 3086 diligentins
1146 3016 1496 3073 informetur.
1531 3014 1611 3069 Tu
1646 3025 1851 3083 autem,
1879 3017 1971 3087 qui
2004 3030 2177 3086 nuper
2225 3017 2276 3070 in
2310 3016 2391 3070 di-
2499 3021 2744 3066 maneat.
2797 3012 2993 3066 Carnis
3044 3012 3229 3066 titillat
3279 3012 3558 3080 illecebra,
3590 3023 3821 3085 surgunt
3865 3013 4108 3071 libidinis

796 3106 925 3161 vina;
959 3109 1171 3164 militia:
1211 3117 1550 3164 sacramenta
1590 3106 1812 3175 iurasti,
1846 3108 1935 3176 qui
1972 3108 2023 3159 in
2054 3106 2391 3177 professione
2500 3102 2793 3167 inccnliva,
2858 3103 2926 3157 ad
2988 3102 3289 3172 apostolica
3332 3119 3459 3159 mox
3517 3105 3621 3160 tela
3674 3104 3964 3177 prosiliens
4014 3101 4105 3177 (ιι

800 3199 963 3252 sancti
1009 3199 1279 3270 propositi
1327 3192 1472 3252 inter
1516 3198 1755 3267 pueriles
1786 3197 1899 3251 alas
1937 3213 2133 3251 nomen
2170 3198 2388 3264 dedisti,
2501 3192 2625 3247 Cor.
2655 3194 2780 3263 xii),
2808 3194 3185 3265 evangelicum
3217 3212 3433 3267 quoque
3463 3197 3697 3268 gladium
3730 3198 3958 3254 bellator
3998 3196 4110 3253 fer-

798 3288 933 3344 inter
962 3292 1076 3361 ipsa
1106 3301 1417 3347 castrorum
1458 3290 1820 3361 spiritualium
1857 3291 2158 3344 rudimenta
2191 3304 2391 3359 cogno-
2503 3287 2662 3341 vidus
2692 3279 2905 3356 arripe;
2938 3294 2995 3340 et
3026 3285 3324 3343 frementes
3356 3302 3562 3344 cuneos
3590 3288 3941 3359 hostiumque
3983 3287 4112 3343 bar-

802 3382 960 3439 sceris
985 3391 1137 3439 tanto
1168 3382 1492 3453 propensius
1523 3381 1852 3436 salutaribus
1877 3380 2095 3436 monitis
2123 3381 2390 3452 indigere,
2503 3378 2734 3441 basiem,
2792 3378 2931 3432 duce
2972 3376 3231 3443 Christo,
3289 3376 3449 3433 facile
3502 3380 3707 3449 poteris
3755 3379 4109 3435 obtruncare.

802 3482 993 3540 quanto
1022 3489 1131 3529 non
1169 3484 1471 3539 terrenam,
1506 3473 1598 3527 sed
1630 3473 1870 3529 divinam
1918 3473 2098 3542 potius
2138 3473 2391 3527 militiam
2509 3470 2684 3526 Unum
2720 3479 2801 3526 est
2833 3480 2893 3525 ut
2924 3471 3195 3527 sobrietas
3244 3473 3487 3541 quotidie
3532 3474 3628 3529 tibi
3675 3489 3860 3530 comes
3915 3476 3987 3531 sit
4025 3475 4112 3531 in-

806 3564 1023 3620 adorsus
1064 3582 1124 3621 es
1170 3564 1433 3633 baiulare.
1472 3566 1548 3619 De
1574 3580 1679 3634 qua
1717 3566 1972 3619 nimirum
2007 3566 2135 3619 dicit
2162 3565 2392 3633 Aposto—
2504 3562 2745 3626 dividua,
2781 3576 2881 3617 nec
2908 3561 3204 3632 aliquando
3254 3579 3285 3617 a
3318 3571 3411 3617 tuo
3440 3564 3513 3618 sit
3542 3564 3796 3637 collegio,
3827 3565 3949 3637 gula
3980 3581 4114 3635 pru-

801 3654 915 3711 lus:
944 3672 965 3709 ι
994 3657 1054 3713 In
1104 3672 1275 3713 carne
1324 3657 1470 3712 enim
1517 3656 1888 3721 ambulantes,
1937 3673 2046 3711 non
2094 3657 2390 3711 secundum
2504 3654 2706 3717 rientc,
2758 3653 2989 3708 divulsa.
3033 3653 3137 3709 Ubi
3170 3656 3318 3709 enim
3368 3654 3641 3710 viscerum
3692 3656 3811 3727 pori
3858 3656 4109 3712 ciborum

806 3758 1016 3802 carnem
1062 3749 1388 3804 militamus.
1442 3746 1577 3802 Nam
1605 3764 1755 3803 arma
1789 3749 1996 3804 militia:
2027 3742 2248 3816 nostrae,
2285 3764 2391 3805 non
2507 3747 2697 3816 repleti
2727 3757 2877 3811 sunt,
2912 3762 3069 3802 suum
3105 3747 3216 3803 illic
3244 3749 3433 3818 procul
3463 3749 3628 3805 dubio
3656 3752 3826 3806 robur
3856 3752 3958 3806 sibi
3992 3751 4113 3806 viu-

803 3840 1053 3905 carnalia,
1084 3842 1182 3895 sed
1211 3840 1449 3910 potentia
1478 3840 1589 3895 Deo
1616 3850 1744 3895 sunt
1771 3839 1857 3910 (11
1882 3840 2005 3895 Cor.
2036 3842 2113 3910 x).
2148 3862 2166 3894 ι
2423 3888 2471 3951 C
2504 3840 2651 3895 dicat
2697 3839 2912 3895 flamma
2962 3841 3227 3897 libidinis.
3281 3842 3407 3897 llaec
3457 3843 3601 3899 enim
3640 3846 3815 3917 peStis
3854 3846 4115 3905 ariditate

869 3930 1032 3989 Porro
1054 3943 1241 3989 autem
1270 3934 1396 4003 quia
1422 3935 1910 4004 consanguinitatis
1932 3936 2061 3990 mihi
2092 3936 2395 3992 necessitu-
2424 3930 2471 3951 ν
2506 3931 2809 4001 repellunt.
2870 3939 2924 3986 οι
2988 3932 3077 3987 ubi
3137 3930 3288 3987 θίΪετί
3348 3937 3599 4004 corporis
3657 3938 3858 3993 humor
3898 3937 4111 4004 δεθεῖεν

805 4020 1215 4095 dinejungeris,
1261 4024 1538 4082 fratruelis
1567 4028 1765 4097 quippe
1794 4043 1874 4094 es,
1908 4028 2145 4084 arbitror
2176 4040 2280 4085 tuae
2311 4046 2399 4085 sa-
2505 4024 2623 4079 haec
2680 4023 2845 4078 etiam
2894 4023 3195 4078 arescendo
3256 4028 3566 4081 marcescit.
3628 4026 3805 4084 Plane
3850 4037 3909 4083 ut
3966 4020 4113 4101 ignis

806 4110 923 4168 lutis
944 4130 1134 4172 curam
1168 4132 1234 4173 eo
1264 4118 1393 4171 mihi
1424 4119 1782 4187 periculosius
1810 4120 2146 4189 impendere,
2177 4137 2283 4191 quo
2316 4135 2399 4178 te-
2506 4132 2661 4187 aqua‘.
2690 4157 2703 4183 ,
2751 4118 2829 4172 sic
2876 4117 3095 4172 luxuria
3130 4118 3352 4175 inimica
3401 4130 3485 4176 est
3516 4120 3728 4193 frigori,
3783 4135 3949 4194 atque
3987 4122 4115 4181 ideo

805 4219 928 4261 nera
959 4216 1047 4263 tua
1083 4209 1266 4265 adhuc
1291 4218 1445 4275 :etas,
1476 4210 1664 4264 aliena:
1686 4211 1804 4280 opis
1835 4211 2036 4281 indiga.
2071 4212 2122 4266 id
2147 4214 2397 4268 videatur
2503 4208 2597 4262 ubi
2654 4209 2946 4277 genuinum
3006 4209 3189 4264 carnis
3252 4210 3500 4266 ardorem
3561 4213 3809 4269 ciborum
3870 4214 4115 4272 fomenta

808 4304 859 4348 et
895 4311 962 4354 ex
991 4300 1177 4357 debito
1230 4315 1445 4371 quoque
1492 4302 1914 4371 propinquitatis
1963 4302 2203 4373 exigere.
2258 4302 2394 4358 Nam
2504 4297 2836 4362 destituunt,
2886 4297 3070 4353 fervor
3112 4315 3333 4370 quoque
3366 4301 3595 4357 luxuria:
3637 4319 3866 4361 necesse
3902 4315 3985 4362 est
4013 4320 4111 4362 ex-

805 4402 916 4444 eum
937 4392 1231 4464 Apostolus
1256 4402 1477 4448 censeat
1507 4410 1631 4449 eum
1666 4395 1757 4465 qui
1790 4394 1856 4449 ad
1884 4395 2227 4464 episcopatus
2273 4397 2393 4468 api-
2502 4391 2829 4460 stinguatur.
2861 4390 2995 4447 Nolo
3015 4407 3144 4463 ergo
3176 4395 3315 4449 cibis
3343 4395 3668 4452 lautioribus
3690 4397 3864 4454 inhies
3895 4418 3910 4455 :
3941 4399 4107 4471 757

810 4495 919 4536 cem
943 4494 1318 4553 promovetur,
1367 4486 1505 4540 filios
1534 4486 1733 4542 habere
1768 4486 1967 4541 debere
1992 4488 2238 4543 subditos
2271 4504 2395 4544 cum
2501 4483 2625 4536 nolo
2654 4485 2780 4538 vino
2822 4481 3109 4539 afﬂuenter
3162 4487 3461 4557 indulgeas,
3508 4488 3624 4543 sive
3657 4491 3724 4543 de
3754 4491 3875 4561 ejus
3900 4492 4105 4547 coloris

806 4574 942 4628 omni
964 4576 1220 4631 castitate
1240 4575 1291 4647 (I
1314 4576 1449 4631 Tim.
1474 4576 1580 4645 in),
1605 4586 1767 4647 atque
1793 4578 1845 4631 in
1869 4578 2112 4647 catalogo
2135 4580 2393 4635 virtutum
2503 4574 2783 4643 saporisve
2832 4575 3089 4629 distantia
3144 4576 3432 4646 aliquando
3461 4578 3741 4648 disputare
3785 4596 4105 4649 praesumam

808 4668 1119 4734 sacerdotis,
1151 4670 1317 4724 etiam
1348 4670 1577 4723 filiorum
1599 4670 1915 4739 pudicitiam
1943 4681 1996 4725 et
2030 4672 2393 4727 obedientiam
2504 4664 3001 4737 lloctenuislageos
3026 4668 3223 4723 horror
3242 4681 3552 4740 exasperat,
3579 4673 3707 4727 illud
3730 4676 4110 4733 venaeborica

804 4769 993 4827 ponat;
1022 4771 1077 4816 tu
1105 4762 1261 4828 mihi,
1288 4762 1414 4817 licet
1436 4779 1541 4818 non
1565 4763 1640 4818 sis
1668 4763 1827 4828 lilius,
1853 4779 1881 4817 a
1910 4779 2025 4817 mea
2059 4773 2235 4819 tamen
2265 4780 2395 4819 cura
2502 4759 2796 4815 debilitatis
2814 4762 3231 4827 enervat;istud
3255 4767 3999 4833 porrotbasiamrubet,i|lud
4013 4784 4109 4827 au-

806 4868 905 4908 non
929 4858 1127 4913 merito
1148 4858 1413 4927 judicaris
1448 4870 1762 4926 extraneas,
1791 4860 1876 4915 cui
1906 4875 2162 4930 germana
2195 4860 2396 4915 videris
2503 4862 2614 4907 tem
2640 4870 2809 4910 aureo
2838 4854 3154 4911 Mareotidis
3173 4857 3368 4911 decore
3388 4856 3627 4914 ﬂavescit
3650 4879 3663 4926 ;
3689 4861 4009 4930 prohibetur
4028 4864 4108 4919 le-

807 4946 1062 5006 allinitate
1110 4954 1821 5024 propinquus:prmsertim
1872 4970 1995 5008 cum
2045 4963 2098 5008 et
2146 4954 2261 5023 ipse
2297 4955 2395 5008 tibi
2503 4950 2952 5015 etio;nauseanti
2974 4965 3144 5021 vappa
3164 4952 4107 5026 est;baptismusirrepsit:exspe-

806 5043 1183 5099 monacbicum
1236 5045 1552 5100 tradiderim
1602 5046 1868 5109 habitum,
1910 5060 2015 5100 non
2064 5046 2181 5100 sine
2229 5060 2393 5100 causa
2502 5041 2644 5094 ctavi
2676 5041 2893 5111 quidem
2928 5041 3134 5107 vinum,
3162 5044 3257 5097 sed
3282 5043 3406 5097 huic.
3430 5059 3581 5113 aquae
3605 5047 3961 5116 perexiguum
3992 5048 4108 5104 vini

805 5147 889 5190 me
954 5150 987 5190 a
1046 5136 1540 5193 consultationibus
1594 5138 1700 5194 tuis
1772 5135 2003 5193 dilfiteor
2064 5137 2390 5191 absolutum.
2500 5136 2715 5190 videtur
2762 5136 3084 5203 admistum;
3126 5137 3253 5192 huic
3291 5152 3421 5193 sane
3450 5140 3573 5193 vino
3608 5140 3847 5195 Aminaea
3884 5142 4107 5211 quidem

806 5222 985 5283 Primo
1020 5229 1289 5293 omnium,
1323 5229 1675 5286 dilectissime
1706 5230 1805 5295 lili,
1838 5232 2146 5285 castitatem
2176 5245 2395 5285 servare
2424 5256 2477 5316 ι)
2501 5226 2627 5280 vitis
2648 5225 2941 5296 plurimum
2966 5226 3227 5291 contulit,
3260 5230 3356 5283 sed
3408 5229 3650 5285 Rhaetica
3711 5233 4104 5302 propemodum

805 5314 1045 5387 vigilanti
1093 5319 1319 5377 solertia
1353 5330 1569 5391 satage,
1606 5330 1660 5375 et
1692 5337 1855 5377 omne
1886 5322 2091 5377 crimen
2127 5320 2392 5376 letbiferie
2428 5314 2455 5316 ί
2504 5334 2763 5389 superare
2796 5320 3094 5376 contendit.
3126 5319 3246 5375 Noli
3274 5322 3668 5392 itaquecallere
3691 5324 3821 5393 quid
3850 5324 4105 5397 Arigitis,

807 5407 1118 5477 pollutionis
1167 5409 1417 5475 exclude,
1444 5419 1505 5465 ut
1552 5413 1715 5473 scias.
1743 5413 1899 5483 juxta
1922 5411 2265 5482 Apostolum,
2295 5428 2393 5468 vas
2501 5412 2630 5482 quid
2664 5411 2872 5466 Rhodia
2900 5414 3103 5483 sapiat;
3138 5427 3301 5483 quem
3361 5417 3647 5471 suavitatis
3700 5432 3947 5472 acrorem
3977 5434 4103 5475 cum

808 5506 954 5555 tuum
974 5502 1261 5572 possidere
1282 5503 1335 5556 in
1361 5503 1788 5559 sanctificatione
1808 5513 1862 5559 et
1885 5504 2190 5575 liouore(ll
2210 5504 2389 5559 Thess.
2500 5505 2789 5576 purpureis
2819 5504 3027 5560 Preciis
3056 5504 3401 5576 Psythiisque
3442 5518 3752 5577 componat.
3810 5508 3935 5565 Haec
3954 5511 4105 5567 enim

810 5593 901 5663 iv).
964 5594 1093 5650 llaec
1147 5604 1233 5651 est
1279 5596 1425 5650 cnim
1476 5596 1869 5664 sanctimonia,
1918 5599 2034 5653 sine
2085 5614 2191 5669 qua
2234 5614 2393 5654 nemo
2503 5596 2683 5651 omnia
2713 5595 2851 5666 gulae
2907 5596 3337 5667 philosophantis
3374 5608 3499 5653 sunt
3552 5611 3889 5671 argumenta,
3920 5611 3972 5656 et
4018 5602 4103 5658 in-

811 5684 1009 5743 videbit
1037 5686 1233 5742 Deum.
1284 5687 1545 5743 Servetur
1576 5690 1771 5745 munda
1802 5692 2049 5761 corporis
2077 5693 2153 5746 tui
2190 5693 2389 5759 tunica,
2505 5690 2887 5761 gurgitationis
2909 5690 3285 5745 abominandae
3305 5694 3557 5749 materia.
3585 5693 3638 5748 In
3665 5695 3943 5750 sumendis
3965 5710 4098 5766 ergo

812 5785 862 5830 et
890 5777 941 5831 in
970 5780 1111 5835 tanti
1141 5779 1283 5850 regis
1313 5780 1517 5849 nuptiis
1544 5779 1689 5838 nullo
1714 5782 2009 5853 petulantis
2053 5784 2279 5843 luxuriae
2310 5800 2396 5845 re-
2504 5781 2776 5836 alimenlis
2809 5781 3049 5851 Parcius
3073 5782 3425 5853 asperitatem
3458 5786 3689 5857 mitiget.
3720 5788 4101 5859 \‘tllgarilalem

814 5870 1049 5940 perlator
1073 5870 1331 5947 squalore
1361 5870 1585 5930 laniata.
2507 5878 2766 5939 delibatio
2786 5880 3055 5952 castigata
3078 5880 3447 5941 commendet.
3475 5880 3584 5938 Nec
3610 5880 3812 5939 suillcit-
3834 5882 3886 5939 in
3941 5898 4101 5942 escu-
