5882 6654
209 6461 762 6632 ⁵»

2488 505 2594 562 ἠδ

2494 616 2813 676 lentioribus
2833 612 2967 669 cibls
2988 612 3240 667 cohibere
3265 606 3564 677 crapulam,
3601 604 3699 659 nisi
3731 613 3785 657 et
3831 603 3885 656 in
3936 598 4067 668 ipsis
4092 597 4145 658 Α
4169 595 4456 650 comitissae
4478 593 4744 664 colloquio
4769 631 4784 658 ,
4810 586 5087 646 comitanti
5114 585 5287 640 fertur
5307 580 5497 677 callide
5519 579 5699 677 dixisse

2492 723 2538 777 μέ
2555 707 2847 762 ussioribus
2868 705 3076 759 noverit
3095 703 3214 771 quis
3247 712 3430 755 tenere
3452 711 3778 752 mensuram.
3796 693 3886 748 Sic
3914 693 4059 745 enim

2494 799 2696 867 Vulgari
2746 796 2984 866 quolibet
3027 796 3150 850 cibo
3210 791 3540 861 crapulantis
3574 786 3862 857 aliquando
3925 783 4061 852 gulae

2500 890 2652 957 culpa
2682 886 3206 944 eommittitur,sieut
3237 893 3292 937 et
3321 883 3371 935 in
3403 881 3626 935 deformi
3651 887 3829 931 scorto
3864 890 4062 928 coeun-

2496 976 2546 1032 di
2572 976 2818 1044 Voluptas
2849 975 3114 1044 expletur.
3151 959 3253 1038 Q'ui
3309 987 3436 1024 vero
3491 966 3770 1022 consuevit
3821 975 4059 1017 ventrem

2489 1066 2635 1122 brevi
2659 1066 2812 1136 panis
2853 1066 2986 1120 aridi
3054 1080 3299 1118 mensura
3353 1062 3634 1123 conficere,
3679 1074 3782 1112 non
3814 1057 3967 1110 facile
3999 1058 4062 1109 de

2495 1157 2785 1226 inadipatis
2814 1156 2961 1210 nevit
2985 1153 3451 1220 eduliisjudieare.
3478 1150 3576 1214 Qui
3609 1150 3757 1202 timet
3789 1162 3980 1215 aquam
3998 1147 4059 1197 ad

2494 1251 2797 1306 satietatem
2830 1251 3034 1309 bibere,
3082 1246 3232 1298 mulsi
3283 1261 3337 1298 se
3389 1243 3693 1311 potionibus
3738 1241 4061 1309 ingurgitare

2495 1359 2596 1398 non
2630 1360 2731 1410 qua
2751 1343 2839 1395 rit.
2872 1340 2928 1394 Si
2956 1341 3034 1394 vis
3063 1354 3189 1406 ergo
3214 1339 3351 1391 inter
3378 1336 3598 1388 delicias
3621 1333 3721 1388 sub
3749 1331 4063 1385 sobrietatis

2492 1430 2696 1499 lcg'bus
2727 1430 2928 1492 vivere,
2953 1443 3082 1481 cave
3104 1442 3314 1495 quoque
3358 1427 3494 1479 inter
3531 1425 3645 1492 ipsa
3679 1421 3936 1490 simplicia
3969 1419 4068 1472 ali-

2492 1526 2670 1570 menta
2706 1516 2985 1570 edacitatis
3011 1514 3163 1568 frena
3203 1515 3401 1566 laxare.
3435 1512 3663 1568 Suavem
3718 1526 3842 1564 vero
3886 1510 4061 1565 cibum

2493 1624 2589 1662 cur
2611 1608 2900 1662 debeamus
2931 1606 3222 1675 expetere?
3253 1606 3341 1672 qui
3360 1645 3373 1665 ,
3405 1603 3751 1672 quantislibet
3778 1611 4066 1668 apparetur

2497 1700 2802 1767 impendiis,
2831 1708 2874 1751 ct
2903 1705 3189 1766 antequam
3219 1698 3270 1748 in
3295 1712 3355 1749 os
3378 1698 3554 1761 intret,
3577 1694 3730 1748 nobis
3756 1709 3858 1745 non
3890 1693 4059 1758 sapit;

2501 1797 2554 1839 et
2604 1795 2904 1853 postquam,
2952 1784 3168 1838 flumine
3209 1785 3485 1854 glutiente,
3535 1781 3818 1848 trajicitur,
3855 1788 4062 1842 venter,

2496 1877 2577 1927 cui
2615 1875 2829 1941 iLlapins
2863 1886 2973 1940 est,
3009 1891 3110 1929 non
3148 1875 3418 1928 discernit.
3450 1873 3634 1927 Totius
3664 1884 3840 1926 autem
3871 1882 4065 1925 nostrae

2948 503 3006 558 S.
3048 495 3252 554 PETRI
3285 491 3568 552 D’AlllANl
3605 489 3754 547 OPP.
3797 483 4032 545 TOIUS
4064 480 4196 540 SEU
4235 477 4411 538 PARS
4447 479 4535 536 ΙΙΙ.
4557 472 5006 538 --0PUSCULA
5043 470 5269 531 VARIA.

5609 460 5700 518 ἠδ

4166 685 4468 754 discipulo:
4509 684 4679 752 Quam
4713 680 4992 752 elegantis,
5041 678 5134 739 ait,
5194 684 5250 731 et
5294 671 5500 729 venusti
5544 669 5699 725 vultus

4161 779 4382 842 femina,
4411 777 4534 842 nisi,
4566 778 4695 846 proh
4723 774 4900 831 dolor!
4945 770 5104 826 unius
5131 767 5271 823 oeuli
5317 762 5589 835 dispendio
5633 760 5699 816 la-

4159 871 4402 926 boraret!
4423 870 4517 923 Cui
4541 867 4860 937 discipulus:
4880 861 5060 918 Absit!
5082 855 5559 930 magister,inquit,
5579 853 5698 907 sicut

4161 963 4355 1018 decora
4383 971 4527 1015 certe
4555 959 4740 1020 facies,
4766 958 4836 1010 ita
4862 967 5072 1025 quoque
5092 950 5252 1012 oculi,
5281 955 5432 1019 prout
5459 943 5699 1013 sagaciter

4161 1052 4514 1122 deprehendi,
4546 1049 4892 1104 nihilominus
4941 1042 5234 1099 incolumes
5291 1039 5485 1108 vigent.
5542 1033 5696 1099 Quem

4163 1142 4422 1213 magister
4447 1141 4715 1194 acerrima
4755 1136 4996 1206 protinus
5049 1129 5501 1187 animadversione
5541 1122 5699 1179 corri-

4162 1234 4361 1304 piens:
4414 1231 4479 1285 Et
4508 1231 4628 1299 quis
4684 1237 4755 1292 te,
4817 1227 5009 1296 inquit,
5057 1224 5109 1279 in
5161 1223 5347 1276 faciem
5401 1217 5697 1274 feminarum

4165 1328 4434 1394 respicere
4461 1322 4677 1378 docuit?
4722 1321 4869 1375 Tunc
4901 1319 4986 1372 ille
5029 1318 5451 1373 circumventum
5494 1324 5550 1365 se
5591 1320 5699 1363 esse

4167 1417 4478 1484 respiciens,
4512 1413 4824 1483 poenitentia
4855 1412 5046 1466 ductus
5064 1407 5300 1469 erubuit,
5327 1421 5380 1460 et
5407 1403 5471 1457 de
5519 1411 5698 1455 catam

4165 1508 4455 1563 cautiorem
4484 1523 4538 1560 se
4563 1506 4677 1561 fore
4706 1502 5122 1561 obstinatissima
5166 1497 5532 1569 pollicitatione
5556 1492 5700 1545 devo-

4164 1599 4262 1654 vit.
4313 1597 4572 1651 Versatus
4617 1610 4846 1664 namque
4887 1591 5224 1648 adversarius
5263 1589 5431 1658 pictor
5475 1598 5576 1646 est,
5617 1581 5702 1635 sed

4167 1690 4257 1759 qui
4289 1688 4445 1742 facile
4461 1689 4675 1758 quidem
4703 1685 4868 1756 possit
4891 1685 4955 1739 ad
4981 1680 5293 1737 memoriam
5317 1679 5422 1732 visa
5440 1673 5698 1732 reducere,

4166 1782 4251 1834 vix
4289 1791 4467 1832 autem
4504 1779 4554 1831 in
4587 1777 4884 1846 parietibus
4937 1774 5133 1828 mentis
5181 1780 5375 1825 nostra
5418 1767 5700 1833 ignotarum

4170 1873 4324 1926 nobis
4349 1871 4646 1940 specierum
4672 1870 4992 1922 lineamenta
5030 1862 5281 1916 formare.
5312 1857 5366 1912 Si
5417 1856 5496 1909 vis
5539 1855 5704 1920 itaque

2495 1965 2578 2015 vol
2626 1965 2785 2030 ptatis
2815 1965 2935 2025 iter,
2968 1965 3217 2016 euitanta
3241 1964 3531 2015 ambitione
3556 1963 4062 2025 servimus,brevis-
4097 1940 4141 2000 Β
4169 1966 4234 2019 ad
4265 1962 4608 2034 perfectionis
4664 1958 4930 2027 fastigium
4975 1950 5228 2024 provehi,
5278 1945 5463 2001 amodo
5502 1953 5704 1996 necesse

2494 2051 2628 2105 sima
2674 2053 2830 2106 unius
2882 2052 3038 2122 palmi
3085 2066 3289 2107 summa
3343 2055 3700 2107 concluditur.
3761 2053 3859 2119 Qui
3923 2054 4066 2106 enim

2496 2141 2767 2196 Christum
2800 2144 3084 2204 desiderat,
3113 2153 3165 2196 et
3195 2146 3305 2211 ipso
3337 2161 3472 2211 pane
3507 2146 3738 2198 vescitur
3767 2185 3777 2205 ,
3813 2145 4064 2197 nimirum

2499 2234 2588 2297 qui
2615 2232 2679 2282 de
2715 2231 2853 2284 coelo
2874 2231 3148 2285 descendit
3179 2232 3358 2299 (Joan.
3393 2232 3490 2297 vr),
3523 2233 3587 2285 de
3625 2249 3785 2302 quam
3821 2234 4066 2299 pretiosis

2501 2320 2636 2374 cibis
2686 2330 2894 2375 Stercus
2949 2319 3193 2374 conﬁciat
3247 2337 3570 2392 maguopcre
3626 2338 3728 2377 non
3788 2323 4062 2377 disseruit.

2501 2410 2766 2479 QuidQuid
2791 2425 2919 2480 ergo
2950 2426 3053 2464 non
3108 2410 3339 2464 sentitur
3374 2424 3492 2480 post
3535 2412 3736 2482 gulam,
3793 2413 3929 2464 idem
3972 2413 4067 2465 tibi

2508 2503 2578 2555 sit
2607 2502 2745 2570 quod
2772 2502 2923 2570 panis
2970 2511 3021 2556 et
3044 2501 3211 2556 olera.
3241 2502 3370 2554 Nam
3399 2504 3441 2555 si
3497 2504 3614 2573 gula
3659 2517 3763 2556 non
3803 2506 3899 2554 Sliil
3947 2504 4066 2555 the-

2502 2595 2756 2657 saurizat,
2788 2595 2879 2647 sed
2908 2596 3112 2659 ventri;
3139 2612 3235 2650 cur
3271 2599 3381 2665 ipsa
3410 2595 3539 2664 quid
3593 2594 3746 2662 quasi
3789 2594 4069 2648 delicatius

2501 2683 2670 2755 eligit,
2700 2685 2841 2752 quod
2866 2694 3054 2738 venter
3084 2685 3222 2739 idem
3253 2685 3623 2739 indifferenter
3651 2685 3929 2738 admittit?

3088 2776 3314 2832 CAPUT
3350 2777 3434 2831 ΙΙΙ.

2667 2862 2820 2929 Quod
2848 2865 3030 2918 mortis
3053 2866 3296 2934 cogitatio
3328 2875 3501 2934 turpes
3529 2866 3689 2936 abigit
3715 2877 3904 2919 motus.

2571 2950 2792 3022 Utergo
2811 2971 2915 3010 non
2943 2957 3142 3010 sentiat
3190 2957 3449 3025 pudicitia
3505 2957 3804 3025 periclitata
3861 2958 4074 3012 naufra-

2500 3044 2670 3115 gium,
2700 3045 2841 3100 inter
2868 3046 3175 3101 fluctuantis
3236 3048 3396 3118 hujus
3454 3049 3576 3102 vita:
3627 3049 3938 3104 discrimina
3989 3066 4073 3104 so-

2496 3131 2702 3188 brietas
2734 3134 2988 3204 magistra
3019 3135 3091 3188 tui
3117 3136 3357 3204 corporis
3385 3135 3808 3191 teneatclavum.
3832 3139 4068 3207 Abigea-

2499 3220 2584 3274 dis
2605 3235 2816 3289 quoque
2842 3221 3263 3289 cogitationibus
3294 3224 3556 3279 sollicitus
3584 3241 3797 3296 semper
3823 3227 4067 3298 invigila,

2499 3313 2628 3383 quia
2655 3328 2769 3366 non-
2788 3314 3000 3368 enixius
3022 3315 3235 3384 expedit
3259 3331 3472 3371 carnem
3504 3317 3570 3370 al)
3599 3294 3912 3374 illecebrosa
3943 3294 4069 3373 titil-
4097 3294 4139 3354 Ο

2498 3402 2703 3458 latione
2733 3403 3045 3472 reprimere,
3074 3420 3234 3473 quam
3264 3416 3496 3460 mentem
3520 3422 3730 3478 quoque
3775 3423 3804 3462 a
3835 3411 4069 3479 turpium

2505 3496 2890 3565 cogitationum
2916 3496 3290 3564 phantasmate
3319 3499 3610 3553 custodire.
3662 3499 3792 3554 Novi
3849 3500 4068 3555 fratrem

2505 3585 2561 3640 in
2590 3584 2826 3651 Christo,
2858 3585 2948 3654 qui
2978 3585 3277 3640 districtam
3305 3589 3442 3643 hanc
3474 3591 3666 3644 mentis
3689 3607 3796 3645 sate
3834 3593 4069 3662 regulam

2499 3677 2618 3748 jugl
2651 3694 2713 3732 ac
2752 3678 2996 3747 pervigili
3047 3687 3227 3734 servat
3271 3679 3505 3746 intuitu;
3548 3690 3605 3734 ut
3652 3684 4073 3753 quotiescunque

2503 3767 2744 3823 libidinis
2787 3769 3056 3837 suggestio
3105 3769 3365 3837 subrepit,
3423 3785 3546 3823 mox
3593 3772 3901 3842 cogitationi
3941 3789 4070 3840 sum,

2501 3857 2653 3914 velut
2688 3859 2967 3927 expeditus
2999 3861 3063 3912 ad
3112 3859 3578 3929 proficiscendum,
3608 3861 3789 3929 dicat:
3855 3863 4068 3928 Eamus,

2501 3947 2700 4016 inquit,
2738 3948 2805 4000 ad
2835 3947 3070 4014 circum;
3103 3947 3247 4002 illico
3279 3949 3457 4002 omnia
3475 3951 3778 4004 cmmeteria
3810 3968 3872 4006 ac
3899 3954 4075 4021 sepul-

2505 4047 2657 4092 turas
2685 4037 3024 4106 imaginando
3064 4037 3420 4108 perlustrans,
3469 4043 3888 4108 putrescentium
3928 4046 4074 4101 virus

2506 4127 2820 4196 saniemque
2850 4127 3193 4193 cadaverum,
3215 4137 3482 4183 scatentes
3503 4145 3718 4200 quoque
3769 4149 3979 4189 vermes
4021 4143 4075 4190 et

2499 4217 2783 4273 fetentium
2825 4218 2917 4288 jus
2979 4219 3220 4273 carnium
3275 4220 3490 4275 curioso
3544 4223 3771 4276 rimatur
3829 4224 4068 4280 intuitu:

2502 4324 2731 4380 cumque
2757 4306 2921 4380 758
2946 4307 3251 4363 considerat
3280 4310 3406 4379 quia
3451 4311 3576 4364 olim
3622 4327 3818 4369 carnes
3855 4315 3980 4377 illte,
4012 4318 4065 4372 in

2501 4416 2601 4455 sua
2633 4400 2901 4455 viriditate
2949 4398 3220 4467 florentes,
3257 4398 3343 4456 his
3394 4401 3708 4470 subjacuere
3761 4404 4021 4462 molestiis
4052 4450 4067 4474 ,

2507 4509 2706 4563 corpus
2736 4495 2898 4547 etiam
2949 4509 3103 4547 suum
3149 4493 3309 4563 paulo
3365 4504 3486 4564 post
3538 4492 3774 4550 futurum
3803 4513 3924 4552 esse
3965 4515 4070 4553 non

2503 4581 2728 4654 ambigit
2767 4583 2910 4653 quod
2954 4581 3070 4637 illas
3125 4598 3244 4638 esse
3271 4584 3383 4653 jam
3433 4585 3624 4638 cernit.
3681 4586 4067 4656 Compendium

2506 4676 2600 4727 dat
2621 4671 2864 4735 luxuriae,
2889 4671 2980 4741 qui
3006 4673 3204 4741 prebet
3233 4674 3442 4728 oculum
3467 4675 3816 4745 corruptela;
3859 4694 3957 4734 nec
3983 4689 4066 4735 est

2506 4765 2715 4832 libidini
2745 4765 3120 4828 diversorium,
3149 4766 3199 4819 in
3243 4783 3346 4836 qua
3374 4778 3622 4823 versatur
3673 4782 3849 4828 mente
3901 4775 4074 4845 sepul-

2503 4871 2672 4910 crum.
2698 4856 2975 4926 Oquoties
3031 4855 3118 4910 ille
3163 4853 3332 4911 frater
3377 4858 3692 4914 candentem
3742 4861 3968 4917 cultrum
4018 4873 4073 4919 et

2504 4961 2796 5010 vomerem,
2862 4947 3012 5014 quasi
3071 4948 3367 5001 cauterium
3412 4948 3700 5018 quoddam,
3748 4953 4072 5021 genitalibus

2503 5037 2911 5104 impressit‘tita
2937 5047 3012 5101 ut,
3045 5038 3339 5093 crepitante
3400 5040 3791 5108 quodammodo
3834 5045 4066 5112 prarfixa:

2501 5125 2685 5179 carnis
2715 5125 3056 5190 incendio,ad
3086 5142 3242 5183 nares
3271 5144 3440 5200 usque
3463 5129 3640 5186 fumus
3669 5148 3766 5202 per
3787 5136 4063 5205 enargiam

2497 5215 2753 5270 exhalare
2794 5215 3080 5268 videretur.

2568 5305 2702 5359 Cum
2757 5306 3098 5360 necessitatis
3159 5305 3443 5378 aliquando
3493 5327 3651 5370 casus
3705 5316 3947 5387 exegerit
4009 5325 4067 5372 ut

2423 5437 2428 5440 .
2501 5407 2648 5450 tuum
2678 5397 2888 5451 femina:
2911 5397 3233 5466 colloquium
3262 5413 3458 5469 negare
3505 5417 3608 5457 non
3670 5406 3865 5474 possis,
3917 5406 4059 5461 limis

2499 5501 2711 5555 semper
2730 5487 2919 5552 oculis,
2947 5497 3000 5542 et
3050 5487 3192 5543 velut
3213 5489 3440 5546 aliorsus
3483 5491 3737 5561 intentus,
3783 5497 4058 5551 absentem

2505 5579 2579 5633 ttti
2610 5579 2946 5646 praesentiam
2977 5582 3168 5636 exhibe
3206 5600 3218 5634 :
3246 5576 3567 5654 longinquus
3589 5587 3858 5657 alloquere
3885 5629 3900 5653 ,
3934 5605 4062 5642 con-

2502 5671 2770 5726 fabulator
2792 5673 3013 5739 absiste,
3040 5683 3298 5744 terraeque
3326 5675 3516 5730 defixis
3562 5679 3856 5744 obtutibus,
3885 5696 4059 5749 neque

2502 5764 2785 5830 pallentem
2817 5779 2985 5833 neque
3017 5765 3289 5821 rubentem
3328 5767 3444 5837 ejus
3474 5767 3664 5822 faciem
3717 5765 3891 5842 possis
3912 5770 4057 5838 judi.

2500 5865 2649 5909 care.
2670 5850 2866 5910 Beatus
2885 5853 3171 5926 aliquando
3199 5855 3529 5913 Romnaldus
3555 5860 3764 5916 rediens
3787 5875 3817 5916 a
3858 5859 4059 5920 aibvlla:

4166 2057 4322 2113 estin
4358 2055 4567 2108 cunctis
4589 2054 4841 2107 virtutum
4894 2047 5086 2105 studiis
5142 2041 5420 2099 exerceri:
5476 2035 5706 2093 videlicet

4167 2151 4292 2204 dum
4316 2158 4447 2203 :etas
4478 2157 4563 2200 tua
4591 2161 4747 2202 cerea
4777 2152 4876 2204 est.
4914 2142 5036 2196 dum
5061 2152 5237 2193 mores
5261 2133 5425 2190 teneri
5459 2133 5511 2187 in
5533 2141 5705 2198 qnam-

4168 2240 4296 2294 libet
4321 2251 4526 2308 partem
4553 2238 4730 2290 valent
4762 2230 5126 2288 indifferenter
5153 2224 5363 2282 adduci.
5409 2221 5537 2276 Cum
5585 2216 5705 2288 ipsis

4168 2349 4296 2404 ergo
4325 2329 4697 2398 corporalibus
4725 2322 5066 2380 incrementis
5094 2333 5268 2375 coaeva
5294 2317 5541 2384 virtutum
5567 2323 5707 2364 exer-

4171 2401 4294 2483 citia
4326 2425 4649 2484 coalescant,
4693 2430 4750 2474 ut
4784 2415 5111 2474 consuetudo
5144 2411 5334 2480 leviget
5391 2404 5526 2475 quod
5563 2401 5702 2456 debi-

4170 2517 4290 2571 litas
4312 2517 4556 2568 humanae
4585 2508 4890 2581 fragilitatis
4915 2495 5188 2558 abhorret.
5211 2498 5368 2565 ,Nunc
5405 2496 5580 2562 itaque
5602 2489 5705 2545 exi-

4169 2622 4273 2676 guo
4309 2606 4426 2657 cibo
4452 2604 4641 2671 exigua
4689 2597 5034 2653 nihilominus
5063 2606 5120 2646 se
5167 2585 5532 2643 intestinorum
5566 2593 5706 2676 men-

4170 2668 4294 2750 sura
4321 2668 4566 2762 coaptet:
4596 2700 4653 2745 ut
4673 2689 4797 2744 dum
4825 2689 4935 2758 ipsa
4964 2683 5233 2739 viriditate
5279 2691 5373 2732 sua
5402 2671 5596 2728 vaseuli
5642 2668 5706 2722 si-

4171 2804 4270 2843 nus
4313 2787 4622 2849 attrahitur,
4646 2783 4853 2841 modica
4878 2777 5215 2850 postmodum
5231 2784 5450 2828 annona:
5473 2776 5707 2822 mensura

4172 2877 4328 2932 facile
4354 2876 4642 2945 repleatur.

4767 2957 4992 3015 CAPUT
5030 2954 5116 3010 IV.

4411 3055 4561 3121 Quod
4586 3052 4848 3106 silentium
4875 3060 4948 3103 est
4965 3045 5205 3118 loquendi
5227 3041 5482 3112 magister.

4243 3148 4531 3202 Assuescat
4563 3144 4739 3211 lingua
4802 3139 4902 3195 sub
4946 3134 5322 3192 taciturnitatis
5373 3145 5430 3186 se
5472 3123 5712 3183 cohibere

4173 3253 4418 3301 censura,
4444 3246 4496 3290 et
4519 3235 4742 3288 tacendo
4772 3231 4944 3286 discat
4992 3227 5132 3298 quod
5192 3223 5449 3292 loquendo
5489 3228 5714 3290 postmo-

4172 3330 4295 3383 dum
4322 3326 4556 3397 graviter
4578 3323 4833 3394 proferat,
4853 3336 4938 3385 ne,
4970 3320 5012 3374 si
5032 3332 5171 3372 nunc
5193 3314 5486 3368 districtum
5511 3305 5713 3379 negligit

4173 3419 4441 3474 custodire
4469 3417 4737 3470 silentium
4763 3455 4777 3477 ,
4821 3410 5068 3476 loquendi
5127 3403 5455 3477 postmodum
5495 3405 5714 3469 nequeat

4173 3511 4385 3564 frenare
4440 3509 4724 3578 pruritum.
4753 3503 5072 3559 Lentescant
5115 3513 5257 3554 nunc
5298 3509 5462 3566 genua
5519 3488 5715 3546 crebris

4173 3601 4356 3654 attrita
4390 3597 4692 3661 metanceis,
4722 3595 4830 3650 imo
4853 3602 5043 3648 caetera
5069 3589 5303 3645 membra
5333 3583 5552 3640 diversis
5569 3595 5717 3634 exer-

4172 3693 4516 3748 citationibus
4546 3691 4864 3744 edomentur
4889 3728 4901 3749 ,
4931 3700 4997 3739 ne
5027 3681 5375 3755 quorumdam
5430 3692 5576 3732 more
5623 3674 5717 3728 du-

4173 3802 4264 3839 rus
4294 3782 4628 3853 postmodum
4660 3788 4805 3833 stare
4846 3775 5078 3830 videaris
5111 3783 5164 3828 et
5202 3770 5428 3842 rigidus;
5471 3777 5527 3822 et
5549 3762 5712 3821 mani-

4175 3872 4484 3936 mundulus,
4509 3880 4569 3924 ut
4594 3871 4764 3930 aiunt,
4795 3866 4948 3937 quasi
4997 3879 5149 3920 sacra
5188 3860 5397 3917 Cereris
5429 3857 5711 3913 oblaturus.

4174 3963 4304 4018 Esto
4329 3961 4588 4016 sollicitus
4616 3958 4682 4012 ad
4723 3956 5080 4012 exhibendum
5136 3949 5427 4007 sedulitatis
5473 3944 5712 4007 ofﬁcium,

4175 4063 4229 4108 et
4258 4061 4536 4123 promptus
4577 4063 4790 4117 semper
4827 4047 4891 4099 ad
4941 4043 5192 4113 obsequia
5240 4039 5409 4094 delata
5450 4047 5712 4123 respuere,

4175 4116 4292 4214 ipse
4322 4116 4503 4210 satage
4533 4116 4780 4194 omnibus
4830 4135 5152 4189 ministrare.
5193 4125 5404 4197 Aliquid
5432 4123 5608 4214 parari
5637 4116 5714 4171 vel

4175 4212 4356 4290 a—ﬂcrri
4393 4231 4702 4302 prmeipitur
4726 4269 4740 4293 ,
4780 4234 4999 4297 repente
5059 4234 5342 4290 consurge,
5387 4225 5437 4271 et
5493 4212 5712 4267 festinus

4171 4325 4431 4389 accelera,
4484 4332 4543 4376 ut
4566 4319 4805 4390 jubentis
4847 4333 4947 4373 vox
4979 4313 5140 4387 759
5188 4313 5239 4366 in
5289 4319 5340 4364 te
5385 4305 5708 4377 potissimum

4174 4415 4337 4471 fuisse
4363 4415 4566 4468 directa
4587 4411 4848 4466 videatur.
4877 4408 5006 4463 Illud
5035 4416 5210 4459 autem
5255 4410 5305 4456 te
5355 4397 5616 4469 praecipue
5666 4400 5716 4446 et

4172 4505 4272 4562 sub
4300 4504 4542 4560 districta
4564 4515 4784 4572 prorsus
4811 4495 5272 4552 animadversione
5293 4501 5624 4561 praemoneo,
5652 4497 5714 4536 ne

4171 4595 4531 4668 quorumlibet
4558 4605 4608 4647 te
4650 4592 4874 4646 fratrum
4930 4586 5196 4642 offendant
5252 4584 5454 4652 privata
5487 4576 5710 4668 jejunis.

4179 4667 4311 4742 Novi
4331 4685 4474 4740 enim
4500 4680 4852 4754 quorumdam
4899 4677 5026 4732 mihi
5077 4673 5324 4731 similium
5380 4670 5528 4723 vitia.
5576 4667 5714 4720 Non-

4176 4775 4304 4831 nulli
4330 4788 4561 4844 namque
4589 4767 5092 4840 alllsjejunantibus
5151 4772 5296 4818 tanto
5339 4760 5516 4816 livoris
5563 4767 5718 4827 atque

4175 4866 4389 4922 invidia:
4415 4863 4534 4920 felle
4574 4871 4914 4931 torquentur,
4946 4867 5005 4913 ut
5034 4857 5242 4912 illorum
5265 4853 5484 4910 salutem
5510 4850 5717 4905 sibimet

4171 4955 4222 5010 in
4243 4953 4530 5024 perniciem
4558 4959 4790 5015 vertant,
4809 4958 4884 5012 et,
4909 4956 4968 5002 ut
4995 4949 5066 5001 ita
5090 4947 5296 5016 loquar,
5318 4958 5411 5014 per
5431 4941 5584 4996 alieni
5602 4955 5721 5009 pro-

4175 5043 4346 5100 fectus
4367 5043 4565 5097 scalam
4618 5041 4719 5112 ipsi
4759 5040 4810 5093 in
4865 5036 5214 5108 praecipitium
5265 5041 5530 5088 corruant.
5586 5031 5713 5088 Non,

4176 5135 4440 5205 inquiunt,
4468 5134 4592 5187 licet
4619 5145 4779 5201 agere
4821 5127 4922 5183 nisi
4953 5127 5092 5196 quod
5121 5123 5414 5180 communis
5449 5129 5714 5177 monaste-

4167 5225 4233 5278 rii
4266 5223 4443 5294 regula
4503 5221 4584 5275 vel
4616 5217 4877 5286 majorum
4903 5216 5249 5272 cohortantur
5289 5209 5549 5280 exempla.
5596 5208 5717 5274 Qui-

4165 5315 4266 5372 bus
4299 5317 4549 5369 nimirum
4601 5311 4758 5364 facile
4784 5309 5128 5379 respondetur
5160 5305 5280 5376 quia
5301 5303 5344 5358 si
5379 5301 5555 5371 regula
5583 5315 5615 5353 a
5637 5314 5715 5352 re-

4171 5406 4342 5478 gendo
4366 5405 4577 5468 dicitur,
4608 5401 4786 5473 potius
4814 5400 4879 5454 ad
4909 5399 5291 5454 districtionem
5327 5393 5509 5464 jejunii
5558 5405 5712 5462 quam

4166 5498 4232 5550 ad
4257 5496 4655 5551 dissolutionem
4713 5491 4798 5546 vel
4839 5491 5038 5545 ventris
5064 5489 5328 5560 pertinere
5376 5485 5584 5540 videtur
5636 5484 5711 5536 in-

4168 5585 4427 5654 gluviem;
4462 5594 4623 5652 atque
4650 5580 4768 5635 ideo
4798 5578 4870 5634 illi
4900 5581 5041 5635 inter
5063 5593 5154 5634 eos
5178 5593 5280 5632 non
5319 5573 5580 5628 immerito
5602 5587 5710 5627 ma-

4159 5677 4307 5747 jores
4338 5684 4460 5730 sunt
4496 5673 4768 5742 judicandi
4814 5687 5103 5742 eorumque
5157 5668 5393 5740 exempla
5444 5668 5707 5730 sectanda,

4163 5769 4274 5836 qui,
4315 5782 4409 5836 per
4437 5775 4716 5837 angustam
4735 5765 5095 5835 ingredientes
5133 5771 5360 5834 portam,
5382 5758 5478 5815 sub
5507 5759 5707 5814 sobrie.

4170 5861 4296 5915 tatis
4344 5858 4548 5931 legibus
4594 5864 4649 5913 et
4693 5856 4909 5913 arctiorl
4961 5855 5138 5911 crucis
5178 5853 5372 5910 Christi
5426 5861 5702 5911 noscuntur
