5882 6638
1579 387 1818 442 οειιέςςτ.
1865 386 2044 441 XLIX.
2082 417 2147 426 ——
2203 387 2288 441 Dii
2331 382 2689 439 l’Eilr‘ECTA
2737 387 3045 444 MONACIII
3081 387 3369 446 INFOBM.
4018 387 4129 446 726

865 506 1038 560 vii-ere
1092 501 1393 572 disciplina.
1459 500 1826 570 Quapropter,
1879 517 1999 554 cum
2053 501 2117 554 de
2170 499 2430 555 vocabulo
2459 500 2507 559 Α
2536 515 2628 569 ges
2662 500 2812 567 Saul,
2835 518 2957 556 cum
2987 517 3087 574 ego
3116 504 3438 572 projecerim
3467 521 3611 571 cuiu,
3638 521 3705 562 ne
3737 516 3925 578 regnet
3965 519 4132 577 super

871 598 1054 665 regulae
1073 595 1351 654 conﬂictus
1376 594 1639 657 oboritur,
1667 593 1743 647 illi
1804 595 1974 663 magis
1998 594 2198 650 debent
2246 593 2310 653 ad
2350 591 2434 661 je-

859 696 1062 766 junium
1120 691 1401 761 provocari
1454 703 1613 758 quam
1659 687 1743 741 isti
1794 687 1863 740 ab
1924 688 2125 756 arrepti
2175 685 2432 757 propositi

871 789 1036 857 rigore
1058 783 1346 854 compesci.
1372 780 1749 849 Correptiones
1776 789 1976 842 autem,
2011 779 2306 847 quamlibet
2334 778 2431 831 du—

869 891 954 931 ras
1000 875 1110 928 sive
1141 874 1478 942 multiplices,
1530 871 1637 924 noli
1697 871 2006 932 abho:rere,
2063 872 2159 925 sed
2209 871 2437 924 libenter

867 967 1237 1035 complectere.
1291 965 1441 1018 Sicut
1479 964 1620 1016 enim
1662 977 1852 1015 aurum
1907 963 1989 1014 vel
2045 973 2325 1028 argentum
2369 961 2434 1012 ad

868 1056 1131 1111 claritatis
1159 1056 1418 1126 speciem,
1443 1053 1566 1106 lima
1605 1052 1860 1121 poliente,
1887 1052 2237 1121 perducitur;
2273 1054 2342 1105 ita
2381 1060 2436 1105 et

870 1149 1043 1201 anima
1073 1159 1279 1211 nostra,
1314 1144 1744 1212 correptionibus
1787 1159 1941 1198 erasa
1966 1184 1978 1203 ,
2031 1158 2057 1195 a
2091 1154 2436 1210 peccatorum

869 1255 1078 1293 suorum
1129 1239 1267 1291 vela
1303 1237 1608 1304 rubiginoso
1647 1236 1879 1303 quodam
1936 1235 2186 1304 squalore
2241 1251 2436 1305 purga-

871 1342 968 1386 tur.
995 1331 1137 1385 Cave
1166 1330 1326 1381 etiam
1363 1343 1452 1391 nc,
1474 1327 1827 1396 quortundam
1856 1327 2128 1394 exemplo,
2156 1328 2279 1379 dum
2309 1328 2438 1378 obe-

867 1422 976 1476 dire
1009 1422 1301 1481 detrectas,
1337 1419 1387 1471 in
1417 1419 1791 1490 negligentem,
1827 1418 1967 1486 quod
1992 1418 2159 1469 absit!
2190 1418 2442 1485 praeposi-

868 1511 1318 1566 tumealumniam
1347 1508 1566 1578 querula
1618 1510 1971 1562 mordacitate
2020 1508 2288 1561 devolvas.
2346 1508 2441 1562 Sa-

867 1604 1001 1658 muel
1031 1619 1158 1673 ergo
1200 1604 1266 1656 ad
1291 1602 1601 1656 memoriam
1651 1602 1855 1666 redeat,
1885 1603 1974 1671 qui
2008 1601 2246 1655 desidem
2303 1601 2442 1652 iner-

871 1704 1079 1764 temque
1132 1696 1448 1767 magistrum
1489 1705 1594 1749 tam
1645 1697 1940 1765 patienter,
1995 1703 2101 1746 tam
2164 1693 2441 1746 humiliter

865 1786 1054 1850 coluit,
1090 1798 1148 1842 ut
1176 1789 1510 1855 intempestae
1535 1788 1708 1841 noctis
1739 1787 1950 1841 silentio
1987 1797 2068 1840 ter
2088 1796 2313 1840 vocatus
2352 1801 2442 1837 ac.-

2536 592 2734 647 lsrael?
2764 612 2784 646 ι
2818 593 2869 663 (Ι
2908 592 3034 664 Reg.
3058 595 3197 664 xw.)

3149 685 3376 742 CAPUT
3419 685 3505 742 Π.

2573 778 2683 833 Cur
2708 779 2920 833 Davidis
2951 780 3208 848 confessio
3247 782 3448 834 veniam
3498 781 3724 847 meruit,
3759 798 3860 836 non
3893 779 4093 838 Saulis.

2608 874 2744 940 Quid
2774 883 2856 928 cst
2886 889 3015 943 ergo
3044 873 3185 941 quod
3233 874 3455 928 alterius
3503 874 3824 942 pcenitentia
3874 875 3962 942 pie
4008 888 4136 929 sus-

2537 978 2725 1036 cepta;
2768 967 2989 1022 alterius
3029 979 3207 1020 autem
3255 968 3354 1019 sub
3406 967 3670 1021 districta:
3711 965 4022 1020 severitatis
4049 972 4136 1020 est

2540 1061 2789 1114 examine
2840 1059 3170 1126 repriiiiata?
3217 1059 3320 1112 nisi
3371 1057 3513 1126 quod
3570 1057 3657 1110 ille
3711 1056 3891 1110 scelus
3944 1053 4137 1110 inobe-

2540 1154 2774 1214 dieutirc,
2803 1152 2992 1218 spiritu
3021 1152 3308 1219 superhim,
3340 1150 3758 1220 parvipendens,
3789 1160 4136 1216 nequaquam

2540 1245 2696 1314 pleno
2729 1245 2890 1296 corde
2920 1243 3198 1310 ptrniruit;
3236 1243 3322 1294 hic.
3354 1253 3531 1295 autem
3570 1254 3737 1308 pauca
3765 1238 3980 1306 quidem
4014 1251 4139 1306 pro-

2544 1338 2682 1402 tulit,
2712 1337 2803 1390 sed
2834 1335 2950 1402 ejus
2982 1335 3190 1388 viscera
3214 1334 3378 1386 divini
3413 1333 3624 1385 timoris
3663 1331 3842 1400 gladio
3876 1325 4139 1383 transfixa

2541 1431 2654 1482 veri
2689 1427 2863 1480 luctus
2895 1426 3199 1478 amaritudo
3242 1424 3488 1492 replevit.
3545 1422 3690 1482 llam,
3731 1435 3934 1491 quzeso,
3961 1419 4142 1474 consi-

2544 1519 2734 1572 derare
2766 1533 2870 1571 non
2929 1516 3201 1587 negligant
3232 1517 3345 1585 qui,
3398 1532 3522 1569 cum
3571 1512 3955 1568 inobedientice
4013 1511 4143 1566 ohe-

2545 1613 2711 1676 diant,
2739 1611 2802 1664 de
2842 1611 3151 1679 graviorum
3182 1624 3240 1663 se
3290 1608 3632 1662 immunitate
3677 1605 3968 1660 eriminum
4009 1617 4142 1674 pro-

2545 1704 2745 1758 Caciter
2779 1703 3006 1772 jartant.
3067 1701 3305 1768 Quorum
3363 1699 3603 1768 proferto
3657 1695 3946 1752 nonnullos
3999 1706 4146 1764 saepe

2549 1797 2792 1848 videmus
2823 1796 2887 1847 ad
2919 1793 3139 1863 agendae
3182 1791 3540 1846 confessionis
3582 1790 3845 1859 judicium
3890 1786 4148 1856 frequen-

868 1889 1127 1943 curreret,
1163 1882 1425 1950 totiesqne
1472 1881 1754 1950 interrupti
1803 1880 2010 1950 saporis
2038 1881 2298 1935 excubias
2339 1897 2442 1933 non
2479 1873 2521 1930 Β
2553 1896 2686 1950 tare,
2717 1885 2830 1939 solo
2852 1899 2910 1938 se
2942 1886 3134 1938 devote
3159 1891 3525 1952 prosternere,
3557 1881 3782 1934 tinnulis
3803 1895 3862 1934 se
3894 1889 3948 1934 et
3981 1894 4146 1933 accu-

868 1969 1085 2024 doleret.
1117 1970 1334 2025 Poterat
1363 1973 1504 2024 enim
1536 1971 1694 2024 modo
1727 1972 1868 2024 velut
1917 1970 2275 2038 expostulanti
2304 1970 2442 2037 obji-

867 2074 985 2115 cere
1016 2079 1030 2116 :
1061 2060 1188 2126 Cur,
1224 2061 1468 2130 inquiens
1503 2102 1517 2126 ,
1583 2079 1686 2115 non
1730 2063 1930 2116 vereris
1981 2072 2238 2116 extraneo
2295 2071 2441 2114 tanta

869 2155 1188 2208 auctoritate
1217 2155 1526 2224 przecipere,
1565 2155 1653 2223 qui
1691 2156 1871 2221 segnis
1897 2170 1954 2208 cs
1981 2156 2102 2209 tiliis
2134 2156 2444 2224 imperare?

870 2244 954 2312 qui
989 2253 1189 2308 tamen,
1216 2245 1492 2315 Scriptura
1523 2257 1679 2306 teste.
1701 2263 1804 2300 non
1836 2248 2052 2311 tumuit,
2090 2263 2194 2300 non
2249 2261 2444 2316 queru-

872 2334 949 2387 lus
987 2337 1291 2405 sugillavit;
1337 2339 1429 2390 scd
1463 2338 1524 2390 ad
1558 2337 1795 2404 jubentis
1843 2339 2123 2406 imperium
2155 2340 2447 2408 perniciter

872 2428 1170 2495 pervolans,
1205 2431 1516 2499 simpliciter
1547 2431 1653 2484 ait:
1687 2450 1704 2481 ι
1737 2431 1874 2485 Ecce
1899 2447 2018 2501 ego,
2049 2431 2254 2486 vocasti
2299 2431 2442 2484 enim

874 2534 956 2571 ll‘C
986 2518 1036 2591 (l
1067 2518 1198 2590 Reg.
1240 2520 1376 2590 vui).
1413 2540 1430 2572 ι

1495 2610 1721 2667 CAPUT
1761 2613 1824 2666 V.

1119 2702 1272 2769 Quod
1294 2706 1488 2771 peccati
1517 2706 1796 2758 remedium
1820 2716 1891 2758 est
1921 2705 2198 2774 confessio.

940 2791 1524 2866 I‘eccastialiquaudo?
1555 2797 1667 2849 Non
1693 2807 1772 2851 est
1797 2798 1940 2849 enim
1984 2798 2144 2850 homo
2195 2798 2284 2866 qui
2341 2814 2448 2852 non

874 2897 1084 2953 peccet;
1117 2896 1169 2938 et
1194 2886 1330 2941 forte
1389 2889 1437 2939 in
1489 2887 1730 2940 notitiam
1784 2888 1929 2941 venit
1981 2889 2103 2957 quia
2131 2889 2301 2957 prima
2331 2898 2452 2958 post

877 2976 1214 3048 naufragium
1246 2978 1418 3032 tabula
1456 2988 1538 3032 est
1565 2979 1776 3048 culpam
1824 2979 2140 3048 simpliciter
2169 2981 2446 3043 confiteri;

873 3077 1114 3137 prompta
1137 3069 1408 3124 confessio
1435 3069 1643 3124 facilem
1676 3072 1849 3138 pariat
1881 3072 2121 3136 veniam;
2157 3089 2246 3135 ne,
2281 3073 2324 3124 si
2362 3073 2453 3126 de-

877 3156 1044 3210 feusio
1080 3158 1331 3213 falsitatis
1354 3160 1658 3224 accesserit,
1699 3161 1839 3227 quod
1873 3177 1968 3213 aeu
2002 3162 2228 3215 fortasse
2277 3163 2450 3216 fuerat

2550 1978 2680 2031 ratis
2703 1975 2880 2029 verbis
2917 1975 3088 2044 magis
3113 1973 3287 2028 facete
3315 1988 3478 2041 quam
3528 1971 3806 2025 humiliter
3841 1983 4144 2033 accusare;

2549 2077 2710 2136 atque
2742 2069 2861 2121 ideo
2899 2080 3176 2135 nunquam
3210 2061 3398 2118 eorum
3456 2077 3636 2116 mores
3684 2061 3752 2115 ad
3783 2061 3992 2115 idoneae
4019 2075 4146 2115 cor-

2549 2161 2809 2228 reptionis
2836 2158 3201 2213 emolumenta
3235 2157 3549 2225 procedere,
3583 2154 3712 2224 quia
3744 2151 3993 2207 videlicet
4017 2165 4144 2206 cum

2549 2250 2676 2303 Saul
2698 2263 2793 2304 ore
2821 2249 3107 2319 pceuitent,
3137 2247 3300 2301 corde
3331 2255 3564 2300 tument.

2618 2323 2750 2395 Cum
2797 2339 3082 2393 incolumis
3142 2339 3358 2407 vigeas,
3412 2335 3522 2390 noli
3596 2344 3788 2406 sponte
3862 2333 4147 2404 languere.

2549 2430 2869 2485 Advertisne
2897 2428 3027 2497 quid
3075 2428 3300 2498 loquor?
3329 2424 3458 2480 illud
3492 2441 3726 2494 namque
3781 2424 3914 2479 mihi
3944 2424 3996 2478 in
4033 2421 4152 2493 ple-

2553 2525 2733 2590 risque
2769 2520 3112 2575 monasteriis
3144 2535 3246 2572 non
3302 2517 3653 2573 mediocriter
3699 2515 3971 2585 displicet,
4003 2513 4150 2585 quod

2550 2609 2791 2664 nonnulli
2825 2621 3014 2679 vegeto
3040 2623 3288 2678 corpore,
3313 2608 3780 2676 quiqueprorsus
3802 2604 4148 2661 medicinalis

2551 2702 2830 2756 industriae
2861 2717 2965 2755 non
3000 2701 3298 2771 indigeant,
3332 2700 3492 2754 hodie
3536 2699 3906 2769 vaporandam
3961 2697 4146 2751 Nemi-

2555 2793 2656 2846 tori
2689 2809 2878 2847 venam
2913 2794 3184 2860 prmbeut;
3245 2807 3366 2846 cras
3398 2791 3618 2844 sibimet
3667 2789 3950 2844 hirudines
3995 2786 4151 2841 adhi-

2552 2881 2716 2946 bent;
2765 2881 2977 2934 diversa
3033 2881 3291 2949 perendie
3344 2880 3773 2934 medicaminum
3823 2884 4153 2932 construunt

2556 2971 2804 3026 artificia.
2868 2971 3079 3026 interea
3147 2972 3394 3042 similang
3455 2969 3823 3035 commolitur,
3886 2971 4152 3038 placentae

2555 3061 2883 3116 examussim
2934 3060 3242 3116 fabrefacta:
3273 3063 3679 3131 tepescentibus
3712 3071 3920 3115 tantum
3953 3061 4153 3115 cineri-

2557 3151 2657 3203 bus
2703 3162 3110 3218 excoquuntur;
3143 3150 3423 3203 fluminum
3469 3151 3621 3202 sinus
3660 3151 3774 3203 sive
3819 3159 3874 3203 et
3919 3151 4154 3204 marium

878 3248 1107 3301 it‘ttltiler
1132 3257 1411 3318 punctum,
1443 3249 1546 3303 lata
1569 3251 1812 3303 videatur
1837 3251 2056 3321 cuspide
2093 3251 2442 3320 perforatum.
2475 3233 2520 3293 C
2554 3252 2998 3313 pet-scrutantur;
3034 3241 3318 3295 macellum
3352 3256 3568 3310 quoque
3594 3257 3808 3305 vacare.
3828 3242 3952 3311 quia
3985 3242 4156 3312 piscis

876 3334 1007 3391 llinc
1033 3347 1117 3392 est.
1147 3340 1289 3392 enim
1317 3341 1478 3406 quod,
1527 3352 1650 3393 cum
1699 3341 1863 3394 David
1911 3343 2204 3411 perpetrati
2271 3353 2453 3397 reatus

875 3431 1137 3499 arguitur,
1171 3449 1290 3486 mox
1324 3443 1381 3488 ut
1419 3435 1468 3488 in
1499 3449 1683 3488 vocem
1731 3435 2086 3490 confessionis
2132 3436 2330 3505 erupit.
2379 3436 2455 3490 di-

876 3534 1003 3574 cens
1052 3541 1064 3572 :
1117 3541 1137 3574 ‹
1191 3521 1414 3577 Peccavi
1481 3523 1707 3578 D0inino
1752 3524 1814 3593 (Ι
1852 3524 1977 3595 Reg.
2025 3527 2144 3594 xu),
2183 3545 2200 3577 ι
2249 3542 2313 3580 ex
2361 3541 2455 3580 ore

877 3613 1151 3685 prophetm
1216 3619 1459 3684 protinus
1506 3618 1708 3672 audivit
1743 3635 1756 3670 :
1792 3636 1812 3669 ‹
1853 3620 2111 3674 Dominus
2181 3621 2458 3676 transtulit

876 3714 1153 3769 peccatum
1183 3715 1363 3767 tutttn;
1395 3721 1500 3760 non
1533 3708 1796 3762 morieris.
1831 3728 1849 3761 ι
1883 3708 1948 3762 Et
1998 3711 2124 3777 quia
2155 3725 2214 3763 se
2243 3711 2457 3764 occasio

878 3793 1125 3860 pnebuit,
1152 3793 1255 3850 hoc
1279 3794 1440 3848 etiam
1475 3805 1524 3849 te
1547 3796 1780 3849 fraudari
1815 3812 1919 3850 non
1948 3799 2143 3867 patiar,
2170 3800 2296 3868 quia
2321 3816 2456 3852 nou-

880 3881 1030 3949 nulli,
1066 3901 1094 3937 a
1132 3885 1318 3954 pueris
1367 3885 1418 3939 in
1469 3885 1743 3954 religionis
1781 3889 1968 3942 ordine
2001 3891 2300 3954 constituti,
2346 3891 2457 3945 sola

880 3970 1249 4029 inobedientia
1275 3975 1542 4044 superbia:
1572 3977 1730 4032 mista
1766 3979 2089 4047 depereunt;
2123 3995 2243 4033 cum
2275 3981 2324 4032 in
2352 3994 2457 4033 sa:-

879 4062 999 4118 culo
1024 4065 1267 4132 plurimi,
1310 4075 1428 4135 post
1458 4067 1770 4122 immanium
1825 4071 2111 4124 criminum
2152 4079 2458 4140 perpetrata

879 4153 1098 4226 ﬂagitia.
1129 4172 1229 4228 per
1258 4158 1577 4212 humilitatis
1622 4161 1856 4214 studium
1898 4161 2284 4232 indulgentiam
2338 4154 2461 4230 pro-

878 4257 1178 4303 merentur.
1249 4248 1388 4304 Ecce
1437 4250 1580 4304 enim
1634 4251 1800 4306 David
1856 4251 2178 4306 adulterium
2238 4253 2462 4308 homici-

879 4338 1133 4410 diumque
1163 4342 1434 4396 commisit
1479 4341 1528 4411 (Ι
1542 4341 1664 4413 Reg.
1692 4343 1769 4414 xi)
1804 4363 1816 4397 :
1857 4342 1983 4398 Sanl
2014 4359 2140 4399 vero
2171 4345 2333 4415 760
2363 4343 2462 4397 Sa-

881 4431 1039 4486 mueli
1077 4431 1396 4487 inohediens
1443 4433 1646 4487 exstitit
1697 4433 1746 4504 (I
1791 4433 1914 4502 Reg.
1957 4435 2096 4505 xm).
2144 4433 2250 4489 Sed
2311 4435 2461 4503 quid,

880 4519 1020 4588 quod
1041 4519 1154 4586 ille,
1193 4521 1337 4574 nullo
1370 4521 1780 4587 interveniente,
1813 4523 1895 4577 vel
1931 4524 1980 4576 in
2010 4533 2208 4593 puncto
2249 4524 2458 4578 veniam

879 4612 1107 4678 meruit;
1159 4611 1388 4666 alterum
1435 4628 1563 4666 vero
1625 4628 1722 4668 nec
1770 4614 1985 4682 propria
2025 4615 2314 4678 confessio,
2361 4629 2462 4670 nec

878 4710 1161 4778 prOpheta:
1221 4715 1328 4762 tam
1387 4708 1623 4778 lugubris
1682 4717 1735 4763 et
1804 4723 1990 4763 amara
2041 4719 2202 4778 atque
2256 4709 2463 4778 Prolixa

880 4801 1210 4870 supplicatio
1243 4800 1644 4855 reconciliavit?
1683 4799 1847 4855 Plane
1883 4802 1926 4854 si
1971 4801 2265 4871 Scriptura:
2295 4801 2464 4854 series

880 4893 1171 4962 utrobique
1219 4891 1558 4952 discutiatur.
1606 4892 1873 4972 copiosior
1902 4890 2028 4946 Saul
2083 4907 2242 4958 quam
2297 4889 2465 4944 David

881 4982 933 5037 in
962 4985 1150 5038 verbis
1195 4983 1524 5052 poenitentia!
1556 4975 1839 5051 reperitur.
1873 4982 1978 5036 lste
2018 4981 2281 5051 siquidem
2326 4981 2466 5033 duu-

881 5084 1034 5132 t'txat
1082 5075 1161 5139 id,
1207 5075 1345 5143 quod
1378 5075 1709 5145 prtemissum
1737 5082 1848 5128 est:
1872 5092 1890 5124 ι
1911 5071 2132 5128 Peccavi
2157 5071 2412 5134 Domino;
2439 5089 2458 5122 ι

881 5166 967 5221 tlle
989 5175 1177 5221 autem
1206 5181 1218 5218 :
1249 5183 1266 5215 ‹
1294 5164 1532 5225 Peccavi,
1562 5165 1756 5234 inquit,
1777 5164 1901 5233 quia
1932 5163 2317 5234 praevaricatus
2345 5177 2463 5215 sum

882 5271 1169 5312 sermones
1196 5256 1403 5311 Domini
1441 5265 1494 5311 et
1537 5257 1695 5310 verba
1736 5267 1846 5320 tua,
1886 5257 2078 5311 timens
2108 5254 2384 5325 pupulum,
2412 5263 2468 5308 et

882 5346 1146 5402 obediens
1179 5346 1294 5399 voci
1336 5359 1519 5400 eorum
1549 5345 1600 5417 (1
1631 5346 1757 5416 Reg.
1789 5345 1902 5415 xv).
1951 5365 1968 5396 ι
2011 5353 2172 5414 atque
2204 5343 2256 5397 id
2289 5343 2462 5412 ipsum

882 5438 1237 5508 postmodum
1294 5445 1574 5503 repetens,
1628 5439 1702 5491 ait
1745 5453 1761 5491 :
1799 5457 1824 5499 ,ι
1871 5437 2092 5493 Peccavi
2153 5437 2389 5508 (lbid.).
2440 5457 2458 5488 ι

882 5530 1133 5585 Accessit
1165 5536 1344 5582 autem
1374 5535 1428 5582 et
1455 5528 1772 5600 longanimis
1794 5529 1946 5584 valde
1977 5529 2244 5584 Samuelis
2269 5530 2462 5594 oratio,

886 5623 950 5678 de
971 5640 1081 5694 quo
1117 5621 1373 5676 videlicet
1423 5621 1654 5676 dicitur:
1688 5643 1705 5675 ς
1737 5623 2206 5692 Coutristatusqne
2255 5630 2339 5677 est
2368 5619 2469 5675 Sa-

885 5717 1047 5781 muel,
1073 5727 1133 5771 ct
1163 5713 1420 5769 clamavit
1441 5714 1506 5767 ad
1537 5711 1820 5768 Dominum
1853 5723 1964 5768 tota
1988 5726 2143 5769 nocte
2170 5714 2291 5780 illa;
2323 5733 2341 5765 ι
2373 5713 2468 5767 sed

887 5808 1070 5864 divina
1099 5821 1237 5862 voce
1266 5811 1575 5876 responsum
1619 5817 1702 5861 est
1732 5825 1744 5859 :
1786 5825 1803 5857 ι
1844 5805 2150 5877 Usquequo,
2179 5805 2277 5872 ait,
2306 5812 2363 5859 tu
2389 5801 2475 5858 lu-

2554 3336 2728 3406 pelagi
2765 3334 3024 3405 profunda
3078 3335 3323 3405 petierat,
3378 3350 3484 3389 non
3547 3344 3807 3389 meretur.
3846 3334 3960 3389 lmo
4005 3333 4155 3390 infe-

2557 3429 2627 3481 lir.
2679 3427 3032 3482 infortunium
3085 3428 3328 3482 creditur
3387 3429 3430 3483 si
3493 3429 3744 3498 piscosos
3812 3445 3940 3499 ager
3994 3427 4160 3484 steri-

2556 3521 2622 3574 lis
2667 3521 2969 3586 invenitnr,
3013 3521 3100 3574 ubi
3140 3504 3408 3576 [nimirum
3465 3534 3519 3577 et
3573 3524 3875 3579 necessitas
3930 3525 4157 3581 uberta-

2561 3621 2665 3666 tem
2717 3623 2771 3666 et
2815 3611 3032 3665 ubertas
3084 3612 3227 3680 parit
3275 3612 3536 3682 inopiam.
3600 3612 3817 3668 Interea
3869 3615 4157 3684 quodcun-

2559 3717 2662 3770 que
2713 3702 2827 3756 sive
2877 3711 3034 3756 terrtc
3062 3702 3176 3756 sive
3217 3704 3385 3756 maris
3415 3703 3616 3756 animal
3649 3704 3714 3757 ad
3745 3703 4023 3758 victimam
4051 3705 4155 3760 du-

2558 3798 2715 3852 citur.
2755 3796 2961 3864 pcritus
2982 3810 3185 3865 coquus
3233 3809 3455 3850 necesse
3499 3805 3582 3851 est
3632 3797 4002 3865 perquiratur,
4063 3795 4158 3868 qui

2561 3886 2811 3941 videlicet
2836 3886 3052 3956 ignibus
3076 3895 3227 3940 tanto
3268 3887 3616 3942 discretionis
3649 3887 3938 3942 libramine
3966 3888 4158 3944 mode-

2563 3990 2735 4044 retur,
2759 3988 3028 4048 quatenus
3068 3980 3262 4043 artitici
3291 3989 3345 4034 et
3368 3979 3629 4050 magistra
3657 3981 3918 4050 temperie
3943 3981 4010 4036 ad
4033 3996 4160 4036 ossa

2562 4071 2862 4139 perveniat,
2896 4078 2951 4124 et
2981 4077 3161 4124 tamen
3193 4071 3541 4141 superticiem
3580 4072 3830 4126 carnium
3866 4087 3973 4128 non
3999 4088 4157 4128 com-

2561 4161 2737 4226 burat,
2773 4171 3028 4232 tanquam
3065 4163 3390 4234 quibusdam
3424 4167 3716 4238 praestigiis
3766 4167 4018 4222 videatur
4062 4183 4160 4224 va-

2566 4266 2665 4322 por
2720 4261 2774 4306 et
2815 4253 3127 4307 transiliens
3176 4255 3447 4308 exteriora
3477 4269 3583 4308 non
3615 4265 3836 4325 tangere
3885 4265 3941 4311 et
3990 4271 4165 4326 pene-

2563 4352 2714 4398 trans
2737 4344 2802 4397 ad
2822 4346 3079 4398 interiora
3106 4345 3359 4399 transire.
3379 4345 3517 4412 Quid
3539 4346 3728 4416 plura?
3753 4348 4163 4407 discumbentes

2566 4436 2804 4498 tandem,
2844 4436 3000 4506 761
3054 4436 3162 4489 imo
3185 4434 3467 4504 iacentes,
3505 4437 3791 4492 stomacho
3837 4449 4160 4507 nauseante,

2566 4525 2846 4597 liguriunt,
2873 4536 2925 4582 et
2956 4526 3358 4582 edaciofastidio
3395 4528 3483 4581 vix
3518 4529 3788 4600 imperant
3823 4537 3882 4584 ut
3924 4529 4160 4601 probent

2565 4632 2687 4672 esse
2712 4633 2841 4673 vera
2871 4633 2990 4687 quae
3024 4617 3251 4688 tingunt.

2633 4707 2714 4761 Ad
2760 4706 2936 4761 locum
2987 4721 3148 4776 porro
3199 4707 3482 4776 regiminis
3527 4723 3807 4780 nunquam
3839 4710 4162 4769 ambitiosus

2566 4797 2806 4862 anheles,
2856 4797 3002 4862 dum,
3044 4797 3097 4850 in
3135 4798 3387 4867 proximo
3423 4799 3791 4870 digressurus,
3838 4801 3981 4856 diem
4034 4819 4164 4873 pro-

2563 4887 2695 4958 pria:
2722 4887 3022 4941 vocationis
3069 4887 3306 4958 ignores.
3347 4889 3402 4943 ln
3450 4891 3640 4945 eodem
3693 4892 3852 4962 plane
3883 4893 4160 4950 Classensi

2567 4981 2816 5036 coenobio
2868 4981 3010 5050 quod
3043 4997 3185 5036 nunc
3242 4983 3456 5043 incolis,
3505 4993 3668 5038 (etate
3719 4994 3903 5040 nostra
3936 4987 4162 5056 quidam

2573 5072 2870 5126 monachus
2897 5073 3069 5126 vicem
3102 5073 3298 5142 prioris
3351 5075 3608 5139 obtinuit,
3659 5077 3758 5146 qui,
3803 5075 3970 5130 abbas
4013 5076 4157 5131 idem

2575 5163 2691 5217 fieri
2747 5161 3127 5217 ardentissime
3189 5164 3540 5233 concupivit;
3597 5166 3692 5220 sed
3740 5166 3866 5220 dum
3917 5165 4161 5233 satagit,

2575 5257 2700 5310 dum
2730 5255 3090 5310 conciliabula
3138 5256 3303 5327 cogit,
3351 5257 3476 5310 dum
3530 5256 3782 5321 fabricat,
3810 5267 3864 5310 et
3909 5257 4162 5312 versutia

2577 5346 2799 5399 malleos
2833 5344 3238 5415 infatigabiliter
3287 5357 3486 5411 versat,
3549 5345 3600 5399 in
3654 5346 3970 5416 languorem
4013 5346 4164 5403 deci-

2575 5435 2707 5490 dens
2739 5435 2806 5489 ad
2850 5445 3095 5489 extrema
3127 5436 3418 5505 perductus
3453 5445 3567 5502 est;
3602 5437 3798 5490 dehinc
3844 5437 3895 5490 in
3929 5437 4166 5506 phrene-

2575 5529 2674 5583 sim
2701 5538 2922 5598 repente
2952 5545 3264 5593 conversus,
3287 5530 3430 5599 quod
3463 5529 3641 5585 sciens
3673 5542 3854 5586 tuente
3890 5546 4160 5603 concepe-

2579 5629 2683 5685 rat,
2713 5633 2808 5674 ore
2837 5622 3086 5677 nesciens
3115 5620 3382 5676 etllucbat.
3417 5622 3577 5684 Ecce,
3602 5622 3795 5693 inquit,
3828 5623 3881 5677 in
3912 5626 4164 5693 proximo

2578 5711 3052 5780 comprehendam,
3091 5712 3220 5766 mihi
3270 5712 3484 5766 dabitur
3527 5714 3956 5778 monasterium,
4008 5715 4168 5775 adest

2579 5802 2762 5874 virga;
2820 5802 3110 5873 accipiam,
3163 5809 3220 5856 et
3267 5801 3586 5874 praevalebo.
3645 5802 3786 5858 Inter
3832 5805 3944 5859 lure
3992 5805 4160 5876 igitur

5077 6265 5128 6306 4

5081 6317 5128 6374 Α
