5882 6632
486 10 1109 35 Ειγγ

159 6416 647 6530 μ

2494 456 2601 539 ππ

2959 480 3020 539 S.
3047 482 3249 537 PETRI
3290 477 3571 536 DAMIANI
3610 477 3760 537 Ol‘P.
3804 475 4039 533 Ἧι]ιὲἱὸ
4082 473 4209 529 SEU
4253 472 4433 531 Ριιὶίὸ
4468 470 5021 531 Ui.-—OPUSCUL.\
5066 472 5293 529 VARIA.
5640 472 5727 529 7‘28

2502 598 2663 654 verba
2715 595 3017 663 defunctus,
3059 597 3333 653 sinistram
3382 596 3447 650 de
3502 612 3560 651 sc
3620 595 3880 650 fratribus
3932 606 4079 661 spem
4112 594 4159 649 Λ
4257 588 4421 643 Totus
4450 598 4568 643 esto
4597 604 4811 657 semper
4856 590 4909 643 in
4951 589 5260 659 prophetis,
5312 598 5454 645 totus
5497 589 5548 643 in
5578 590 5730 645 Evan-

2499 689 2739 762 reliquit.

3109 781 3336 836 CAPUT
3388 782 3491 836 VII.

2679 869 2990 940 Exemplum
3017 868 3271 923 Zeuxidi:
3305 872 3357 922 in
3386 872 3648 941 pingendo
3695 868 3901 924 Venere.

2574 958 2919 1032 Negligentes
2946 961 3178 1030 denique
3207 959 3545 1031 negligenter
3569 962 3769 1029 aspice,
3811 958 4082 1013 studiosos

2506 1058 2692 1106 autem
2737 1051 2882 1106 circa
2937 1052 3171 1105 animam
3227 1067 3379 1107 suam
3422 1069 3484 1107 ac
3562 1053 3747 1122 vigiles
3797 1050 4083 1121 vigilanter

2504 1140 2743 1195 attende.
2768 1139 2900 1195 Illud
2930 1141 3216 1211 siquidem,
3243 1158 3310 1196 ne
3334 1142 3503 1196 aliena
3534 1142 3673 1194 mala
3698 1141 3912 1194 curiose
3944 1137 4081 1207 diju-

2503 1232 2683 1298 dices;
2716 1234 2819 1287 hoc
2849 1243 3051 1296 autem,
3078 1244 3133 1287 ut
3160 1236 3496 1302 temetipsum
3520 1233 3586 1285 ad
3616 1233 3876 1285 bonorum
3904 1245 4083 1284 exem-

2446 1344 2449 1347 ·
2502 1323 2622 1393 plar
2648 1324 2992 1379 aemulatione
3023 1334 3225 1380 sanctae.
3269 1325 3587 1379 imitationis
3629 1324 3905 1377 informes.
3951 1321 4081 1375 Pro-

2500 1430 2643 1484 pone
2672 1416 2851 1485 itaque
2876 1416 2969 1470 tibi
2998 1416 3228 1487 aliquos,
3247 1417 3490 1487 egregios
3505 1416 3755 1470 videlicet
3778 1415 3991 1475 fratres.
4012 1430 4079 1466 ex

2504 1506 2667 1561 totius
2706 1516 2974 1561 conventu
3008 1508 3506 1575 emnobii,quorum
3544 1517 3691 1560 recta
3715 1506 3938 1575 vestigia
3964 1513 4079 1557 tuto

2500 1597 2683 1651 valeas
2702 1599 2899 1652 imitari
2928 1607 3013 1652 :et
3032 1608 3089 1653 ut
3107 1599 3317 1654 facilius
3342 1600 3516 1668 possis
3539 1600 3776 1667 aspirare
3796 1612 3899 1665 quo
3916 1595 4075 1659 duco,

2498 1687 2803 1755 exemplum
2829 1688 2921 1741 tibi
2945 1690 3009 1741 de
3038 1691 3312 1745 veteribus
3337 1690 3496 1743 dabo.
3518 1688 3859 1743 Heracleotes
3883 1685 4077 1741 Zeuxis

2497 1776 2741 1845 (Ciceno,
2784 1778 2817 1831 Ι.
2864 1794 2902 1832 ιι
2944 1779 3019 1833 De
3068 1780 3379 1849 inventione)
3437 1795 3629 1848 magno
3670 1796 3698 1832 a
3748 1779 4077 1833 Crotoniatis

2496 1870 2796 1925 conductus
2828 1882 2907 1926 est
2952 1874 3150 1941 pretio,
3180 1878 3236 1926 ut
3266 1873 3447 1926 Dianae
3478 1872 3825 1926 simulacrum
3870 1872 4075 1939 insigne

4190 680 4370 750 geliis;
4428 695 4630 749 occupa
4686 695 4779 735 cor
4837 689 4982 733 tuum
5020 681 5257 749 undique
5310 680 5534 736 diversis
5582 696 5730 737 sacrae

4187 769 4481 840 Scriptum
4538 771 4859 834 sententiis,
4925 779 4981 824 ut
5052 771 5193 824 nulla
5257 772 5371 841 ejus
5424 787 5549 842 pars
5597 782 5728 826 vacet

4186 862 4531 918 admittendis
4571 864 4953 934 cogitationum
4988 863 5224 916 inanium
5257 862 5568 931 phantasiis.
5596 862 5728 928 Quod

4186 955 4229 1007 si
4265 969 4444 1007 sermo
4478 953 4724 1008 fortassis
4752 954 4935 1009 horret
4987 953 5218 1008 incultus
5245 994 5259 1018 ,
5307 964 5361 1008 et
5400 953 5503 1008 mel
5558 952 5643 1008 Dei
5685 954 5729 1006 iu

4184 1046 4363 1101 cordis
4398 1048 4474 1101 tui
4505 1046 4659 1102 fauce
4691 1062 4797 1102 non
4846 1047 5057 1117 sapiat:
5124 1066 5141 1097 ι
5172 1048 5341 1115 Quam
5383 1046 5554 1101 dulcia
5582 1048 5729 1109 enim.

4184 1139 4261 1192 ait
4296 1138 4585 1209 Propheta.
4618 1138 4864 1194 faucibus
4917 1139 5052 1193 meis
5100 1138 5309 1209 eloquia
5358 1148 5468 1204 tua,
5508 1138 5730 1204 Domine,

4184 1247 4346 1301 super
4374 1231 4477 1285 mel
4512 1240 4566 1285 et
4609 1230 4819 1285 favum!
4854 1251 4872 1282 ι
4922 1230 5091 1298 (Psal.
5141 1231 5350 1299 cxvtti.)
5390 1247 5503 1296 ora,
5536 1230 5729 1300 jejuna,

4184 1333 4342 1389 atque
4391 1338 4581 1377 omnes
4613 1338 4640 1375 a
4687 1333 4735 1377 te
4783 1321 5064 1377 illecebras
5110 1332 5335 1377 terrena}
5383 1322 5733 1377 delectationis

4182 1415 4438 1470 abscinde
4466 1455 4478 1479 ,
4532 1423 4591 1467 ιιι
4636 1415 4779 1482 quod
4822 1431 4927 1469 non
4966 1430 5032 1469 ex
5078 1430 5137 1469 se
5188 1414 5280 1468 sed
5329 1428 5393 1467 ex
5445 1423 5492 1467 te
5543 1415 5734 1467 videtur

4180 1506 4491 1577 insipiilum,
4525 1510 4576 1561 in
4612 1517 4703 1561 tuo
4729 1508 4899 1576 possit
4936 1522 5029 1561 ore
5059 1507 5390 1563 dulcescei-e.
5419 1506 5572 1561 i’ueri
5600 1523 5735 1561 natu-

4180 1614 4283 1668 que
4312 1598 4383 1652 illi
4419 1601 4507 1667 qui
4544 1613 4600 1652 se
4651 1599 4793 1667 regis
4823 1600 5179 1652 decreverant
5226 1598 5396 1668 epulis
5443 1596 5732 1663 abstinere,

4180 1692 4417 1745 omnium
4471 1691 4727 1744 librorum
4781 1692 5099 1760 sapientiam
5161 1700 5215 1746 et
5264 1692 5540 1745 scientiam
5599 1699 5736 1758 grata

4180 1792 4495 1838 meruerunt
4548 1782 4747 1836 talione
4801 1783 5057 1852 recipere.
5114 1782 5312 1837 Danieli
5354 1796 5580 1851 quoque,
5620 1784 5731 1851 quia

4182 1893 4425 1932 censuras
4475 1878 4635 1944 hujus
4662 1885 4852 1931 auctor
4902 1877 5200 1936 exstiterat.
5258 1877 5359 1931 hoc
5402 1885 5481 1929 est
5534 1876 5736 1945 insuper

2495 1962 2855 2033 depingeret,
2915 1973 2968 2017 et
3017 1964 3129 2031 ejus
3187 1966 3475 2035 imaginem
3527 1966 3591 2018 ad
3642 1964 4076 2033 probatissimam
4109 1951 4154 2009 Β
4184 1970 4422 2023 additum
4468 1978 4523 2022 ut
4556 1969 4821 2031 visionum
4846 1968 5084 2021 omnium
5127 1977 5285 2037 atque
5310 1968 5633 2021 somniorum
5653 1982 5736 2019 no-

2493 2071 2605 2109 sua:
2632 2056 2767 2111 artis
2811 2058 3127 2113 industriam
3179 2060 3295 2113 sine
3337 2070 3739 2129 comparatione
3795 2059 4069 2112 formaret.

2493 2145 2750 2215 Poposcit
2782 2156 2961 2203 autem
2989 2164 3177 2203 omnes
3201 2150 3351 2203 urbis
3382 2150 3617 2217 virgines
3650 2150 3699 2202 in
3727 2164 3831 2201 uno
3868 2156 4073 2214 specta-

2494 2239 2616 2293 culo
2650 2238 2847 2310 colligi,
2892 2250 2950 2294 ut
2996 2241 3160 2295 futuri
3208 2243 3527 2313 elegantiam
3578 2243 3755 2311 operis
3783 2257 3848 2295 ex
3888 2256 4071 2293 carum

2493 2340 2679 2400 posset
2705 2334 2885 2402 specie
2906 2334 3157 2388 mutuari.
3194 2333 3298 2388 Sed
3325 2336 3450 2404 quia
3484 2335 3705 2404 pudicas
3731 2344 3783 2387 et
3817 2334 4071 2387 honestas

2490 2424 2729 2493 virgines
2771 2426 2823 2479 in
2852 2426 3125 2495 publicum
3174 2427 3391 2497 prodire
3436 2425 3515 2480 fas
3564 2443 3669 2480 non
3705 2436 3851 2489 erat,
3882 2440 4069 2479 t’ﬂl'll't.

2492 2513 2687 2569 fratres
2720 2514 2863 2569 ducti
2892 2526 3019 2568 sunt
3044 2517 3107 2570 ad
3140 2516 3441 2584 palmstram
3463 2558 3475 2579 ,
3508 2526 3566 2568 ut
3594 2532 3659 2569 ex
3685 2532 3870 2570 eorum
3900 2520 4073 2583 pictor

2490 2606 2686 2661 decore
2715 2608 2991 2679 colligeret
3044 2610 3169 2677 quid
3200 2610 3265 2663 de
3310 2624 3557 2663 sororum
3592 2610 3885 2662 venustiori
3915 2609 4072 2661 nimi—

2492 2712 2613 2750 rum
2663 2697 3061 2767 pulchritudine
3092 2699 3379 2767 judicarct.
3417 2699 3523 2753 Sed
3571 2700 3825 2767 quoniam
3875 2706 4070 2750 natura

2486 2801 2596 2842 non
2646 2802 2834 2842 omnes
2880 2788 2969 2841 uni
3021 2788 3440 2857 pulchritudinis
3492 2788 3644 2842 dotes
3698 2786 3959 2850 attribuit,
4012 2795 4073 2840 ut

2484 2879 2635 2949 quod
2663 2881 2754 2935 uni
2781 2882 3025 2935 membro
3052 2891 3336 2950 prterogat,
3366 2882 3455 2934 alii
3480 2895 3623 2951 saepe
3655 2881 3863 2941 demat;
3899 2894 4070 2947 eoque

2485 2972 2568 3033 fit,
2620 2981 2683 3027 ut
2714 2989 2880 3028 unum
2930 2974 3177 3043 idemque
3234 2975 3468 3029 hominis
3518 2990 3742 3043 corpus,
3795 2973 3934 3042 quod
3981 2974 4070 3027 hic

2484 3062 2824 3119 formositate
2857 3066 3196 3133 prreeminet.
3252 3066 3359 3120 illic
3410 3065 3751 3121 deformitate
3816 3064 4065 3128 laborat;

2486 3168 2554 3207 ex
2583 3154 2725 3207 omni
2774 3154 2863 3208 illo
2897 3170 3183 3223 puerorum
3221 3156 3469 3210 examine
3518 3157 3758 3227 quinque
3806 3138 4068 3208 duntaxat

2481 3245 2659 3313 pictor
2687 3244 2869 3313 elegit,
2910 3252 3055 3313 ‘quos
3096 3247 3160 3299 ad
3210 3245 3607 3315 compilandam
3652 3246 3912 3315 cujusque
3941 3245 4065 3314 pul-

4183 2062 4351 2113 titiam
4381 2058 4857 2128 perciperet(l)an.
4885 2060 4941 2128 ι).
4975 2059 5141 2130 Digno
5166 2058 5413 2113 videlicet
5439 2059 5729 2111 retributio-

4178 2152 4261 2205 nis
4283 2151 4477 2203 divinae
4505 2150 4853 2213 commercio,
4880 2160 4938 2203 ut
4968 2152 5053 2219 qui
5081 2164 5137 2204 se
5160 2166 5188 2203 a
5217 2148 5445 2204 carnalis
5473 2149 5629 2202 edulii
5655 2166 5734 2201 vo-

4179 2243 4378 2311 luptate
4436 2243 4838 2310 reprimerent,
4903 2241 4968 2295 ad
5032 2241 5324 2309 spiritualis
5390 2240 5733 2311 intelligentiae.

4176 2337 4340 2405 dapes
4365 2336 4559 2388 mentis
4591 2350 4684 2388 ora
4718 2334 4977 2389 latrarent.
5023 2334 5243 2392 Arcscat
5290 2334 5452 2403 igitur
5497 2347 5638 2399 caro,
5679 2344 5729 2386 ut

4179 2444 4330 2483 tttPns
4362 2430 4602 2497 saginata
4635 2429 4971 2500 pinguescat.

4788 2562 5012 2619 CAPUT
5050 2563 5135 2618 IX.

4243 2676 4301 2731 S.
4337 2676 4615 2732 Romualdi
4658 2679 4932 2733 consilium
4968 2690 5021 2733 ut
5048 2680 5371 2733 sobrietate»:
5398 2695 5665 2741 serrcmus,

4587 2762 4631 2803 et
4680 2750 4993 2821 hypocrisin:
5047 2752 5331 2819 fugiamus.

4242 2882 4357 2937 Cibi
4439 2886 4529 2954 qui
4590 2884 4981 2940 esettleutiore,
5047 2898 5171 2940 sunt
5235 2886 5617 2949 excludantur,
5678 2894 5732 2941 ut

4172 2976 4426 3031 intestina
4474 2977 4609 3032 bella
4663 2979 4867 3033 arbiter
4912 2978 5154 3033 occultus
5211 2979 5495 3048 inspiciat,
5542 2987 5594 3034 et
5641 2993 5734 3049 pro

4171 3066 4428 3121 stercoris
4476 3082 4603 3122 esca
4630 3109 4642 3131 ,
4703 3067 4937 3122 cmlestis
4988 3066 5226 3121 alimenti
5260 3067 5410 3122 nobis
5452 3068 5733 3121 suavitates

4171 3166 4423 3225 apponat.
4483 3157 4591 3214 Nec
4645 3158 4861 3227 ineptus
4922 3158 5156 3229 applices
5235 3159 5372 3227 quod
5425 3174 5564 3230 saepe
5629 3160 5730 3213 suis

4172 3250 4449 3318 discipulis
4479 3250 4562 3304 vir
4596 3252 4806 3305 Domini
4839 3250 5166 3306 Romualdus
5217 3252 5389 3307 aiebat
5425 3271 5437 3306 :
5479 3252 5691 3307 Fratres
5713 3293 5727 3317 ,

2479 3334 2804 3390 chritudinis
2833 3336 3153 3404 elegantiam
3181 3353 3292 3407 prie.
3321 3339 3491 3393 oculis
3523 3339 3729 3392 habuit.
3766 3337 3870 3392 Sed
3896 3354 4061 3408 quor-
4094 3308 4137 3370 Ο
4172 3339 4366 3408 inquit,
4396 3355 4515 3393 cum
4553 3341 4603 3393 in
4640 3340 5002 3410 quorumlibet
5030 3352 5295 3398 conventu
5327 3341 5465 3415 [vos]
5493 3344 5733 3408 reficitis,

2479 3440 2601 3481 sum
2629 3427 2742 3480 hzee
2776 3436 2882 3481 tam
2914 3427 3067 3498 longa
3101 3431 3409 3484 narratione
3434 3430 3749 3500 protracta?
3796 3430 4061 3484 Nimirum

2481 3526 2540 3571 ut
2567 3526 2623 3573 et
2648 3527 2707 3573 tu
2742 3533 2810 3574 ex
2834 3520 3076 3588 pluribus
3098 3537 3300 3591 paucos
3325 3523 3492 3592 eligas
3511 3565 3525 3587 ,
3576 3524 3640 3578 ad
3678 3540 3904 3594 quorum
3939 3542 4063 3579 nor-

2482 3622 2631 3662 mam
2680 3606 2957 3664 interioris
3019 3611 3253 3665 hominis
3315 3614 3771 3681 pulchritudinem
3825 3613 4062 3683 eliigiare

2479 3694 2797 3751 contendas.
2830 3696 2991 3752 Verbi
3022 3714 3183 3754 causa
3205 3742 3218 3765 ,
3248 3702 3388 3756 sicut
3418 3702 3505 3757 ille
3531 3705 3597 3757 ab
3626 3704 3730 3756 alio
3756 3704 4062 3758 relucentes

2477 3786 2703 3853 oculos,
2748 3790 2815 3844 ab
2847 3789 2953 3845 alio
2983 3792 3277 3847 subductas
3329 3808 3510 3858 aures,
3560 3794 3627 3848 ab
3682 3796 3783 3850 hoc
3828 3796 4061 3864 denique

2474 3881 2675 3937 lacteas
2713 3898 2777 3938 ac
2804 3884 3005 3941 rubore
3038 3884 3269 3944 suffusas
3307 3897 3582 3943 mutuatus
3631 3899 3714 3943 est
3756 3905 3951 3958 genas;
3986 3890 4060 3943 ita

2478 3972 2834 4030 nihilominus
2865 3977 3032 4031 etiam
3088 3987 3147 4033 tu
3201 3979 3266 4033 ab
3318 3980 3423 4033 alio
3461 3990 3766 4050 promptam
3808 3983 4061 4035 obedien-

2477 4064 2633 4129 tiam,
2675 4066 2742 4119 ab
2796 4066 2899 4122 alio
2946 4068 3402 4124 ferventissimam
3438 4073 3796 4133 charitatem.
3852 4075 3916 4126 ah
3957 4074 4059 4127 isto

2476 4158 2901 4226 pernoctationis
2952 4161 3243 4227 excubias,
3302 4163 3369 4217 ab
3425 4163 3517 4217 illo
3569 4165 3804 4218 diuturni
3862 4166 4057 4219 silentii

2480 4247 2629 4301 disce
2678 4262 3008 4316 censuram;
3063 4263 3350 4320 quatenus,
3383 4254 3523 4308 sicut
3581 4255 3670 4309 ille
3720 4256 4057 4312 diversorum

2475 4352 2764 4407 corporum
2794 4340 3139 4397 habitudines
3187 4344 3250 4397 ad
3286 4347 3445 4399 unius
3496 4344 3771 4401 simulacri
3820 4348 4055 4416 speciem

2479 4430 2796 4495 transtulit,
2840 4432 2917 4485 sie
2949 4444 3003 4486 et
3037 4441 3093 4487 tu
3126 4449 3193 4488 ex
3241 4437 3407 4490 variis
3457 4446 3768 4493 sanctorum
3810 4440 4051 4493 virorum

2477 4518 2771 4573 virtutibus
2801 4522 2960 4577 unius
2988 4523 3040 4575 in
3073 4532 3125 4577 te
3151 4525 3263 4579 veri
3296 4526 3389 4579 Dei
3422 4536 3696 4581 restaures
3739 4528 4049 4597 imaginem,

2472 4618 2534 4663 ut
2560 4609 2625 4663 ad
2648 4612 2897 4666 eumdem
2927 4614 3086 4685 762
3111 4617 3451 4684 postmodum
3475 4617 3701 4673 feliciter
3723 4635 4051 4691 cognoscens

2470 4700 2597 4754 dum
2626 4705 2917 4757 revertaris
2957 4713 3255 4762 auctorem.
3340 4760 3343 4761 ν

3056 4796 3282 4854 CAPUT
3322 4799 3431 4853 V'lll

2742 4885 2891 4951 Quod
2924 4890 3098 4944 cordis
3126 4892 3405 4961 duplicilas
3432 4892 3678 4963 fugienda
3704 4898 3789 4951 sit.

2543 4973 2685 5030 Cave
2735 4974 3135 5047 duplicitatem;
3190 4993 3307 5038 esto
3364 4984 3593 5054 simplex
3645 4986 3691 5057 (Ι
3729 4988 3963 5061 Cor.v),
3994 5001 4051 5045 ut

2467 5066 2613 5134 quod
2662 5067 2839 5135 lingua
2890 5069 3259 5141 depromitur,
3312 5087 3494 5131 mente
3542 5090 3810 5135 versetur.
3843 5082 4047 5154 Azyma

2468 5174 2706 5231 namque
2760 5162 3025 5217 soliditate
3071 5168 3365 5231 statuitur,
3420 5171 3740 5227 fermentum
3801 5178 4043 5231 eavernis

2465 5254 2961 5309 scaturescentibns
2981 5257 3224 5312 vitiatur.
3253 5259 3307 5313 ln
3343 5277 3530 5334 azyma
3557 5266 3755 5320 veritas
3786 5277 3840 5322 et
3869 5269 4044 5323 since-

2462 5343 2625 5408 ritas;
2662 5345 2714 5397 in
2747 5346 3016 5403 fermento
3046 5350 3252 5404 malitia
3289 5362 3371 5407 est
3398 5365 3450 5407 et
3476 5358 3733 5424 nequitia.
3769 5358 3869 5425 Qui
3914 5362 4045 5415 sim-

2460 5432 2677 5501 pliciter
2720 5440 3008 5505 gradieus,
3066 5457 3289 5514 azymus
3338 5456 3460 5511 est,
3520 5465 3713 5505 novum
3768 5454 4040 5509 hominem

2460 5521 2674 5588 induit;
2714 5526 2803 5594 qui
2854 5544 2920 5582 ex
2968 5531 3279 5601 duplicitate
3328 5534 3651 5593 fermentum
3684 5553 3786 5608 est,
3842 5544 3894 5599 in
3940 5561 4035 5600 vc-

2461 5616 2682 5670 tustatis
2710 5630 2890 5673 errore
2922 5628 3254 5692 permansit,
3303 5644 3367 5683 ac
3412 5644 3509 5699 per
3560 5632 3662 5687 hoc
3690 5634 3754 5687 ad
3783 5637 4039 5693 novitatis

2457 5706 2685 5773 gratiam
2713 5723 2818 5763 non
2847 5716 3104 5780 pervenit.
3146 5717 3284 5784 Quid
3332 5721 3475 5775 enim
3528 5722 3746 5792 prodest
3771 5724 4038 5783 Christia-

2458 5808 2589 5850 num
2616 5799 2783 5919 verb’o
2803 5810 2955 5861 tenus
2976 5820 3034 5863 se
3056 5808 3318 5879 proﬁteri,
3347 5821 3402 5869 et
3433 5829 3491 5871 re
3520 5813 3637 5886 ipsa
3664 5816 4035 5877 antichristia-

2458 5896 2585 5919 nm...
2610 5899 2726 5919 οοη

2457 5896 2587 5939 num
2610 5896 2755 5943 esse!

4168 3429 4390 3484 intentis
4422 3432 4488 3484 ad
4527 3432 4705 3485 cibum
4744 3435 4972 3497 caeteris,
5022 3434 5073 3488 in
5104 3434 5219 3503 ipso
5254 3434 5559 3491 refectionis
5586 3437 5734 3490 initio

4170 3520 4376 3588 parcite
4402 3539 4412 3573 :
4456 3530 4509 3575 et
4536 3538 4656 3575 cum
4677 3523 4785 3593 jam
4810 3524 4915 3578 illis
4936 3540 4997 3579 ex
5023 3537 5173 3593 parte
5196 3525 5523 3581 satisfactum
5554 3525 5730 3590 fuerit,

4168 3626 4263 3663 vos
4290 3611 4561 3676 inchoate,
4593 3622 4859 3681 quatenus
4883 3622 4938 3666 et
4973 3614 5272 3683 hypocrisis
5314 3624 5491 3670 notam
5519 3616 5732 3687 possitis

4166 3702 4397 3757 evadere
4436 3713 4491 3757 et
4520 3704 4834 3759 sobrietatis
4879 3704 5118 3775 regulam
5166 3706 5281 3762 sine
5310 3705 5597 3762 offensione
5623 3722 5733 3763 ser-

4165 3806 4311 3845 vare.
4328 3792 4496 3848 Porro
4512 3804 4689 3849 autem
4714 3794 5131 3864 vidiPomposire
5154 3798 5469 3852 monachum
5493 3799 5727 3868 apprime

4164 3884 4501 3956 divinmlegis
4521 3885 4793 3959 [scientia]
4809 3898 4862 3942 et
4885 3887 5182 3956 disciplinis
5202 3889 5531 3959 regularibus
5554 3890 5730 3944 erudi-

4164 3986 4296 4040 tum,
4324 3978 4436 4046 qui,
4464 3986 4523 4031 ut
4552 3976 4845 4045 ferebatur,
4872 3979 4975 4033 hoc
5000 3994 5121 4033 cum
5149 3980 5415 4034 assidente
5442 3980 5540 4035 sibi
5567 3980 5730 4037 fratre

4162 4068 4318 4138 parili
4368 4070 4723 4125 conventione
4776 4072 5093 4143 pepigerat,
5148 4080 5209 4126 ut
5256 4071 5493 4141 apposita
5537 4072 5728 4143 cuique

4160 4162 4291 4224 vini,
4316 4162 4455 4216 sicut
4481 4178 4598 4217 mos
4628 4171 4729 4227 est,
4747 4161 5102 4232 personaliter
5122 4162 5279 4228 obba,
5308 4172 5526 4232 uterque
5554 4163 5727 4233 quoti~

4159 4252 4247 4308 die
4291 4253 4599 4309 utriuslibet
4638 4269 4890 4309 mensura
4938 4262 5222 4310 contentus
5251 4264 5408 4309 esset.
5463 4253 5723 4309 Nimirum

4159 4354 4217 4398 ut
4241 4359 4309 4400 ex
4336 4358 4399 4399 eo
4448 4345 4592 4415 quod
4630 4346 4723 4400 uni
4753 4358 5105 4418 competeret,
5140 4347 5245 4401 duo
5288 4361 5345 4402 se
5385 4346 5483 4401 sub
5524 4346 5726 4402 sobrie.

4159 4438 4286 4491 tatis
4313 4438 4681 4493 moderamine
4709 4447 5112 4501 sustentarent;
5139 4454 5257 4494 eum
5279 4453 5405 4493 vero
5432 4438 5611 4493 socius
5640 4438 5725 4493 ille

4159 4531 4391 4595 deesset,
4432 4531 4483 4584 in
4537 4531 4652 4599 ipso
4699 4532 4902 4586 aestatis
4949 4532 5179 4596 ardore,
5233 4530 5324 4601 qui
5361 4530 5610 4585 nimirum
5659 4545 5720 4585 eo

4158 4620 4317 4691 763
4353 4621 4452 4676 loci
4489 4621 4783 4674 ferventior
4812 4622 5093 4687 incumbit,
5121 4635 5184 4676 eo
5221 4635 5391 4690 usque
5417 4620 5466 4674 in
5507 4621 5721 4691 pr0pria

4153 4714 4290 4766 obha
4321 4712 4502 4765 vinum
4532 4727 4783 4767 arescere
4810 4713 5170 4784 permittebat,
5200 4722 5257 4765 ut
5303 4720 5723 4767 scatureseentes

4159 4806 4209 4858 in
4242 4820 4306 4859 ea
4330 4820 4544 4861 vermes
4571 4805 4768 4877 saepius
4812 4806 5092 4876 reperiret.
5139 4805 5393 4860 Martinus
5427 4806 5605 4874 itaque
5634 4807 5723 4861 dc-

4153 4895 4415 4960 calvatus,
4447 4897 4545 4951 hoc
4574 4898 4769 4967 quippe
4793 4896 4840 4950 ei
4870 4895 5184 4951 vocabulum
5218 4906 5352 4962 erat,
5384 4896 5448 4951 ad
5471 4906 5716 4952 extrema

4150 4987 4472 5055 perveniens
4499 5029 4513 5052 ,
4562 5003 4683 5043 cum
4736 4987 4848 5056 ejus
4886 4996 5056 5043 totum
5110 5004 5302 5060 corpus
5338 4988 5589 5061 bydropis
5618 4992 5719 5044 hu-

4152 5096 4302 5136 more
4355 5082 4671 5136 immaniter
4721 5083 5103 5138 intumesceret
5134 5123 5147 5146 ,
5198 5096 5383 5137 omnes
5431 5096 5568 5145 nos,
5628 5083 5719 5152 qui

4145 5171 4339 5227 lectulo
4370 5173 4687 5227 videbamur
4715 5170 4989 5237 assistere,
5022 5172 5174 5242 petiit
5207 5181 5264 5225 ut
5302 5187 5421 5225 cum
5472 5172 5716 5242 dignare-

4148 5279 4270 5318 mur
4298 5266 4476 5333 scopis
4518 5263 4829 5335 singillatim
4876 5263 5101 5335 quilibet
5139 5268 5442 5321 verberare.
5475 5263 5719 5333 Cumque

4147 5355 4224 5410 sic
4266 5355 4318 5410 in
4372 5356 4476 5410 fide
4523 5354 4763 5427 perfecta
4817 5363 4871 5410 et
4906 5366 5092 5411 sancta
5142 5356 5332 5411 fuisset
5380 5353 5716 5410 confessione

4148 5447 4450 5513 defunctus,
4501 5448 4713 5503 cuidam
4757 5449 5093 5519 postmodum
5125 5448 5277 5503 fratri
5310 5448 5360 5501 in
5391 5446 5591 5502 visione
5624 5463 5716 5518 ap-

4147 5543 4347 5610 paruit.
4399 5542 4531 5597 Erat
4602 5552 4780 5597 autem
4834 5544 4886 5597 in
4939 5542 5214 5613 cujusdam
5275 5540 5715 5613 splendidissima

4148 5633 4382 5704 regionis
4430 5633 4677 5688 vernanti
4708 5642 4763 5687 et
4797 5632 4988 5689 ﬂorido
5018 5648 5260 5699 nemore,
5289 5631 5510 5687 candida
5560 5632 5715 5688 deco-

4146 5734 4297 5781 ratus
4320 5727 4475 5790 stola,
4510 5735 4564 5780 et
4587 5724 4790 5796 fulgido
4817 5726 5108 5796 prmelarus
5136 5732 5349 5797 aspectu
5382 5740 5395 5787 ;
5439 5723 5711 5778 recumbe-

4145 5818 4241 5873 bat
4265 5830 4445 5875 autem
4481 5820 4534 5874 in
4564 5819 4763 5875 lectulo
4794 5819 5116 5891 tegumentis
5159 5816 5453 5889 insignibus
5480 5824 5533 5871 et
5563 5818 5711 5870 miri-

4148 5908 4267 5966 ticis
4294 5911 4555 5969 adornato
4577 5952 4593 5977 ,
4640 5911 4707 5969 de
4739 5926 4845 5983 quo
4869 5910 5121 5971 videlicet
5162 5911 5434 5981 hucusque
5463 5905 5706 5969 culiciat.
