5882 6632
906 406 1006 464 719

1645 401 1890 462 OPUSC.
1926 400 2109 457 XLIX.
2146 431 2214 441 -—
2246 399 2334 455 DE
2373 396 2742 455 PERFECTA
2782 396 3093 455 MONACHI
3133 393 3423 453 INFORM.

4089 393 4197 449 750

903 517 995 567 ne,
1027 500 1154 557 dum
1185 500 1469 557 historiam
1527 500 1757 555 teximus
1781 539 1796 567 ,
1823 497 2133 570 CpiSlOlal‘iS
2181 492 2491 565 compendii
2519 497 2569 558 Δ
2595 494 2976 567 aequanimiter
3029 493 3363 548 sustinemus
3390 532 3406 558 ,
3465 504 3628 561 quem
3680 487 3766 544 vel
3820 497 4200 545 summotenus

903 595 1104 653 limites
1130 595 1475 654 excedamus.

1534 683 1762 743 CAPUT
1804 684 1867 739 Χ.

981 779 1136 847 Quod
1186 795 1355 833 sermo
1402 777 1464 833 de
1516 779 1666 835 rebus
1729 778 2075 834 structoribus
2136 774 2423 830 monachos

1571 852 1834 905 dedeceat.

979 963 1334 1021 Decreveram
1366 964 1584 1036 quidem
1614 967 1726 1035 jam
1759 964 1970 1019 calamo
2016 965 2285 1035 imperare
2331 965 2494 1019 silen-

901 1055 1042 1113 tium
1072 1073 1087 1123 ;
1128 1059 1222 1113 sed
1246 1074 1405 1127 quem
1444 1059 1599 1128 longa
1638 1058 1728 1111 siti
1760 1057 2005 1112 videmus
2036 1072 2319 1122 arescere,
2370 1072 2495 1125 per-

903 1162 1133 1204 avarum
1166 1158 1249 1203 cst
1276 1150 1347 1203 illi
1379 1149 1633 1220 cyathum
1664 1148 1973 1219 propinare.
2014 1148 2156 1203 Cave
2185 1149 2388 1218 itaque,
2422 1147 2497 1202 fili

904 1239 1251 1305 charissime,
1292 1257 1357 1297 ne
1389 1241 1625 1311 quando,
1659 1242 1802 1296 intra
1834 1241 2129 1296 claustrum
2180 1241 2499 1297 monasterii

906 1336 1259 1399 constitutus,
1298 1335 1362 1390 de
1401 1334 1752 1389 saecularibus
1784 1336 2017 1404 negotiis
2060 1336 2329 1405 colloquia
2374 1352 2499 1391 cum

905 1426 1261 1480 smcularibus
1292 1426 1559 1481 misceas:
1599 1435 1654 1481 et
1702 1428 1841 1481 sicut
1891 1427 2097 1482 referre
2125 1468 2139 1493 ,
2185 1428 2257 1482 ita
2305 1427 2501 1481 nihilo-

906 1515 1091 1570 minus
1117 1517 1382 1572 ctaudire
1410 1527 1748 1572 contemnas.
1790 1518 1938 1573 Illico
1990 1519 2149 1588 plane
2200 1520 2501 1589 indignatio

904 1615 1096 1662 sancta
1146 1608 1492 1677 respondeat,
1544 1619 1598 1663 et
1651 1610 1723 1679 pii
1774 1608 1875 1664 zeli
1930 1608 2111 1664 fervor
2152 1619 2502 1681 erumpentes

905 1712 1036 1754 mox
1075 1698 1336 1754 inconditi
1393 1702 1660 1755 sermonis
1708 1701 1937 1770 ineptias
1978 1701 2190 1772 frangat
2230 1718 2243 1755 :
2305 1722 2321 1753 ι
2350 1702 2499 1768 Qua),

906 1792 1143 1860 inquies,
1197 1804 1279 1848 est
1336 1794 1679 1865 participatio
1725 1794 1950 1862 justitize
1997 1812 2119 1850 cum
2170 1797 2503 1867 iniquitate?

906 1892 1006 1939 aut
1035 1900 1153 1954 ηυδε
1183 1886 1416 1941 societas
1443 1887 1577 1941 lucis
1608 1888 1673 1941 ad
1706 1888 1994 1944 tenebras?
2022 1908 2039 1939 ι
2073 1888 2123 1959 (Ι
2148 1889 2271 1943 Cor.
2305 1891 2401 1961 vt.)
2438 1890 2502 1945 Et

908 1991 1104 2032 revera
1127 1979 1255 2047 quid
1284 1981 1549 2035 monacho
1578 1996 1700 2035 cum
1726 1980 2079 2035 smcularibus
2106 1982 2295 2037 naeniis
2316 1983 2338 2036 ?
2363 1982 2503 2050 Quid

910 2070 1047 2123 mihi
1100 2073 1555 2141 perstrepentinm
1609 2072 1969 2140 juridicorum
2017 2072 2156 2139 fora,
2210 2075 2500 2129 tribunalia

905 2162 1356 2231 judicum,au|as
1391 2181 1598 2235 regum,
1654 2166 1797 2219 intra
1848 2168 2302 2223 monaSteriorum
2351 2179 2502 2240 septa

912 2257 1271 2324 pertrahere?
1296 2256 1434 2323 Quid
1465 2268 1678 2313 mortuo
1702 2259 1905 2314 homini
1937 2272 2164 2314 narrare
2188 2261 2253 2315 de
2280 2263 2499 2331 praeliis,

911 2346 1126 2401 dotales
1159 2349 1369 2402 tabulas
1423 2351 1567 2405 inter
1618 2351 1771 2415 tales,
1820 2352 2053 2406 divortio
2085 2352 2499 2419 interveniente,

910 2442 1214 2507 rescissas;
1259 2441 1377 2496 illos
1419 2443 1588 2497 titulis
1636 2443 1831 2498 efferre
1881 2444 2181 2510 natalium,
2239 2446 2503 2501 infamare

912 2530 1052 2587 alios
1087 2532 1322 2587 novitate
1353 2533 1689 2588 centenum?
1720 2533 1814 2589 llis
1866 2535 2050 2605 itaque
2101 2547 2155 2590 et
2193 2536 2501 2605 hujusmedi

911 2625 1073 2693 nugis
1117 2626 1352 2679 inaniter
1400 2627 1676 2696 occupari,
1739 2626 1892 2696 quid,
1940 2643 2123 2697 quasi)
2173 2638 2285 2694 est,
2342 2629 2444 2683 nisi
2473 2644 2503 2684 a

910 2717 1202 2787 perspicuo
1259 2715 1407 2770 fonte
1456 2716 1648 2771 divinae
1696 2716 1871 2772 laudis
1922 2718 2104 2773 fauces
2141 2729 2420 2782 avertere,
2452 2730 2505 2773 et

910 2808 1118 2865 caenosi
1167 2808 1262 2861 luti
1305 2808 1597 2878 spurcitias
1634 2823 1728 2863 ore
1758 2811 2010 2864 versare?
2043 2809 2195 2864 Uade
2244 2827 2348 2865 non
2406 2813 2506 2864 im-

911 2899 1112 2956 merito
1142 2914 1236 2969 per
1264 2898 1555 2955 Jeremiam
1587 2899 1853 2954 Dominus
1875 2901 2253 2969 conqueritur,
2280 2906 2463 2956 dzcens
2490 2920 2502 2955 :

916 3012 937 3045 ‹
960 2992 1076 3046 Duo
1108 2992 1247 3046 mala
1282 2992 1410 3045 fecit
1440 2990 1667 3062 populus
1716 3006 1869 3045 meus
1894 3032 1906 3056 ,
1938 3007 2025 3046 me
2071 2992 2504 3062 dereliquerunt,

913 3081 1120 3138 fontem
1151 3097 1305 3153 aqua:
1330 3082 1485 3152 viva},
1509 3090 1564 3141 ct
1586 3081 1843 3143 foderunt
1870 3083 1974 3143 Sibi
1996 3084 2281 3155 cisternas,
2316 3086 2508 3146 cister-

912 3190 1015 3235 nas
1063 3175 1390 3251 dissipatas,
1453 3195 1576 3250 qua:
1626 3181 1908 3235 continere
1958 3197 2064 3237 non
2117 3182 2300 3236 valent
2341 3199 2507 3253 aquas

914 3270 1055 3343 (Jer.
1098 3272 1215 3343 11).»
1277 3271 1567 3328 Enimvero
1613 3272 1783 3343 ipsam
1832 3272 2055 3329 claustri
2121 3276 2193 3328 tui
2244 3274 2509 3330 fabricam

913 3364 1318 3435 respice:ecce
1346 3364 1491 3417 enim
1539 3364 1846 3433 quadrifida
1887 3375 1989 3430 est,
2017 3375 2075 3421 ut
2099 3367 2357 3421 nimirum
2398 3368 2511 3436 ipso

912 3456 1022 3514 loci
1072 3458 1210 3512 situs
1252 3456 1531 3512 evidenter
1586 3458 1833 3529 edoceat}
1881 3459 2025 3528 quod
2081 3460 2318 3530 undique
2369 3470 2420 3515 te
2482 3476 2512 3515 a

914 3551 1205 3607 mundana:
1227 3551 1658 3607 conversationis
1681 3552 1908 3619 strepitu
1932 3562 2200 3607 semotum
2236 3568 2355 3607 esse
2383 3568 2514 3607 eon-

911 3644 1123 3701 veniat.
1156 3642 1325 3698 Porro
1358 3645 1493 3702 satis
1527 3644 1784 3699 indecens
1820 3655 1901 3700 est
1944 3654 1999 3701 et
2045 3647 2413 3711 inhonestum,
2450 3664 2514 3703 ac

916 3752 1022 3809 per
1045 3736 1227 3789 omnia
1252 3734 1515 3805 probatur
1548 3734 1867 3803 absurdum,
1912 3743 1969 3787 ut
2003 3736 2145 3806 quod
2179 3736 2230 3789 in
2272 3737 2513 3791 tabernis

915 3827 1203 3885 consuevit
1260 3827 1381 3897 quis
1427 3836 1677 3881 eructare
1723 3841 2027 3896 cauponam
2057 3868 2071 3891 ,
2112 3828 2255 3896 quod
2309 3828 2513 3897 passim

914 3926 1171 3973 versatur
1211 3919 1355 3974 inter
1400 3934 1649 3989 gynaecea
1707 3919 2033 3982 textricum,
2095 3919 2147 3972 in
2199 3928 2513 3972 sanctorum

921 4013 1096 4069 choro
1119 4011 1295 4067 locum
1326 4010 1574 4077 invenire
1602 4010 1783 4065 valeat
1815 4011 2225 4065 monachorum.
2257 4009 2399 4065 Sane
2422 4011 2513 4065 ubi

916 4104 1215 4178 prophetas
1279 4110 1335 4156 et
1396 4101 1670 4167 apostolos
1734 4101 1933 4171 alloqui
1995 4116 2081 4156 me
2140 4100 2513 4157 desiderantes

918 4194 1148 4266 aspicio,
1178 4192 1267 4247 ubi
1299 4192 1571 4247 Christum
1606 4208 1761 4246 suum
1808 4192 1936 4247 mihi
1970 4192 2299 4262 pandentem
2334 4192 2511 4247 Evan-

918 4286 1119 4358 gelium
1146 4298 1312 4341 cerno
1341 4323 1355 4348 ,
1387 4298 1488 4354 ego
1537 4283 1742 4338 relictis
1772 4282 1910 4348 illis,
1948 4284 2222 4354 inquiram
2264 4283 2307 4338 si
2343 4299 2517 4354 nuper

915 4377 1141 4435 Adriam
1198 4374 1613 4431 transfretantes
1658 4375 1833 4430 adhuc
1886 4372 2266 4444 applicuerunt
2310 4374 2517 4429 naves?

918 4472 1114 4545 quanti
1145 4469 1223 4525 sal
1255 4469 1501 4525 vteueat?
1534 4478 1711 4523 utrum
1750 4472 1981 4522 annonae
2013 4467 2253 4522 modium
2301 4479 2513 4523 taxema

2602 598 2949 649 accusantem
2997 586 3244 660 perferre
3299 602 3406 642 non
3451 600 3762 655 possumus.
3794 584 3964 655 Exige
3994 582 4090 638 tibi
4140 589 4203 637 ut

2601 683 2815 737 animus
2842 690 2965 736 tuus
3011 694 3078 734 ex
3128 677 3342 733 abbatis
3382 675 3588 746 jugiter
3637 676 3821 731 animo
3862 675 4115 746 pendeat,
4147 681 4205 729 et

2600 791 2876 847 nunquam
2925 773 3133 845 proprii
3178 772 3359 829 cordis
3406 770 3718 835 arbitrium,
3749 769 3843 826 sed
3872 767 3989 837 ejus
4018 767 4201 823 humi-

2600 868 2725 923 liter
2750 866 2998 937 sequaris
3030 879 3245 935 semper
3280 864 3590 933 imperium.
3640 860 3751 917 Ora
3800 861 3985 930 itaque
4030 860 4201 914 Deum

2602 970 2659 1013 ut
2684 975 2783 1029 per
2807 974 2931 1014 eum
2964 958 3084 1024 tibi,
3115 956 3263 1012 velut
3293 971 3557 1027 organum
3595 954 3804 1009 scilicet
3851 967 3963 1008 suae
4002 953 4207 1006 verita-

2604 1053 2693 1117 tis,
2724 1052 2937 1121 aperiat
2980 1050 3113 1120 quid
3140 1049 3233 1103 tibi
3267 1048 3535 1120 agendum
3562 1060 3686 1102 esse
3710 1060 3810 1117 pro
3840 1044 3923 1099 sui
3949 1041 4206 1116 benepla-

2604 1150 2697 1205 citi
2728 1147 3083 1219 dispositione
3104 1147 3384 1203 decernat.

3221 1236 3453 1294 CAPUT
3492 1234 3585 1292 XI.

2678 1336 2832 1405 Quod
2880 1333 3185 1391 Christiana
3242 1332 3490 1405 nobilitas
3526 1347 3591 1384 ca:
3635 1326 3867 1395 Christo,
3923 1344 4027 1382 non
4070 1342 4136 1381 ea:

3143 1405 3252 1459 avis
3302 1404 3527 1474 petenda
3574 1411 3673 1456 est.

2677 1520 2795 1577 Noli
2854 1519 3192 1592 phaleratam
3259 1515 3547 1586 aliquando
3612 1527 3940 1586 proavorum
4009 1511 4211 1568 lineam

2607 1622 2813 1680 texere,
2855 1621 2913 1667 ut
2944 1613 3009 1667 de
3050 1626 3190 1665 vana
3236 1619 3288 1664 te
3330 1609 3463 1662 velis
3513 1607 3673 1661 alieni
3715 1606 3950 1661 nominis
3978 1619 4212 1676 genero-

2606 1707 3015 1777 sitatejaetare.
3054 1702 3221 1758 Planc
3262 1702 3354 1771 qui
3408 1702 3582 1756 literes
3614 1699 3731 1765 Dei,
3770 1708 3823 1753 et
3852 1698 4094 1753 cohaeres
4127 1702 4215 1753 est

2607 1805 2829 1869 Christi,
2872 1817 3086 1858 omnem
3135 1797 3337 1855 terreni
3379 1797 3685 1853 stemmatis
3708 1794 4025 1866 prosapiam
4055 1805 4214 1863 supe-

2609 1908 2712 1953 rat.
2759 1894 3145 1951 Verumtamcu
3192 1907 3313 1947 esse
3362 1889 3732 1945 Christianum
3786 1901 4041 1959 magnum
4092 1894 4210 1949 est,

2610 2006 2716 2045 non
2748 1988 2918 2043 videri
2949 1986 3034 2041 vel
3068 1985 3206 2050 dici;
3246 1994 3304 2039 et
3330 1984 3420 2039 ille
3448 1982 3568 2053 plus
3594 1995 3737 2052 saepe
3762 1979 3941 2051 placet
3983 1978 4210 2045 mundo,

2611 2082 2702 2152 qui
2730 2080 2981 2149 displicet
3016 2078 3147 2133 Deo.
3180 2074 3553 2147 Quorumdam
3584 2087 3716 2128 sane
3751 2081 3973 2127 versuta
4001 2069 4215 2126 callidi-

2614 2186 2735 2235 tas,
2790 2171 2945 2241 quasi
2991 2168 3346 2239 derogando,
3407 2166 3676 2237 majorum
3743 2178 3965 2219 suorum
4017 2175 4217 2217 nomen

2611 2269 2982 2332 exaggerant;
3026 2269 3102 2325 et,
3138 2268 3194 2313 lll
3217 2267 3468 2329 potentes
3516 2266 3681 2326 atque
3728 2252 4000 2325 magnifici
4051 2252 4219 2308 fuisse

2612 2355 2916 2415 videantur,
2971 2351 3239 2421 superbia:
3277 2364 3371 2405 eos
3433 2348 3519 2403 vel
3565 2346 3910 2403 crudelitatis
3958 2350 4214 2416 arguunt.

2614 2444 2791 2500 Tenes
2816 2454 2959 2513 quod
2989 2442 3149 2497 dico?
3174 2443 3390 2497 Accuso
3427 2438 3694 2495 Achillem
3739 2437 3897 2493 multi
3940 2435 4220 2508 sanguinis

2613 2554 2806 2604 reum,
2841 2546 2901 2591 ut
2936 2547 2991 2591 tu
3025 2534 3297 2605 intelligas
3348 2534 3615 2589 bellorum
3673 2533 3854 2588 studio
3908 2540 4215 2587 strenuum.

2614 2630 2795 2698 Argoo
2834 2628 3033 2683 ltalica:
3062 2625 3403 2697 pervasionis
3430 2623 3793 2690 Annibalem,
3845 2631 3905 2678 ut
3952 2632 4005 2678 tu
4052 2623 4220 2677 auda-

2616 2734 2734 2774 cem
2766 2734 2870 2773 non
2921 2719 3159 2781 dubites,
3192 2725 3247 2770 et
3287 2717 3588 2771 robustum.
3624 2714 3937 2771 Memineris
3966 2713 4221 2786 frequen-

2618 2824 2700 2865 ter
2726 2810 2993 2865 orandum
3021 2820 3103 2874 ut,
3133 2824 3361 2877 corpore
3408 2817 3568 2863 terrae
3598 2816 3899 2876 prostrato,
3932 2822 4088 2862 mens
4117 2805 4223 2861 eri-

2616 2913 2775 2975 gatur
2798 2904 2863 2959 ad
2889 2902 3109 2957 coelum.
3139 2900 3344 2956 Ventre
3371 2916 3546 2956 vacuo
3575 2900 3775 2970 saepius
3806 2899 3980 2955 dormi
4008 2916 4022 2964 ;
4070 2899 4220 2956 sitim

2619 3008 2671 3051 te
2718 2996 2786 3050 ad
2834 2994 3089 3049 lectulum
3132 2995 3485 3049 comitantem
3543 3006 3707 3062 sopor
3770 2991 3996 3061 mitiget.
4042 2990 4226 3046 Mode-

2619 3100 2737 3149 rata
2765 3088 2949 3165 vigilia
2976 3103 3119 3163 pura:
3150 3088 3415 3147 orationis
3440 3095 3523 3145 est
3548 3101 3735 3154 causa,
3780 3086 4074 3144 indiscreta
4118 3100 4220 3144 att-

2621 3195 2727 3239 tem
2758 3195 2811 3239 et
2837 3185 3011 3239 otiosa
3061 3183 3311 3253 loquendi
3366 3184 3423 3237 ftt
3468 3197 3609 3252 saepe
3664 3184 3924 3248 materia;
3976 3182 4103 3252 quia
4134 3180 4222 3237 cui

2618 3278 3009 3350 palpitantibus
3061 3277 3253 3338 oculis,
3288 3276 3648 3331 oscitantiltus
3694 3274 3854 3330 labiis
3898 3275 4078 3346 legere
4127 3282 4223 3330 aut

2613 3386 2777 3425 orare
2828 3385 2934 3423 non
2988 3367 3149 3429 licet,
3205 3366 3495 3437 aliquando
3554 3381 3753 3421 vacare
3807 3365 4005 3421 fabulis
4065 3366 4220 3422 lihet.

2615 3462 2964 3531 Quapropter:
3003 3475 3127 3514 sero
3158 3459 3413 3516 lectulum
3445 3468 3599 3529 pete,
3632 3461 3698 3513 ad
3728 3458 3943 3531 vigilias
3970 3460 4227 3516 modera-

2617 3554 2723 3609 tius
2754 3568 2935 3623 surge.
2978 3552 3286 3607 Prteveniat
3334 3551 3602 3621 siquidem
3634 3568 3858 3607 somnus
3887 3552 4222 3620 accubitum,

2617 3660 2721 3699 non
2752 3644 3035 3701 accubitus
3063 3658 3312 3697 somnum
3343 3661 3356 3709 ;
3392 3654 3453 3697 ut
3487 3658 3594 3713 quo
3626 3642 3897 3699 difficilius
3925 3643 4225 3701 necessitas

2616 3739 2777 3792 dilata
2806 3737 3152 3799 conceditur,
3186 3752 3214 3789 a
3243 3734 3405 3791 fessis
3434 3736 3697 3791 membris
3723 3736 3935 3792 avidius
3957 3737 4221 3807 rapiatur.

2615 3828 2825 3884 Interea
2856 3828 3219 3891 rumusculos,
3250 3839 3302 3881 et
3332 3828 3593 3898 gloriolas
3621 3870 3634 3893 ,
3682 3837 3737 3883 et
3784 3828 4068 3900 palpantes
4084 3830 4226 3886 adu-

2617 3920 2833 3983 latores,
2869 3931 3126 3989 tanquam
3174 3920 3467 3990 serpeutini
3520 3935 3735 3975 morsus
3766 3934 3973 3977 venena
4021 3923 4224 3990 devita;

2616 4019 2672 4064 et
2700 4011 2845 4064 velut
2874 4008 3080 4077 objecta
3125 4010 3368 4063 thetiaca
3411 4010 3661 4078 protinus
3705 4011 3964 4066 audiant:
4013 4013 4227 4069 «Aver—

2619 4110 2804 4155 tantur
2825 4101 3009 4155 statim
3038 4100 3446 4165 erubescentes,
3481 4102 3573 4169 qui
3618 4102 3806 4156 dicunt
3841 4102 3981 4157 mihi
4010 4122 4021 4157 :
4055 4103 4222 4176 Euge,

2617 4194 2783 4263 euge!
2826 4210 2845 4243 ι
2883 4188 3059 4262 (Psal.
3089 4192 3236 4261 nux)
3265 4189 3410 4245 Nihil
3448 4192 3709 4247 mediocri
3740 4193 3794 4247 in
3841 4202 3891 4247 te
3937 4204 4227 4252 contentus

2618 4301 2760 4351 sum,
2814 4284 2929 4352 ftli;
2992 4294 3161 4340 totum
3217 4300 3512 4349 summum,
3569 4294 3738 4339 totum
3796 4286 4096 4355 perfectum
4143 4296 4230 4344 est

2619 4378 2763 4448 quod
2838 4378 2891 4432 in
2967 4388 3017 4432 te
3086 4377 3291 4432 sentire
3369 4378 3640 4433 desidero.
3726 4377 3983 4449 Deposita
4060 4381 4229 4453 igitur

2618 4468 2797 4523 omnis
2884 4467 3092 4523 inertiae
3174 4475 3228 4522 et
3304 4468 3539 4537 torporis
3619 4468 3829 4536 ignavia
3874 4510 3888 4535 ,
3965 4471 4228 4527 adversus

918 4565 1105 4623 carius
1165 4562 1415 4618 vendat?
1478 4561 1737 4616 Facessat
1798 4561 1962 4631 igitur
2042 4561 2110 4613 ab
2169 4574 2265 4615 ore
2328 4559 2964 4648 militisDtemetipsum
3010 4560 3125 4630 ipse
3182 4560 3557 4631 congredere,
3616 4568 3795 4615 tecum
3849 4562 4090 4627 dimica,
4142 4571 4225 4618 te-

919 4656 1123 4714 Christi
1161 4656 1335 4709 onmis
1389 4655 1511 4708 vani
1543 4653 1707 4725 ³164,
1736 4652 1969 4707 rumoris
2024 4652 2262 4722 ineptia;
2312 4661 2368 4706 et
2418 4651 2516 4706 lin-

923 4765 1030 4823 gua
1105 4764 1225 4821 quae
1281 4746 1612 4803 imtnacuiati
1672 4747 1841 4817 agni,
1909 4747 2017 4801 imo
2074 4747 2269 4801 summi
2350 4746 2517 4802 Verbi

922 4842 1084 4899 iubet
1135 4841 1427 4909 sanguine,
1480 4838 1800 4908 dedignetur
1856 4837 2015 4893 otiosi
2078 4838 2349 4894 sermonis
2397 4854 2517 4894 sese

924 4934 1150 4991 faecibus
1195 4934 1497 5004 inquinare.
1540 4930 1655 4987 Noli
1691 4934 1941 5002 cuiquam
1976 4932 2295 4997 detrahere,
2327 4934 2420 4988 sed
2452 4949 2518 4987 ne

924 5034 985 5082 tu
1016 5040 1200 5079 aurem
1227 5024 1441 5094 quidem
1464 5023 1684 5092 dignum
1714 5022 1880 5078 ducas
1904 5023 2315 5081 detrahentibus
2347 5024 2518 5094 appli-

925 5128 1071 5171 care.
1110 5111 1241 5167 Cum
1280 5112 1698 5177 detractoribus,
1736 5113 1812 5166 ait
1843 5112 2097 5167 Salomon
2122 5155 2135 5179 ,
2186 5128 2253 5167 ne
2290 5115 2519 5169 commi-

926 5204 1176 5268 scearis;
1219 5204 1471 5272 quoniam
1501 5212 1722 5272 repente
1757 5204 1935 5259 veniet
1962 5204 2195 5273 perditio
2224 5220 2430 5268 eorum,
2464 5215 2515 5259 et

927 5295 1144 5351 ruinam
1176 5303 1530 5365 utrorumque
1559 5295 1681 5366 quis
1719 5296 1900 5350 novit?
1930 5305 2037 5351 tam
2090 5296 2344 5353 videlicet
2374 5296 2517 5353 illius

928 5387 1022 5457 qui
1063 5387 1319 5453 detrahit,
1373 5400 1535 5455 quam
1589 5386 1706 5455 ejus
1761 5389 1850 5459 qui
1907 5404 2092 5445 aurem
2142 5389 2519 5445 accommodat

930 5480 1259 5555 detrahenti.
1307 5478 1425 5549 ipse
1440 5478 1663 5552 potius,
1710 5481 1753 5536 si
1804 5482 1945 5537 ratio
1988 5483 2255 5553 postulat,
2315 5483 2523 5555 peracti

934 5572 1157 5629 sceleris
1186 5586 1369 5643 argue,
1400 5570 1567 5626 durus
1604 5573 1892 5637 invehere,
1926 5589 2031 5629 non
2063 5590 2258 5631 verens
2284 5591 2526 5646 praesen-

933 5675 1043 5722 tem
1100 5665 1371 5721 austerius
1443 5664 1765 5736 increpare;
1826 5666 2106 5723 absentem
2170 5677 2350 5723 autem
2418 5680 2525 5725 non

931 5758 1160 5825 iaceres,
1194 5772 1295 5814 nec
1337 5756 1479 5829 apud
1525 5756 1661 5814 alios
1710 5756 1875 5814 livido
1920 5759 2079 5816 dente
2126 5761 2524 5817 commordeas.

934 5848 1086 5923 Saepe
1116 5851 1285 5917 enim,
1326 5846 1515 5906 nescio
1544 5862 1652 5920 quo
1693 5856 1876 5920 pacto,
1914 5851 2161 5909 severius
2205 5859 2523 5925 arguentem

2621 4668 2745 4708 cum
2809 4667 2989 4722 pugna
3038 4668 3051 4704 :
3106 4660 3182 4713 et,
3252 4660 3471 4722 arrepto
3530 4652 3860 4724 evangelicae
3927 4654 4226 4725 disciplima

2622 4741 2784 4813 765
2815 4755 3093 4799 mucrone,
3140 4755 3332 4797 omnes
3379 4740 3940 4797 circumfrementium
3972 4744 4229 4807 vitiorum

2620 4835 2865 4889 cervices
2926 4834 3228 4896 obtrunca;
3288 4833 3422 4887 dura
3480 4849 3712 4905 quaeque
3763 4844 3818 4889 et
3879 4851 4071 4906 aspera
4130 4851 4229 4907 pro

2618 4924 2823 4980 Christi
2854 4939 3072 4994 semper
3096 4939 3284 4980 amore
3322 4925 3629 4996 perferens,
3660 4927 3878 4983 virtutis
3907 4928 4227 4985 exercitium

2623 5017 2807 5072 crede.
2885 5016 3155 5087 Quidquid
3227 5019 3379 5071 carni
3454 5017 3836 5087 voluptuosum
3911 5020 4127 5075 videtur
4176 5029 4231 5076 et

2625 5110 2905 5175 biandum,
2947 5118 3007 5163 ut
3059 5124 3244 5164 revera
3268 5108 3464 5164 diaboli
3496 5110 3814 5177 viscarium,
3850 5113 4225 5182 perhorresce.

2626 5204 2883 5273 Quisquis
2911 5204 3057 5257 enim
3088 5204 3140 5256 in
3167 5204 3485 5259 monachica
3516 5205 3699 5277 regula
3740 5206 3921 5261 carnis
3961 5221 4019 5261 se
4048 5216 4232 5277 sperat

2625 5295 2920 5351 blanditias
2954 5295 3218 5362 invenire,
3250 5295 3392 5350 velut
3422 5311 3490 5351 ex
3520 5297 3675 5353 arido
3702 5296 3847 5369 ligno
3884 5315 4105 5355 succum
4136 5314 4230 5355 co-

2626 5395 2788 5443 natur
2846 5387 3172 5456 exprimere.
3231 5385 3491 5442 Scurrilia
3543 5403 3805 5459 quaeque,
3869 5389 4229 5459 urbanitates,

2629 5480 2790 5546 sales,
2844 5478 3072 5535 facetias
3122 5479 3445 5551 leporesque
3487 5482 3778 5536 verborum
3826 5497 3855 5535 a
3908 5481 4067 5538 labiis
4126 5484 4234 5541 tuis

2632 5581 2888 5641 tanquam
2939 5571 3261 5643 gentilitatis
3309 5572 3579 5643 quoddam
3628 5574 3950 5644 prteputium
3998 5575 4233 5631 circum-

2629 5665 2769 5721 cide.
2802 5664 3143 5722 Piscatorum
3173 5681 3411 5737 namque
3442 5680 3629 5721 sumus
3657 5666 3929 5737 discipuli,
3962 5682 4068 5723 non
4100 5683 4231 5724 ora-

2628 5770 2830 5827 torum,
2863 5769 2924 5815 ut
2950 5776 3013 5817 ex
3044 5776 3141 5817 ore
3170 5761 3467 5818 Christiani
3506 5776 3615 5817 non
3651 5762 3895 5817 latinitas
3926 5761 4108 5829 Tullii,
4137 5762 4235 5819 sed

2624 5852 2952 5926 simplicitas
2988 5861 3209 5935 resonet
3234 5852 3460 5914 Christi.
3500 5854 3705 5915 Omnes
3736 5853 3903 5929 766
3928 5854 4235 5914 voluntates
