5882 6716
0 0 1928 229 ς-’ν

0 6295 1102 6716 ἑ

2443 357 2535 414 731
2893 362 2948 418 S.
2987 361 3186 419 PETRI
3223 363 3502 420 DAMIANI
3539 365 3688 423 OPP.
3733 361 4133 423 TOMUS‘SEU
4165 365 4342 422 PARS
4381 365 4554 423 ιιι.-
4581 367 4766 428 OPUSt

3331 363 3502 420 lilANl
3539 365 3688 423 OPP.
3733 361 4133 423 TOMUS‘SEU
4165 365 4342 422 PARS
4381 365 4554 423 ιιι.-
4581 367 4942 428 OPUSCULA
4981 367 5208 425 νΑιιιΑ.
5557 371 5654 429 T53

2440 479 2684 549 proprias
2735 478 2942 548 frange,
2995 480 3224 548 undique
3271 491 3322 535 te
3363 497 3482 534 cum
3520 482 3758 553 apostolo
3791 482 3992 538 Christi
4024 494 4070 552 Α
4099 481 4226 534 mihi
4281 483 4508 548 fratres,
4565 484 4827 540 Boninum
4873 495 4926 540 et
4960 485 5194 552 Petrum,
5231 486 5274 541 si
5318 486 5472 542 solito
5511 465 5682 545 more.

2442 571 2850 625 mortificatione
2911 573 3212 642 praecinge;
3279 576 3512 643 undique
3584 578 3838 646 impressa
3903 579 3995 631 tihi
4105 573 4302 626 videris
4350 574 4635 643 aliquando
4688 577 4948 632 excelsius
4999 593 5211 638 canere.
5260 579 5360 634 hoc
5398 579 5655 637 distichon

2441 661 2689 731 stigmata
2719 662 2894 715 crucis
2922 666 3160 724 ostende,
3213 674 3268 717 ut
3315 682 3418 734 quo
3467 684 3605 720 runc
3632 671 3830 721 arctius
3855 667 3998 734 judi-
4107 680 4224 717 meo
4257 667 4472 720 nomine
4495 666 4549 720 in
4576 682 4760 721 eorum
4789 669 5035 723 manibus
5062 684 5196 739 pone
5222 687 5233 721 :

2438 752 2540 805 cati
2571 753 2788 822 vestigia
2818 755 3077 822 sequeris,
3120 770 3184 808 eo
3229 767 3347 824 post
3395 759 3674 812 sublimius
3711 761 3766 827 ju
3794 760 4000 811 iicantis

2437 847 2703 895 consortio
2739 842 3043 912 perfruaris.
3088 845 3286 901 Omnes
3329 860 3505 903 autem
3544 859 3758 903 stiucttvs
3811 850 4001 902 fratres

2438 937 2743 988 monasterii
2784 938 2853 989 tui
2888 952 3002 990 mea
3049 939 3167 996 vice
3216 942 3407 1003 saluta,
3442 941 3786 995 charissimos
3819 952 3999 994 autem

4095 801 4104 810 ε
4177 779 4274 852 Qui
4305 779 4669 834 Philomelinis
4697 783 5008 852 depromitis
5039 798 5233 851 organa
5258 782 5423 846 ﬁbris,

4180 850 4367 902 lntiina
4407 866 4504 902 vox
4530 854 4706 905 cordis
4745 850 4971 906 modulis
4996 850 5129 906 bene
5158 857 5401 907 concinat
5429 851 5554 907 oris.

4439 941 4515 996 Sit
4547 961 4729 998 nomen
4754 945 4966 998 Domini
4995 945 5329 998 benedictum.

2435 1116 4494 1141 —————————-—————————————————_—

2766 1226 3120 1298 πῖν’-⁷³³
3175 1243 3943 1350 OPUSCULUM
4037 1247 5250 1370 QUINQUAGESIMUM.

2590 1451 3040 1514 INSTITUTiO
3086 1452 3488 1515 MONIALIS.
3537 1454 3642 1512 AD
3687 1455 4065 1515 BLANCAM
4105 1456 4216 1514 EX
4272 1455 4697 1519 COMITISSA
4737 1458 5464 1520 SANCTINIONIALEM.

2437 1754 3590 1828 Assanitarum-Blancamnobilissimam
3635 1755 3924 1820 feminam,
3968 1773 4086 1825 qure
4124 1757 4343 1814 divitiis.
4394 1756 4577 1809 liberis
4607 1766 4661 1810 et
4694 1757 5026 1812 charissimis
5062 1758 5219 1813 rebus
5260 1761 5548 1828 quibusque
5593 1776 5667 1817 re-

2503 1826 2743 1895 lictispin
2774 1826 3153 1877 monasterium
3187 1827 3294 1879 Deo
3316 1829 3572 1878 servitura
3607 1840 3933 1884 ειτρυδςειι-ειι,
3967 1828 4393 1893 prudentissimis
4428 1828 4706 1894 ριιευεεμιίε
4748 1836 4799 1880 et
4827 1828 5150 1881 salutaribus
5189 1830 5400 1884 monitis
5437 1826 5664 1895 instruit,

2506 1896 2628 1965 quid
2669 1893 2970 1964 fugiendum
2995 1899 3040 1948 ei
3075 1897 3163 1954 sit.
3186 1898 3313 1964 quid
3336 1899 3708 1964 appetendum,
3736 1913 3882 1961 quasi
3913 1898 4074 1964 digito
4106 1907 4550 1948 cominonstrans.
4594 1893 4666 1948 Ac
4707 1899 4932 1965 primum
4975 1899 5186 1966 quidem
5213 1900 5389 1953 rudem
5411 1902 5577 1955 adhuc
5617 1893 5668 1956 et

2508 1967 2840 2031 inexpertem
2873 1966 3232 2032 spiritualium
3264 1967 3618 2019 certaminum
3649 1968 3998 2025 bellatricem,
4037 1976 4286 2031 tanquam
4318 1966 4421 2016 tclo
4455 1968 4742 2028 acerrimo,
4777 1968 5242 2033 prmnmnitgdum
5269 1985 5384 2022 eam
5433 1971 5669 2025 hortatur

2508 2010 2564 2088 iit
2591 2010 2956 2103 paupertatem
3002 2043 3052 2088 et
3078 2010 3350 2103 angii-stias
3377 2047 3428 2088 et
3458 2010 3852 2096 t-ribtilationes,
3888 2010 4001 2102 qua;
4027 2010 4525 2088 Dco'militantibus
4554 2010 4882 2103 perfer‘ciid;
4912 2010 5059 2102 sunt,

2511 2107 2578 2157 ita
2605 2105 2704 2157 sibi
2737 2105 3053 2171 persuadeat
3084 2106 3189 2157 Deo
3214 2106 3435 2158 dilectos
3463 2107 3624 2157 variis
3665 2107 3715 2157 in
3758 2109 3851 2157 hoc
3883 2112 4077 2157 mundo
4125 2107 4425 2158 turbinibus
4455 2109 4718 2173 tantisper
4761 2107 5043 2173 exagitari.
5081 2109 5247 2161 donec
5279 2108 5330 2161 in
5357 2105 5668 2164 felicissima

2508 2175 2691 2244 patria:
2719 2184 2923 2242 portum
2957 2174 3201 2245 ingrcssi,
3233 2186 3432 2227 aeterna
3482 2177 3868 2242 tranquillitate
3911 2176 4170 2227 fruantur.
4211 2176 4343 2227 Tum
4389 2191 4512 2227 vero
4542 2179 4782 2227 eamdem
4817 2174 4884 2227 ad
4921 2175 5288 2244 perfectiorem
5329 2188 5518 2231 statum
5550 2195 5664 2245 per-

2509 2247 2700 2297 ducere
2728 2245 2966 2313 cupiens,
2995 2248 3058 2297 ad
3092 2244 3252 2296 Deum
3289 2247 3570 2297 amandum
3602 2257 3707 2295 tota
3747 2247 3935 2297 ιιιιτιιιὶς
3986 2246 4327 2297 contentione
4381 2247 4588 2296 imitat.
4647 2245 4848 2298 Deinde
4892 2247 4956 2298 ad
5004 2249 5372 2314 pnecav'entlas
5419 2244 5666 2302 daemOnis

2509 2314 2745 2384 insidias,
2775 2315 2963 2366 mortis
2986 2316 3452 2379 contemplationis
3483 2317 3529 2368 ei
3555 2317 3797 2384 clypeum
3826 2317 4175 2368 demonstrat.
4222 2316 4408 2367 Adhuc
4456 2315 4801 2367 validioribus
4831 2315 4994 2368 armis
5033 2329 5146 2368 eam
5182 2316 5368 2378 induit,
5417 2318 5537 2369 dum
5583 2333 5669 2370 ex-

2512 2387 2664 2437 tremi
2701 2383 2888 2449 judicii
2931 2386 3214 2454 imaginem
3262 2402 3322 2437 ex
3355 2402 3523 2438 sacra:
3561 2383 3849 2452 scriptura:
3889 2386 4251 2453 peneu'aliiuis
4283 2385 4649 2452 depromplam
4691 2393 4814 2454 ante
4853 2385 5060 2438 Oculos.
5089 2385 5350 2454 proponit,
5387 2397 5437 2440 et
5467 2397 5520 2439 ut
5545 2387 5670 2440 assi-

2512 2401 2664 2437 tremi
2701 2401 2888 2449 iumen
2931 2401 3033 2436 una
3079 2401 3214 2438 mem
3262 2402 3322 2437 ex
3355 2402 3523 2438 sacra:
3561 2401 3849 2452 bct‘ttilltrzt:
3889 2401 4251 2453 perieil‘mtmts
4283 2401 4649 2452 tit'promplalll
4691 2401 4814 2436 ante
4853 2401 5060 2438 ocmos.
5089 2401 5350 2454 proponit,
5387 2401 5437 2440 et
5467 2401 5520 2439 ut
5545 2403 5666 2440 assi-

2511 2454 2612 2507 due
2641 2453 2942 2515 meditetur,
2976 2401 3284 2508 inliammat.
3313 2455 3612 2515 Postremo,
3648 2456 3854 2505 timoris
3886 2457 4131 2520 praesidii)
4173 2456 4303 2506 satis
4349 2465 4401 2505 et
4442 2454 4652 2505 aliunde
4697 2453 4946 2507 vallatam
4982 2464 5148 2516 ratus,
5179 2470 5269 2523 per
5312 2457 5505 2509 amoris
5533 2458 5666 2510 viam

2513 2539 2698 2577 rursus
2724 2524 2775 2576 in
2802 2526 3035 2591 patriam
3077 2526 3282 2578 reducit
3308 2528 3372 2575 ad
3419 2524 3725 2577 felicitatem
3770 2526 3906 2576 illius
3942 2527 4280 2592 sempiterna:
4323 2523 4811 2589 contemplationis,
4840 2539 5001 2592 quam
5042 2538 5138 2578 nec
5176 2524 5359 2579 oculus
5389 2527 5536 2589 vidit,
5573 2541 5667 2582 nec

2514 2595 2658 2648 auris
2694 2594 2918 2658 audivit,
2947 2607 3047 2647 nec
3078 2595 3128 2647 in
3160 2609 3254 2648 cor
3291 2595 3522 2648 hominis
3551 2596 3810 2648 ascendit.

2509 2734 2733 2790 BLANCE
2757 2731 2885 2786 olim
2907 2729 3211 2794 comitissae,
3247 2746 3384 2784 nunc
3413 2730 3614 2784 ccelesti
3645 2729 3849 2798 Sponso
3880 2744 4007 2782 cnn-
4040 2741 4079 2798 ῃ
4113 2729 4286 2795 ruptio
4313 2728 4570 2790 nascitur,
4606 2729 4698 2782 sed
4729 2728 5048 2798 integritatis
5078 2730 5250 2798 potius
5273 2727 5502 2784 clausula
5528 2743 5673 2798 repa-

2438 2823 2658 2896 junctze,
2705 2822 2921 2876 Penus
2966 2831 3213 2890 peccator
3250 2821 3542 2874 monachus
3576 2819 3804 2887 jubilum
3835 2820 4012 2872 cordis

2444 2918 2498 2973 iu
2528 2915 2729 2984 Spiritu
2764 2922 2967 2968 sancto.

2957 3002 3187 3059 CAPUT
3228 2999 3508 3055 PRIMUM.

2442 3095 2696 3151 Blancum
2736 3095 3002 3165 angustias
3052 3105 3128 3218 et,l
3147 3105 3494 3162 paupertatem
3544 3093 3750 3160 [orzi'er
3785 3091 4015 3157 excipere

3135 3175 3356 3218 oriatur.

3135 3175 3356 3218 ονιαιιιν.

2515 3255 2832 3325 Ad'regalrs
2878 3255 3091 3326 nuptias
3134 3255 3445 3324 epulaturus
3494 3254 3711 3313 accedo,
3752 3253 4017 3306 thalamos

2447 3363 2579 3403 auro
2609 3348 2938 3415 gemmisque
2983 3348 3311 3400 radiantibus
3349 3347 3638 3398 adornatos
3672 3346 3848 3396 videre
3881 3345 4019 3398 desi-

2448 3442 2607 3511 dero;
2638 3440 2962 3516 nuptialibus
3010 3442 3238 3514 saginari
3290 3441 3512 3515 dapibus
3561 3442 3864 3502 avidissime
3896 3459 4021 3498 coa-

2449 3540 2688 3608 cupiseo.
2724 3537 2968 3608 Undique
3001 3539 3161 3607 igitur
3207 3539 3426 3607 mystica
3477 3538 3786 3591 deferantur
3827 3537 4014 3598 xenia;

2450 3631 2763 3703 prophetica
2793 3630 2950 3683 simul
2985 3639 3035 3683 et
3066 3630 3356 3697 apostolica
3406 3645 3508 3683 non
3561 3629 3736 3682 desint
3785 3638 3891 3680 tam
3921 3643 4018 3680 ex-

2451 3724 2770 3780 cellentibus
2816 3725 3014 3794 nuptiis
3052 3733 3390 3778 ornamenta.
3442 3723 3794 3794 Evangelicns
3843 3725 4022 3792 itaque

2451 3825 2637 3870 noster
2658 3815 2820 3869 lsaias
2842 3817 2953 3885 jam
2983 3817 3237 3884 procedat
3274 3816 3338 3869 ad
3371 3816 3627 3880 mediuiv,
3660 3826 3715 3869 et
3742 3816 4022 3871 munificus

2453 3906 2707 3962 exhibeat
2745 3906 2886 3974 quod
2933 3907 3175 3972 paravit,
3219 3915 3464 3959 ornatum
3518 3907 3768 3960 videlicet
3818 3906 4025 3958 calcea-

2453 4009 2780 4062 mentorum,
2819 3996 3042 4060 lunulas,
3071 4009 3288 4065 torques
3327 4008 3486 4064 atque
3516 3997 3749 4056 monilia,
3791 3996 4026 4050 armillas

2456 4097 2512 4141 ct
2545 4089 2749 4145 mitras,
2778 4086 3158 4140 discriminalia
3211 4095 3264 4139 et
3309 4086 3672 4155 periscelidas.
3722 4085 4028 4140 murenulas

4118 2830 4283 2869 ratur.
4346 2819 4454 2871 illic
4501 2818 4654 2870 Jrsus
4710 2834 4900 2887 aquam
4944 2821 5204 2874 convertit
5250 2821 5299 2873 in
5346 2821 5551 2884 vinum;
5589 2821 5674 2875 hic

4119 2906 4255 2957 i.'.cm
4295 2905 4447 2958 Jt‘StlS
4492 2920 4544 2959 c'.
4590 2909 4767 2960 vinum
4819 2909 5157 2977 semetipsum
5207 2908 5331 2963 fecit
5377 2918 5428 2963 ct
5481 2909 5672 2963 cibum.

4119 2995 4304 3046 (Vbina
4363 2997 4651 3057 videlicet.
4701 2997 4820 3066 quia
4879 2999 4988 3068 ipse
5046 3010 5124 3053 est
5183 3003 5332 3068 panis
5386 3002 5533 3055 vivus
5591 2999 5675 3069 qui

4118 3087 4182 3137 de
4241 3086 4376 3137 caelo
4433 3087 4703 3140 descendit
4761 3088 4947 3157 (Joan.
4999 3090 5115 3156 Vt);
5159 3091 5336 3143 vinum
5377 3106 5501 3145 vero
5541 3090 5678 3159 quod

4119 3174 4350 3227 latiffcat
4413 3191 4505 3228 cor
4556 3177 4786 3232 hominis
4835 3178 5016 3247 (Paul.
5085 3181 5225 3248 cv);
5282 3180 5508 3241 Spiritus
5565 3181 5677 3249 ejus

4120 3278 4202 3319 est
4267 3269 4330 3320 de
4383 3281 4488 3335 quo
4553 3269 4742 3322 iterum
4792 3270 4918 3323 dicit
4966 3289 4976 3322 :
5034 3291 5049 3321 ι
5092 3270 5336 3325 Poculmn
5407 3281 5548 3325 tuum
5601 3272 5679 3324 in-

4121 3358 4334 3409 (-Eirims
4359 3397 4371 3418 ,
4396 3356 4558 3427 769
4585 3373 4743 3426 quam
4776 3358 5083 3428 praeclarum
5129 3361 5238 3412 est!
5274 3378 5290 3410 i
5325 3359 5494 3426 (Psnl.
5529 3361 5677 3427 uti.)

4122 3447 4519 3520 Sptititsctiiin
4583 3449 4670 3502 Dei
4722 3449 4995 3508 hominum
5048 3462 5247 3510 tuentes
5291 3450 5543 3519 inebriat,
5596 3459 5668 3520 ut,

4127 3555 4383 3612 tanquam
4441 3560 4468 3597 a
4519 3545 4630 3598 suis
4679 3545 4924 3600 sensibus
4974 3546 5210 3610 alienati,
5261 3547 5470 3600 divitias
5527 3545 5679 3612 hujus

4123 3637 4328 3698 mundi.
4378 3635 4611 3689 honores
4653 3645 4706 3689 et
4738 3635 4960 3706 gloriam
4995 3645 5272 3704 respuant,
5323 3637 5385 3690 ad
5415 3636 5680 3690 subeunda

4123 3729 4254 3780 vero
4283 3742 4379 3794 pro
4419 3726 4525 3780 Deo
4575 3741 4797 3794 quaeque
4841 3727 4972 3779 dura
5011 3727 5092 3780 vel
5143 3742 5330 3795 aspera
5371 3725 5682 3781 ﬂammanti-

4124 3818 4224 3869 lzus
4251 3817 4529 3869 desideriis
4558 3817 4913 3869 inardescmt.
4954 3815 5063 3870 Hoc
5094 3825 5266 3870 musto
5294 3815 5543 3869 deebriati
5576 3815 5682 3869 fue-

4129 3915 4253 3958 rant
4301 3906 4494 3973 quibus
4522 3903 4688 3958 Juda>i
4721 3921 4847 3960 vere
4897 3907 5166 3959 dementes
5221 3920 5279 3958 ac
5321 3905 5500 3958 furiosi
5546 3905 5683 3959 dice-

4129 3997 4260 4049 baut
4304 4014 4314 4048 :
4355 4014 4371 4045 ι
4409 3995 4582 4050 Musto
4611 3996 4752 4065 pleni
4784 4005 4906 4050 sunt
4937 3996 5021 4050 isti
5052 3996 5184 4064 (Act.
5217 4003 5295 4064 ii).
5333 4013 5350 4045 i
5382 3994 5490 4048 Hoc
5515 4004 5683 4050 musto

4137 4087 4327 4154 plenus
4373 4098 4488 4140 erat
4521 4088 4601 4140 vir
4633 4087 4720 4140 ille
4766 4088 4829 4142 de
4861 4086 4983 4142 filiis
5013 4087 5407 4158 prophetarum,
5437 4103 5589 4155 quem
5620 4085 5685 4140 ad

2457 4187 2510 4231 ct
2562 4175 2918 4240 olfactoriola,
2968 4177 3181 4230 inaures
3235 4185 3289 4230 et
3333 4175 3556 4229 annulos
3601 4186 3654 4228 et
3692 4189 3930 4244 gemmas
3978 4175 4029 4228 iu
4060 4161 4104 4220 (ἶ
4137 4175 4439 4244 ungendum
4498 4175 4627 4229 Hieu
4687 4191 4863 4245 regem
4918 4177 5135 4230 miserat
5177 4175 5419 4240 Eliseus,
5471 4177 5535 4230 de
5584 4190 5687 4244 quo

2460 4271 2635 4326 fronte
2665 4272 2973 4341 pendentes.
3002 4270 3289 4324 mulatoria
3333 4279 3387 4323 et
3415 4269 3570 4338 pallia
3607 4278 3660 4321 ct
3697 4268 4029 4331 linteamina,

2464 4379 2592 4418 acus
2631 4373 2684 4416 et
2718 4362 2929 4431 specula
2963 4371 3014 4414 et
3043 4363 3312 4422 sindones.
3344 4363 3506 4414 vittas
3547 4370 3709 4429 atque
3754 4361 4026 4413 theristra.

2460 4453 2586 4507 llaec
2627 4454 2787 4522 igitur
2811 4452 2990 4506 omnia
3021 4451 3386 4519 spiritualihus
3420 4450 3741 4504 conferenda
3773 4457 3897 4502 sunt
3927 4463 4030 4501 nu-

2459 4544 2606 4612 ptiis,
2637 4559 2698 4598 ac
2739 4559 2886 4598 novae
2915 4558 3121 4612 sponsa:
3167 4543 3451 4611 diligenter
3491 4543 3735 4610 aptanda,
3770 4555 3875 4609 quo
3920 4551 4035 4604 veri

2463 4634 2656 4704 Sponsi
2686 4635 2896 4703 placere
2921 4637 3085 4704 possit
3113 4635 3405 4688 obtutibus.
3440 4633 3530 4687 His
3570 4633 3822 4686 nimirum
3851 4631 4033 4686 infulis

2461 4731 2760 4784 venustats,
2810 4724 2912 4777 hac
2951 4733 3386 4776 ornamentorum
3431 4731 3544 4775 erat
3589 4721 3851 4773 varietate
3882 4735 4034 4773 com-

2459 4815 2633 4886 posita
2685 4814 2865 4885 regina
2911 4814 3036 4876 illa,
3085 4830 3243 4884 quam
3292 4813 3572 4867 Psalniista
3621 4810 4035 4880 contemplatus,

2462 4906 2685 4960 aiebat:
2725 4923 2742 4955 ι
2779 4905 2964 4960 Astitit
3011 4907 3188 4976 regina
3240 4920 3269 4958 a
3321 4905 3526 4958 dextris
3581 4904 3685 4957 tuis
3736 4903 3788 4956 in
3839 4902 4036 4956 vestitu

2463 4997 2741 5056 deaurato,
2774 4997 3172 5051 circumamicta
3224 4997 3482 5049 varietate
3541 4992 3723 5064 (Psal.
3776 4995 3951 5060 XLIV).
4016 5012 4032 5042 ι

2463 5086 2676 5155 Nuplize
2716 5087 2868 5142 facta!
2898 5097 3021 5142 sunt
3069 5091 3121 5141 in
3162 5089 3302 5143 Cana
3335 5089 3550 5143 Gaiileae
3579 5106 3590 5143 :
3622 5098 3673 5142 et
3706 5089 3842 5143 sicut
3868 5090 4038 5141 Evan-

2463 5177 2654 5246 g.:lista
2688 5185 2937 5241 testatur,
2963 5190 3183 5233 vocatus
3222 5189 3306 5232 est
3347 5178 3500 5234 Jesus
3545 5181 3608 5232 ad
3653 5180 3866 5248 nuptias
3916 5195 4038 5234 cum

2466 5267 2742 5337 discipulis
2785 5267 2897 5321 suis
2949 5267 3129 5333 (Joan.
3178 5269 3268 5338 it);
3323 5270 3414 5322 sed
3451 5278 3700 5337 tanquam
3743 5271 4038 5362 pronubus’,

2468 5374 2572 5412 non
2603 5368 2659 5411 ut
2689 5373 2942 5426 sponsus;
2979 5360 3130 5427 quasi
3161 5376 3478 5429 pransurus,
3523 5377 3624 5413 non
3659 5371 3713 5414 ut
3753 5360 4035 5427 nupturus.

2468 5446 2589 5501 Ista:
2622 5461 2746 5498 vero
2780 5451 2972 5515 nuptiae
3020 5460 3167 5504 tanto
3218 5450 3334 5504 illas
3377 5450 3653 5519 privilegio
3685 5460 3954 5520 superant,
3985 5460 4038 5503 ut

4137 4270 4387 4322 dixerunt
4437 4285 4634 4324 vesane
4675 4272 4948 4339 sapientes
4993 4271 5058 4322 ad
5111 4285 5230 4322 cum
5263 4287 5275 4321 :
5313 4288 5330 4319 ι
5361 4268 5495 4334 Quid
5547 4268 5686 4322 venit

4139 4364 4356 4417 insanus
4403 4364 4502 4416 iste
4553 4366 4616 4416 ad
4671 4364 4756 4416 te?
4801 4383 4816 4414 ι
4871 4362 4975 4432 (ιγ
5027 4361 5152 4432 Reg.
5194 4362 5288 4432 Ix.)
5329 4361 5462 4430 Quid
5511 4371 5686 4414 autem

4137 4455 4331 4507 mirum
4379 4455 4423 4506 si
4457 4455 4509 4506 hi
4534 4493 4548 4516 ,
4582 4454 4670 4521 qui
4702 4432 4840 4522 puria
4881 4462 5005 4506 sunt
5054 4452 5313 4514 homines,
5344 4467 5459 4504 cum
5491 4449 5686 4520 Spiritu

4137 4544 4318 4598 divino
4348 4543 4638 4613 replentur,
4675 4543 4741 4596 ab
4769 4543 4926 4610 hujus
4957 4543 5136 4596 mundi
5164 4541 5507 4612 sapientibus,
5535 4549 5690 4609 atque

4137 4638 4257 4690 ideo
4286 4651 4413 4690 vere
4443 4637 4845 4704 desipientibus,
4883 4635 5190 4703 judiccntur
5235 4633 5447 4687 insani?
5486 4648 5605 4686 cum
5639 4639 5692 4685 et

4139 4727 4254 4795 ipse
4295 4724 4386 4794 qui
4412 4726 4669 4793 magister
4697 4736 4779 4780 est
4816 4725 5123 4793 angelorum
5152 4725 5325 4777 dictus
5354 4723 5422 4776 sit
5450 4721 5694 4776 habuisse

4139 4817 4457 4869 themonium
4490 4814 4668 4884 (Joan.
4701 4815 4869 4885 vm.);
4904 4816 5029 4874 imo,
5063 4824 5121 4867 ut
5147 4813 5350 4866 Marcus
5377 4811 5691 4878 evangelista

4142 4916 4406 4970 testatur,
4451 4909 4742 4961 mstimatus
4789 4908 4860 4962 sit
4913 4907 5074 4960 etiam
5125 4906 5282 4958 fuisse
5333 4905 5686 4972 phreneticus.

4146 5014 4163 5046 ι
4218 4994 4392 5059 Venit,
4428 4997 4619 5064 inquit,
4664 4998 4910 5058 donnun,
4940 5003 4992 5048 et
5023 4996 5267 5048 convenit
5297 4994 5483 5046 iterum
5518 4995 5690 5054 turba,

4141 5088 4210 5140 ita
4245 5099 4296 5141 ut
4345 5105 4447 5141 non
4500 5098 4824 5156 posset‘uec
4863 5101 5049 5154 panem
5100 5086 5447 5148 manducare;
5479 5093 5529 5136 et
5575 5101 5690 5134 cum

4140 5181 4414 5236 audissent
4450 5182 4552 5242 sui,
4581 5180 4826 5232 exierunt
4858 5188 5036 5233 tenere
5061 5194 5180 5232 eum
5211 5196 5223 5230 :
5258 5177 5501 5230 dicebant
5529 5174 5687 5234 cnim,

4140 5274 4391 5341 quoniam
4423 5274 4473 5325 in
4517 5271 4751 5323 furorem
4800 5285 4983 5324 versus
5021 5279 5100 5323 est
5128 5268 5314 5337 (Marc.
5340 5265 5441 5334 ιιι).
5484 5283 5504 5317 ι
5549 5262 5692 5318 Hanc

4140 5365 4308 5417 sancti
4341 5363 4573 5431 Spiritus
4608 5362 4920 5414 ebrietatem
4966 5371 5017 5414 et
5051 5370 5099 5413 tu
5121 5402 5134 5422 ,
5167 5377 5200 5414 o
5239 5356 5557 5411 venerabilis
5600 5355 5694 5409 do-

4144 5455 4308 5516 mina,
4347 5469 4478 5506 sana
4511 5459 4688 5505 mente
4717 5447 5040 5520 conceperis
5079 5465 5198 5504 cum
5242 5448 5488 5501 saeculum
5541 5443 5694 5498 relin-

2472 5539 2555 5593 bit:
2580 5536 2874 5604 Jesusjure
2902 5540 3147 5593 credatur
3182 5556 3285 5594 non
3323 5541 3526 5594 amicus
3569 5555 3711 5598 esse.
3762 5542 3850 5594 sed
3879 5555 4042 5609 spon-
4069 5515 4118 5573 ί)
4146 5560 4309 5612 querc
4336 5541 4619 5597 decrevisti
4669 5558 4681 5593 :
4723 5551 4793 5604 et,
4824 5541 4964 5594 velut
4995 5539 5249 5594 columbae
5290 5534 5543 5604 simplicis
5586 5534 5692 5586 alas

2472 5645 2581 5682 s-ts.
2636 5629 2698 5681 Et
2744 5628 2995 5696 quoniam
3040 5631 3128 5697 qui
3172 5631 3406 5684 adhzeret
3458 5631 3684 5684 Domino
3715 5629 3764 5698 (1
3801 5629 3922 5682 Cor.
3967 5630 4040 5698 vi)

2476 5737 2612 5774 unus
2660 5722 2880 5788 spiritus
2930 5730 3028 5786 est,
3080 5738 3307 5792 sponsus
3350 5725 3448 5779 iste
3489 5739 3592 5775 non
3645 5723 3800 5775 modo
3836 5737 4046 5791 sponsa:

2475 5810 2736 5883 jungitur,
2764 5813 2858 5870 sed
2884 5815 3082 5881 unitur,
3121 5823 3281 5886 atque
3323 5831 3388 5872 es
3427 5816 3528 5872 hac
3558 5814 3748 5886 copula
3787 5828 3892 5869 non
3929 5828 4047 5870 oor-

4148 5638 4449 5699 cxcntiens,
4492 5635 4556 5687 ad
4589 5633 4946 5686 innocentium
4993 5643 5158 5700 atque
5197 5628 5506 5695 simplicium
5538 5626 5688 5679 nidu-

4149 5726 4255 5778 lum
4285 5723 4604 5786 convolasti,
4630 5735 4753 5776 tunc
4781 5723 4964 5776 dicens
4994 5741 5006 5774 :
5042 5741 5057 5772 ι
5091 5721 5218 5785 Quis
5252 5718 5393 5770 dabit
5421 5716 5549 5770 mihi
5571 5727 5690 5784 peti:

4148 5830 4246 5871 nas
4270 5815 4406 5871 sicut
4427 5812 4705 5879 columbae,
4731 5819 4786 5866 et
4809 5811 5082 5876 volabo,et
5104 5807 5463 5880 requiescam?
5483 5824 5500 5856 r
5520 5799 5685 5868 (Pati.
