5882 6536
966 388 1073 446 733

966 502 1101 572 Liv.)
1140 499 1293 556 Nunc
1323 496 1485 552 etiam
1532 504 1721 548 secure
1768 489 2061 543 decantans
2104 504 2117 539 :

967 594 1091 666 gavi
1144 592 1388 661 fugiens,
1438 593 1493 641 et
1540 576 1714 637 mansi
1768 583 1819 634 in
1874 577 2180 637 solitudine,
2226 583 2545 643 exspectans

968 703 1117 752 eum,
1139 686 1229 754 qui
1253 698 1337 736 me
1364 679 1565 735 salvam
1592 676 1751 729 faciat
1775 689 1802 726 a
1834 668 2277 741 pusillanimitatc
2300 666 2544 733 spiritus,

972 786 1027 834 et
1053 782 1366 842 tempestate
1399 768 1569 840 (Psal.
1592 769 1719 833 Liv).
1758 784 1774 815 ι
1804 763 1927 817 Haec
1953 770 2005 813 te
2034 760 2285 811 nimirum
2309 756 2547 809 ebrietas

972 864 1183 936 impulit
1230 860 1404 929 ampla
1454 860 1585 912 satis
1642 869 1802 923 atque
1838 850 2126 904 uberrimis
2158 848 2384 901 fecunda
2425 860 2548 913 pro-

970 956 1221 1010 ventibus
1260 951 1380 1020 jura
1433 946 1809 1009 contemnere,
1844 943 2050 995 munita
2103 938 2331 992 turrium
2388 943 2549 1001 atque

972 1054 1271 1102 castrorum
1308 1036 1699 1111 propugnacula
1730 1032 2023 1093 declinare,
2065 1027 2295 1083 dulcium
2328 1024 2548 1095 propin.

971 1150 1200 1207 quorum
1249 1130 1697 1188 necessitudinem
1759 1141 1821 1179 ac
1879 1120 2285 1176 vernaeulorum
2327 1115 2551 1171 affectus

972 1227 1207 1294 abjicerc
1230 1265 1244 1284 ,
1272 1224 1519 1293 quodque
1548 1221 1737 1273 horum
1762 1216 2000 1270 omnium
2029 1211 2417 1283 permaximum
2442 1217 2546 1273 est,

972 1319 1193 1372 unicum
1230 1316 1424 1374 filium,
1458 1326 1690 1379 eumque
1722 1308 1985 1379 ephebum
2029 1306 2204 1358 adhuc
2255 1311 2419 1368 atque
2450 1301 2554 1354 im-

972 1410 1254 1479 puberem,
1288 1405 1403 1459 sine
1430 1402 1728 1471 conjugalis
1761 1400 1952 1454 solatio
1998 1395 2217 1451 foederis
2265 1393 2546 1457 abdicare,

974 1506 1050 1562 et,
1084 1510 1203 1565 qua:
1248 1493 1566 1562 constipatis
1596 1490 1789 1543 vallata
1823 1487 2079 1541 clientum
2123 1483 2313 1538 cuneis
2342 1480 2550 1535 solebas

977 1587 1253 1647 incedere,
1299 1582 1409 1651 jam
1458 1580 1691 1637 didicisti
1740 1580 1791 1631 in
1840 1575 2037 1645 angulo
2085 1571 2397 1629 monasterii
2428 1585 2549 1623 cum

974 1674 1301 1747 pauperibus
1362 1672 1597 1741 Spiritus
1673 1668 1844 1722 sancti
1914 1662 2229 1717 mulieribus
2278 1658 2552 1714 humiliter

978 1770 1237 1823 residere.
1273 1765 1395 1819 Haec
1428 1774 1478 1819 te
1516 1763 1724 1824 sobria,
1761 1770 1812 1813 ut
1848 1760 1917 1812 ita
1948 1756 2155 1825 loquar,
2187 1754 2421 1808 ebrietas
2464 1752 2550 1805 do-

1915 369 2158 429 OPUSC.
2199 369 2258 425 L.
2302 399 2368 408 -
2405 366 2795 427 ιΝδτιτ-ιῑτιυ
2836 369 3183 430 MONIAHS.

2175 504 2193 536 ι
2228 484 2367 539 Εοῡε
2396 482 2542 537 81011-
2569 489 2619 547 Δ
2648 487 2889 557 impulit;
2940 488 3033 545 sed
3080 486 3355 559 speciosus
3398 481 3572 539 forma
3616 494 3731 551 prae
3776 476 3901 532 filiis
3952 472 4234 531 hominum

4118 355 4230 413 ’134

2650 584 2818 654 (Ρεαι.
2858 582 3003 652 thv)
3051 580 3300 635 Christus
3329 578 3396 634 ad
3432 592 3541 632 sum
3590 571 3882 630 dotationis
3930 567 4234 637 amplexum

2649 694 2745 748 per
2776 676 3011 730 amatum
3058 672 3230 728 sancti
3282 668 3515 739 Spiritus
3550 663 3865 737 provocavit
3914 679 3928 714 :
3983 678 4000 710 ι
4038 658 4236 729 Surge,

2651 773 2839 839 inquit.
2859 770 3031 823 amica
3062 780 3409 834 mea,sponsa
3440 776 3578 823 mea,
3603 769 3658 814 et
3683 759 3835 812 veni:
3859 752 4238 811 columbamea

2652 864 2704 917 in
2736 860 3087 916 foraminibus
3131 865 3317 927 petrae,
3355 857 3406 908 iu
3438 866 3667 908 caverna
3694 846 3981 904 maceriae:
4014 843 4240 901 ostende

2651 954 2780 1008 mihi
2814 951 3005 1005 faciem
3040 958 3209 1009 tuam,
3252 951 3407 999 sonet
3453 958 3557 997 vox
3588 950 3677 993 tua
3710 939 3763 993 in
3808 936 4028 991 auribus
4057 933 4193 989 meis
4224 948 4239 986 :

2652 1058 2750 1096 vox
2776 1043 2919 1095 enim
2950 1050 3039 1094 tua
3070 1038 3262 1100 dulcis,
3292 1045 3347 1091 et
3368 1034 3534 1088 facies
3560 1043 3647 1087 tua
3677 1032 3872 1085 decora
3899 1027 4075 1097 (Cant.
4100 1024 4182 1093 tt).
4217 1041 4235 1075 ι

2650 1134 2844 1187 Anima
2880 1131 3076 1200 quippe
3108 1136 3297 1182 sancta
3336 1126 3458 1194 jure
3496 1122 3697 1179 Christi
3731 1121 3902 1173 amica
3952 1126 4009 1171 et
4044 1129 4242 1185 sponsa

2652 1232 2907 1286 vocatur,
2963 1220 3087 1290 quia
3128 1218 3200 1271 illi
3248 1232 3344 1286 per
3390 1214 3548 1268 ﬁdem
3601 1210 4055 1274 dilectionetnque
4108 1220 4241 1259 cou-

2647 1315 2912 1383 jungitur.
2968 1311 3073 1365 Sed
3107 1311 3219 1363 hzec
3250 1322 3445 1374 sponsa
3493 1304 3650 1373 quasi
3699 1302 3873 1355 adhuc
3901 1299 4066 1367 jacet,
4116 1296 4241 1350 dum

2654 1404 2706 1457 in
2739 1402 3021 1457 mundanis
3046 1398 3348 1453 actionibus
3376 1394 3709 1464 implicatur;
3744 1400 3872 1444 tunc
3902 1388 4094 1459 surgit,
4118 1402 4242 1442 cum

2654 1494 2719 1547 ad
2776 1493 3111 1563 procinctum
3149 1489 3343 1544 divinae
3387 1486 3664 1541 servitutis
3698 1483 3944 1553 erigitur.
3978 1482 4053 1535 Ac
4080 1480 4124 1534 si
4160 1479 4245 1533 di-

2655 1585 2915 1650 cat:Qua:
2947 1584 2999 1636 in
3031 1580 3308 1636 saecularis
3330 1580 3453 1632 vitae
3482 1576 3706 1631 mollitie
3727 1576 3900 1645 jaces,
3922 1572 4033 1641 jam
4062 1586 4243 1641 surge,

2657 1684 2816 1743 atque
2862 1674 2929 1727 ad
2978 1672 3240 1727 familiare
3290 1665 3701 1725 contubernium
3735 1678 3868 1717 mea:
3915 1659 4249 1730 contempla-

2658 1767 2819 1822 tionis
2851 1765 3076 1834 erigere.
3124 1780 3142 1813 ι
3187 1759 3441 1815 Columba
3488 1772 3605 1811 mea
3654 1757 3707 1810 in
3758 1751 4114 1807 foraminibus
4154 1764 4247 1819 pe-

974 1858 1179 1914 cuitut
1230 1872 1326 1925 pro
1356 1854 1653 1908 carbasinis
1691 1852 1877 1913 lanea,
1914 1864 2009 1916 pro
2054 1846 2338 1915 purpureis
2393 1852 2554 1911 atque
2585 1834 2632 1895 Β
2665 1868 2779 1911 πω,
2830 1862 2860 1907 -,
2904 1854 2959 1909 Si
2990 1896 3003 1921 ,
3060 1853 3215 1921 juxta
3267 1852 3297 1903 Α

1924 1864 2009 1915 Ρτο
2054 1846 2338 1915 Ριπβιιτθῖδ
2393 1852 2554 1911 atque
2585 1834 2632 1895 Β
2665 1868 2779 1911 ιτω.
2830 1862 2860 1907 ἰ
2904 1854 3003 1921 Si,
3060 1853 3215 1921 juxta
3267 1849 3581 1919 Apostolum
3610 1888 3623 1913 ,
3672 1857 3823 1916 petra
3867 1843 4114 1897 Christus
4163 1848 4247 1895 est

978 1946 1225 2009 nitidulis
1270 1944 1412 2013 pulla
1457 1959 1519 1997 ac
1560 1940 1901 2010 despicabilia
1940 1937 2167 2006 eligeres
2220 1936 2549 1989 indumenta.

976 2036 1105 2093 Haec
1135 2045 1185 2089 te
1215 2034 1484 2104 persuasit
1528 2033 1764 2085 ebrietas
1796 2040 1851 2083 ut
1901 2028 2172 2094 sihgineas
2228 2025 2454 2095 pollines
2492 2038 2558 2077 ac

973 2125 1183 2181 fercula
1215 2123 1438 2192 dapibus
1482 2120 1677 2175 referta
1710 2130 2090 2188 posmeueros,
2120 2126 2281 2184 atque
2310 2118 2375 2167 ad
2407 2114 2557 2167 libra:

975 2198 1243 2285 pensilem
1274 2222 1322 2265 te
1357 2223 1664 2264 mensuram
1693 2209 1843 2275 panis
1876 2207 2067 2258 cibarii
2098 2205 2396 2257 cohiberes.
2434 2202 2557 2255 Haec

980 2317 1035 2360 te
1087 2304 1243 2375 plane
1273 2303 1442 2371 perita
1476 2312 1529 2353 et
1556 2301 1745 2371 pudiea
1784 2300 2020 2352 ebrietas
2052 2297 2297 2350 incitavit
2330 2305 2404 2359 ut,
2435 2311 2556 2348 cum

979 2395 1155 2465 primo
1185 2393 1560 2447 adolescentiae
1605 2390 1736 2443 flore
1782 2391 1993 2449 frueris,
2044 2390 2157 2442 viro
2211 2388 2445 2441 oheunte
2477 2402 2561 2440 re-

978 2483 1135 2547 licta,
1169 2501 1273 2538 non
1310 2494 1415 2536 tam
1449 2482 1611 2537 claris
1659 2492 1877 2547 tamque
1910 2480 2209 2548 magnificis
2256 2478 2435 2546 procis
2466 2492 2561 2529 an-

980 2589 1196 2638 nueres,
1230 2588 1355 2637 non,
1388 2582 1445 2627 ut
1471 2573 1649 2627 omnia
1682 2571 2000 2626 videbantur
2034 2569 2261 2633 hortari,
2292 2570 2561 2622 thalamos

980 2667 1246 2731 iterares;
1290 2664 1407 2730 sed,
1452 2663 1547 2718 soli
1576 2662 1682 2728 jam
1708 2661 1923 2716 Christo
1966 2661 2249 2721 victuram,
2280 2660 2477 2712 mundo
2510 2666 2561 2711 te

981 2769 1251 2813 mortuam
1296 2754 1597 2809 exhiberes.
1636 2754 1941 2813 Enimvero,
1970 2762 2225 2819 tanquam
2256 2750 2425 2817 perita
2472 2762 2561 2801 ue-

980 2848 1234 2918 gotiatrix
1260 2828 1512 2899 nundinis
1536 2844 1736 2897 intenta
1764 2842 2065 2903 venalibus,
2098 2840 2369 2909 projecisti
2406 2854 2561 2891 mun-

982 2937 1132 2999 dum,
1165 2944 1220 2987 ut
1251 2934 1558 3003 acquireres
1594 2932 1819 2995 malum;
1868 2931 2171 3000 prteveuisti
2202 2939 2451 2991 mortem,
2504 2936 2561 2981 ut

985 3024 1309 3079 sententiam
1359 3022 1549 3076 mortis
1612 3022 1895 3082 evaderes;
1954 3020 2158 3088 elegisti
2209 3022 2562 3087 pauperiem,

984 3128 1049 3175 ut
1077 3119 1384 3175 divitiarum
1411 3133 1517 3172 non
1547 3116 1883 3185 pereuntium
1913 3115 2119 3183 copiam
2150 3112 2476 3181 possideres.

1515 3228 1677 3297 πο
1713 3226 1937 3281 CAPUT
1978 3226 2039 3279 ιι.

986 3339 1143 3409 Ωιιοά
1194 3340 1475 3409 aliquando
1539 3339 1671 3409 justi
1717 3339 1779 3391 ab
1833 3339 2045 3407 injustis
2106 3338 2298 3409 idcirco
2353 3337 2565 3409 permit-

1059 3421 1237 3464 tantur
1264 3408 1439 3490 affligi,
1474 3408 1789 3463 ut'stutuant
1816 3411 1883 3466 (ut
1918 3409 2080 3461 Deum
2110 3408 2190 3463 vel
2234 3424 2297 3461 ex
2344 3408 2564 3461 necessi-

1059 3490 1164 3535 tate
1191 3490 1435 3533 converti.

1060 3592 1249 3662 Atqui,
1293 3600 1350 3645 ut
1389 3590 1684 3644 mirabilior
1714 3598 1801 3643 tua
1836 3590 2083 3643 videatur
2111 3604 2230 3643 esse
2256 3604 2561 3653 conversio,

988 3699 1097 3749 non
1131 3696 1181 3738 te
1228 3684 1459 3737 numdus
1490 3698 1519 3735 ιι
1550 3697 1607 3736 se
1640 3682 1856 3750 repulit,
1888 3683 1979 3735 sed
2014 3682 2159 3736 solus
2207 3682 2368 3735 ardor
2397 3680 2561 3734 divini

986 3776 1225 3847 Spiritus
1276 3776 1537 3829 incitavit.
1574 3774 1875 3837 Enimvero,
1917 3776 2050 3827 sicut
2100 3774 2435 3842 providentia
2484 3773 2556 3827 di-

985 3869 1111 3925 vina
1144 3868 1406 3937 disposuit
1434 3868 1499 3921 ad
1521 3867 1852 3920 educendum
1876 3865 1941 3917 de
1956 3864 2187 3934 Egypto
2207 3863 2562 3918 lsrseliticum

985 3956 1242 4030 populum
1279 3955 1475 4025 (Exod.
1510 3956 1616 4023 ut),
1673 3962 1797 4009 tunc
1828 3963 1911 4007 est
1958 3953 2166 4023 Moyses
2197 3955 2413 4019 missus,
2441 3970 2563 4009 cum

982 4048 1095 4118 jam
1112 4046 1320 4100 Pharao
1335 4046 1401 4099 ad
1424 4044 1828 4114 opprimendum
1849 4046 1996 4098 illum
2011 4046 2159 4099 duris
2184 4045 2567 4114 operibusfue-

996 4148 1085 4194 rat
1104 4138 1389 4201 excitatus,
1418 4146 1680 4204 quatenus
1699 4136 2065 4190 lsraelitarum
2096 4146 2305 4191 mentes
2333 4136 2564 4207 .‘Egypto

991 4227 1304 4282 deformiter
1348 4226 1693 4289 inhaerentes,
1749 4226 1886 4279 alius
1936 4226 2061 4279 dum
2104 4235 2319 4281 vocaret
2348 4266 2361 4289 ,
2411 4229 2563 4296 quasi

988 4320 1260 4382 traheret;
1290 4318 1585 4373 aliusvelut
1612 4318 1935 4387 impelleret,
1960 4318 2083 4372 dum
2098 4318 2331 4380 saeviret,
2356 4326 2414 4371 ut
2439 4318 2563 4372 dum

988 4410 1142 4483 plebs
1182 4412 1235 4465 in
1280 4411 1502 4465 servitio
1530 4411 1760 4479 turpiter
1788 4410 1993 4481 ﬁgitur,
2022 4409 2103 4464 vel
2134 4410 2289 4465 matis
2313 4411 2564 4481 impulsa,

2662 1947 2713 2017 (1
2753 1947 2875 2000 Cor.
2909 1948 2988 2012 χ),
3018 1944 3285 1997 foramina
3323 1950 3488 2009 petrae
3514 1938 3736 1991 vulnera
3768 1946 3890 1989 sunt
3924 1934 4251 2003 Redempto-

2662 2040 2899 2107 ris,qnae
2929 2036 3174 2107 profecto
3227 2050 3332 2088 non
3390 2048 3515 2087 casu
3564 2034 3801 2101 quinque
3854 2038 3997 2092 sunt,
4050 2028 4251 2081 lanceae

2661 2133 2866 2185 Scilicet
2896 2140 2951 2184 et
2992 2130 3299 2190 clavorum;
3339 2128 3431 2180 sed
3474 2126 3597 2195 quia
3642 2140 3739 2177 nos
3788 2124 4066 2175 fueramus
4094 2119 4253 2189 quin-

2662 2238 2764 2290 que
2790 2235 3050 2275 sensuum
3096 2215 3411 2270 vulneribus
3461 2214 3709 2276 sauciati,
3754 2227 3852 2279 per
3889 2211 3985 2263 has
4014 2210 4251 2278 quinque

2663 2315 2845 2382 plagas
2893 2310 3054 2365 saluti
3106 2325 3291 2364 sumus
3343 2316 3613 2379 perpetua:
3645 2304 3901 2358 restituti.
3934 2301 4054 2355 Istae
4085 2296 4227 2367 siqui

2663 2407 2781 2457 dem
2816 2413 2983 2473 porta:
3013 2411 3170 2456 erant
3198 2417 3293 2470 per
3329 2414 3463 2469 quas
3490 2398 3577 2453 die
3609 2396 3829 2452 Sahbati
3867 2394 4151 2464 propheta,
4181 2403 4251 2444 ne

2664 2496 2997 2548 inferrentur
3037 2508 3203 2547 onera
3247 2492 3455 2562 gravia,
3505 2489 3847 2558 prohibebat.
3895 2485 3949 2539 lu
3994 2484 4078 2537 his
4124 2494 4256 2551 ergo

2665 2587 3021 2641 foraminibus
3086 2586 3177 2639 Dei
3231 2584 3477 2639 columba
3541 2580 3831 2644 consistit,
3879 2576 4005 2646 quia
4065 2581 4254 2629 sancta

2665 2680 2915 2748 quaelibet
2962 2680 3138 2731 anima
3178 2686 3343 2732 totam
3379 2675 3608 2745 propriae
3646 2672 3837 2727 salutis
3871 2683 4019 2738 spem
4070 2666 4125 2720 in
4168 2662 4254 2719 sul

2652 2772 3043 2839 'liedetuptoris
3089 2770 3338 2839 passione
3387 2766 3685 2821 constituit.
3730 2764 3806 2817 lbi
3837 2761 3983 2815 velut
4011 2760 4076 2811 ab
4106 2755 4254 2811 acci-

2666 2862 2820 2929 pitris
2857 2861 3073 2912 incursu
3108 2858 3444 2920 defenditur,
3476 2855 3601 2923 quia
3651 2869 3679 2905 a
3730 2851 3939 2907 cunctis
3992 2846 4257 2915 maligno-

2669 2968 2785 3005 rum
2836 2951 3122 3019 Spirituum
3156 2948 3368 3001 insidiis
3413 2944 3738 3000 custoditur.
3771 2940 3844 2995 lbi
3895 2939 4049 3007 plane
4078 2934 4256 2990 nidifi-

2670 3053 2778 3102 cat,
2806 3042 2931 3111 quia
2967 3040 3074 3092 illic
3106 3038 3247 3093 fetus
3282 3040 3546 3091 tonorum
3592 3048 3814 3105 operum
3846 3036 4149 3085 coacervat.
4180 3026 4257 3082 De

2672 3135 2769 3187 hac
2802 3144 2955 3202 petra
2986 3147 3078 3203 per
3104 3132 3445 3185 Psalmistam
3491 3130 3688 3183 dicitur
3721 3141 3735 3179 :
3772 3145 3790 3176 ι
3823 3124 4031 3177 Montes
4059 3119 4258 3175 excelsi

2669 3226 2863 3288 cervis,
2889 3234 3039 3293 petra
3067 3222 3329 3293 refugium
3355 3221 3511 3292 771
3540 3217 3842 3273 berinaceis
3867 3214 4038 3283 (Psal.
4068 3213 4203 3282 cm).
4230 3232 4249 3267 ι

2668 3316 2803 3383 Quid
2836 3317 2980 3371 enim
3012 3316 3111 3369 hoc
3138 3315 3253 3369 loco
3281 3326 3375 3382 per
3420 3323 3653 3373 montes,
3702 3310 3801 3363 nisi
3848 3308 3969 3361 alta:
4005 3306 4253 3373 Scriptu-

2668 3424 2849 3462 rarmu
2886 3407 3244 3477 intelligenda}
3285 3414 3411 3459 sunt
3439 3402 3872 3473 profunditates'?
3903 3399 3966 3453 lli
3996 3397 4254 3451 nimirum

2667 3505 2757 3575 qui
2784 3503 2895 3573 jam
2936 3503 3066 3556 dare
3096 3497 3566 3568 contemplationis
3597 3495 3767 3550 saltus
3800 3498 4087 3553 noverunt,
4117 3490 4256 3545 altos

2666 3595 3058 3648 sententiarum
3122 3590 3429 3643 divinarum
3483 3588 3718 3642 vertices
3767 3586 3920 3656 quasi
3968 3583 4255 3639 cacumina

2668 3691 2923 3736 montana
2955 3680 3341 3735 conscendunt.
3375 3672 3455 3733 λιι
3501 3694 3620 3748 qua:
3668 3678 3917 3748 protracto
3972 3674 4255 3731 cacumina

2667 3772 2791 3840 quia
2824 3770 3023 3825 infirmi
3054 3771 3361 3841 pertingere
3400 3777 3699 3839 nequeunt,
3742 3777 3887 3823 recte
3930 3766 4039 3821 illic
4068 3764 4255 3819 subdi-

2668 3876 2798 3919 tur:
2835 3883 2851 3915 ι
2891 3862 3052 3918 Petra
3086 3861 3349 3933 refugium
3381 3860 3707 3916 lterinaceis.
3755 3880 3773 3912 ι
3820 3859 3957 3927 Quia
4007 3856 4258 3911 videlicet

2667 3957 2931 4014 invalidos
2978 3971 3219 4027 quosque
3249 3971 3353 4010 nou
3401 3953 3757 4023 intelligentia
3808 3951 4054 4007 sublimis
4100 3948 4258 4005 exerJ

2666 4059 2771 4111 cet,
2826 4049 2919 4104 sed
2970 4046 3082 4101 sola
3121 4048 3171 4101 in
3227 4046 3445 4101 Christo
3490 4046 3619 4099 fides
3667 4044 3944 4098 humiliter
3993 4043 4254 4097 continet.

2668 4138 2820 4207 Quod
2856 4147 3035 4192 autem
3070 4138 3179 4192 illic
3205 4137 3422 4191 additur
3454 4154 3466 4189 :
3503 4155 3521 4187 ι
3556 4135 3611 4192 ln
3647 4148 3882 4189 caverna
3920 4132 4198 4191 macerim:
4233 4150 4253 4185 ι

2665 4231 2841 4287 solent
2864 4246 2928 4285 ex
2959 4229 3226 4299 lapidibus
3263 4228 3518 4284 maceriae
3549 4227 3685 4287 fieri,
3730 4227 3796 4280 ad
3828 4226 4129 4280 custodiam
4176 4224 4257 4279 vi-

2666 4339 2913 4388 nearum,
2966 4323 3106 4378 sicut
3148 4338 3243 4393 per
3295 4322 3489 4377 lsaiam
3536 4320 3781 4375 dicitur:
3826 4338 3844 4369 ι
3892 4317 4063 4373 Vinea
4117 4316 4255 4371 facta

2667 4426 2751 4472 est
2779 4416 2977 4472 dilecto
3008 4431 3129 4471 meo
3160 4416 3211 4471 in
3242 4430 3410 4470 cornu
3443 4415 3497 4473 in
3547 4415 3666 4471 loco
3696 4412 3881 4475 uberi,
3922 4422 3977 4466 et
4021 4409 4256 4466 maceria

988 4501 1084 4596 vel
1108 4502 1261 4596 bonis
1290 4514 1577 4573 provocata
1598 4512 1904 4596 moveatur.
1939 4502 2053 4557 Hoc
2080 4503 2242 4557 etiam
2274 4504 2327 4557 in
2368 4504 2563 4574 populo
2594 4533 2642 4596 ο
2668 4505 3026 4562 circumdedit
3074 4514 3128 4560 et
3174 4503 3518 4560 circumfodit
3568 4518 3689 4558 eam
3741 4501 3895 4574 (Isat'.
3928 4501 4003 4571 v).
4055 4518 4073 4552 ι
4114 4497 4255 4567 Quid

988 4591 1089 4648 Dei
1143 4593 1474 4664 frequentius
1526 4594 1719 4663 agitur,
1761 4610 1916 4660 cum,
1968 4596 2272 4664 praedicatis
2328 4596 2566 4651 caelesti-

988 4683 1093 4741 bus
1120 4685 1374 4757 praemiis,
1398 4688 1586 4741 sa'vire
1608 4688 1661 4741 in
1688 4687 1887 4745 electos
1908 4687 2118 4758 reprobi
2147 4688 2562 4757 permittuntur;

987 4784 1050 4832 ut
1074 4776 1141 4842 si,
1165 4777 1361 4843 vocati,
1392 4778 1457 4831 ad
1507 4786 1705 4831 terram
1736 4778 2129 4849 promissionis,
2161 4778 2309 4832 exire
2336 4778 2564 4850 negligi—

990 4881 1133 4931 mus,
1183 4869 1449 4936 pressuris
1496 4868 1680 4924 saltem
1712 4869 2054 4925 srevientibus
2085 4870 2439 4939 impellamur.
2472 4869 2565 4924 At-

990 4972 1096 5028 que
1126 4958 1238 5012 haec
1265 4956 1550 5031 Egyptus,
1584 4960 1689 5013 vita
1720 4960 1961 5015 videlicet
2007 4974 2260 5029 praesens,
2306 4975 2423 5030 qua!
2466 4976 2566 5015 nos

988 5047 1258 5118 Oppressit
1305 5048 1615 5114 blandiens,
1666 5048 1880 5118 adjuvet
1920 5065 2201 5121 premens;
2256 5061 2559 5121 quatenus,

989 5152 1129 5207 quae,
1164 5139 1287 5191 dum
1345 5138 1569 5197 foveret.
1614 5138 1741 5210 jugo
1790 5156 1885 5194 nos
1935 5141 2209 5194 servitutis
2259 5141 2561 5205 attriverat,

988 5228 1256 5283 libertatis
1301 5228 1462 5293 viam,
1489 5230 1613 5284 dum
1656 5227 1861 5302 afﬂigit,
1905 5231 2171 5286 ostendat.
2217 5230 2341 5285 Haec
2381 5231 2563 5301 itaque

989 5332 1149 5373 causa
1177 5328 1261 5374 est
1289 5318 1429 5389 quod
1472 5322 1539 5375 ab
1571 5320 1781 5388 iniustis
1816 5324 1943 5393 justi
1989 5325 2236 5379 sinuntur
2265 5322 2446 5393 aﬂligi,
2482 5330 2561 5389 ut,

990 5409 1115 5463 dum
1166 5409 1344 5465 futura
1400 5412 1621 5466 audiunt
1667 5414 1802 5468 bona
1839 5430 1957 5484 quae
1990 5415 2255 5485 diligunt,
2292 5416 2567 5485 patiantur

988 5502 1151 5555 etiam
1176 5500 1311 5555 tuala
1341 5504 1620 5571 prmsentia
1648 5520 1765 5573 qua:
1806 5505 2250 5573 perhorrescunt,
2305 5515 2464 5573 atque
2496 5504 2563 5559 ad

987 5586 1286 5646 faciliorem
1335 5594 1536 5645 exitum
1564 5633 1577 5656 ,
1610 5595 1735 5647 dum
1766 5608 1917 5647 amor
1962 5603 2253 5663 provocat,
2290 5595 2563 5649 cruciatus

988 5678 1251 5760 impellat.
1302 5681 1419 5736 Tihi
1461 5691 1637 5737 autem
1670 5700 1789 5739 cum
1825 5685 1945 5739 vitae
1970 5683 2126 5754 hujus
2174 5666 2407 5756 nudique
2434 5702 2559 5756 pro-

987 5775 1216 5850 speritas
1236 5776 1519 5844 arriderct,
1551 5792 1656 5837 non
1688 5788 1739 5833 te
1770 5778 2019 5846 mundus,
2048 5780 2137 5850 qui
2166 5778 2559 5846 hlandiebatur,

2667 4610 2797 4667 ergo
2847 4610 2943 4664 per
2990 4596 3281 4650 maceriam
3328 4595 3605 4665 lapidum,
3662 4593 3765 4649 nisi
3831 4592 4139 4661 praesidium
4202 4597 4258 4645 et

2670 4689 2927 4744 excubias
2965 4687 3314 4757 intelligimus
3361 4687 3712 4759 angelorum?
3752 4686 3958 4753 Quibus
4006 4682 4257 4739 videlicet

2670 4780 2847 4836 anima
2907 4780 2967 4855 in,
3010 4781 3309 4835 certamine
3358 4779 3531 4849 posita
3560 4819 3575 4842 ,
3633 4778 3760 4832 dttm
3814 4776 4048 4830 vallatur
4091 4784 4254 4843 atque

2670 4872 3080 4936 circumdatur,
3132 4887 3161 4925 a
3215 4872 3430 4926 cunctis
3497 4869 3898 4925 adversantium
3965 4866 4252 4937 spirituum

2672 4961 3068 5029 tentationibus
3141 4962 3468 5016 custoditur.
3529 4959 3699 5013 Porro
3760 4959 3902 5027 quod
3960 4956 4248 5025 sequitur:

2676 5073 2693 5106 ι
2736 5052 2972 5108 Ostende
2998 5052 3126 5106 mihi
3158 5050 3352 5109 faciem
3392 5060 3568 5114 tuam;
3611 5069 3628 5101 ι
3675 5058 3802 5103 tunc
3834 5047 4014 5101 anima
4044 5043 4251 5101 caelesti

2671 5143 2883 5215 Sponsa
2933 5141 3127 5197 faciem
3185 5156 3337 5195 suam
3389 5136 3680 5197 ostendere
3718 5140 3937 5203 dicitur,
3970 5152 4092 5191 cum
4136 5133 4253 5205 ejus

2669 5235 2904 5305 speciem
2985 5234 3214 5289 internis
3284 5232 3563 5288 obtutibus
3615 5232 3769 5301 quasi
3829 5229 4064 5285 revelata
4113 5226 4253 5282 facie

2668 5325 3087 5395 contemplatur.
3145 5345 3162 5378 ι
3195 5326 3383 5388 Sonet,
3432 5326 3627 5396 inquit,
3678 5340 3779 5378 vox
3812 5336 3900 5377 tua
3931 5324 3983 5375 in
4030 5321 4253 5377 auribus

2668 5420 2805 5474 meis
2840 5438 2850 5471 :
2887 5434 2987 5472 vox
3015 5419 3158 5473 enim
3190 5426 3277 5472 tua
3307 5418 3503 5481 dulcis,
3546 5427 3602 5472 et
3646 5416 3811 5471 facies
3842 5425 3927 5468 tua
3961 5414 4176 5469 decora.
4225 5432 4244 5466 ι

2668 5507 2711 5563 Ο
2742 5523 2901 5577 quam
2932 5523 3095 5561 suave
3117 5509 3524 5572 commercium,
3556 5508 3661 5561 imo
3681 5520 3844 5575 quam
3870 5499 4249 5559 inenarrabilis

2666 5600 2893 5654 dulcedo
2922 5600 2973 5653 in
3005 5600 3257 5654 humanis
3304 5597 3604 5653 visceribus
3628 5598 3833 5651 oritur!
3870 5610 3991 5649 cum
4024 5592 4252 5647 Creator

2664 5701 2719 5746 et
2753 5700 3001 5747 creatura
3059 5691 3281 5746 alternis
3334 5691 3384 5743 in
3418 5704 3476 5744 se
3523 5689 3751 5743 invicem
3798 5686 4078 5741 affectibus
4106 5682 4249 5739 delo-

2664 5792 2880 5843 ctsntur
2904 5823 2921 5850 ,
2956 5783 3094 5841 sicut
3126 5797 3221 5857 per
3261 5781 3584 5855 Prophetam
3614 5780 3849 5838 dicitur:
3888 5797 3907 5833 ι
3941 5776 4137 5833 Suavis
4177 5756 4252 5838 sit
