5882 6570
198 0 2105 237 ν

47 6410 795 6570 ..μ

2326 3312 2441 3363 .tur
2510 3305 2653 3359 enim
2741 3306 3122 3372 adversarius,

2380 423 2480 486 735
2800 426 2856 485 S.
2898 425 3102 484 PETRI
3138 423 3418 484 DAMIANI
3459 426 3610 489 OPP.
3651 427 3886 488 TOMUS
3924 428 4055 488 SEU
4092 430 4273 491 PARS
4311 434 4394 491 ill.
4427 465 4496 477 —
4538 432 4897 494 OPUSCULA
4931 433 5156 491 VARIA.
5503 432 5599 493 736

2377 550 2423 607 ei
2470 547 2711 605 laudatio
2757 561 2877 603 mea
2906 588 2922 615 ,
2972 560 3073 619 ego
3101 561 3235 603 vero
3264 546 3576 604 delectabor
3621 549 3675 604 in
3725 548 3953 605 Domino
3977 551 4032 612 Α
4055 552 4311 620 Operibus
4334 552 4545 606 videtur
4566 552 4825 617 intentus,
4852 551 4945 606 sed
4967 567 4997 606 a
5021 550 5183 606 divini
5211 549 5407 605 amoris
5434 558 5600 621 torpet

2375 639 2545 712 (hat.
2572 648 2716 711 cm).
2751 658 2771 692 ι

2984 730 3214 788 CAPUT
3251 730 3339 788 lli.

4053 640 4305 697 incendio
4363 642 4624 713 frigidus;
4669 642 4779 711 jam
4831 642 4930 696 iste
4978 642 5277 698 sanctitatis
5326 642 5599 713 imaginem

4052 746 4213 801 super
4243 732 4524 787 brachium
4555 732 4731 803 posuit
4752 772 4766 795 .
4808 733 4901 787 scd
4930 732 5104 786 adhuc
5142 732 5196 786 in
5226 732 5385 787 corde
5409 732 5599 787 Christi

2376 841 2521 910 Quod
2545 842 2764 917 qung
2782 850 3108 917 ωηεεηρεοη
3144 842 3328 917 mm,“
3355 843 3425 897 ad
3452 844 3548 899 hoc
3569 845 3719 917 debet
3749 860 3952 917 "mp"
4050 823 4385 917 signaculum
4443 839 4549 879 non
4604 823 4887 917 expressit.
4939 821 5011 917 [it
5058 838 5186 893 ergo
5214 832 5398 917 sancta
5430 822 5598 917 anima

2637 913 2786 980 eniti,
2820 922 2875 966 ut
2900 913 3166 983 perueniat
3193 913 3263 967 ad
3291 930 3521 970 amorem
3551 914 3670 971 Dei.

2437 1020 2504 1079 Et
2531 1021 2649 1078 hac
2673 1030 2758 1078 est
2780 1036 2990 1078 summa
3013 1022 3301 1093 cujuslibet
3321 1033 3521 1081 sanctae
3542 1026 3737 1082 animae
3761 1029 3947 1087 mundi

2368 1112 2591 1170 nexibus
2640 1114 2907 1185 expeditae
2952 1122 3114 1185 atque
3140 1115 3230 1171 hic
3260 1122 3368 1170 tota
3414 1117 3619 1172 versari
3674 1117 3833 1174 debet
3865 1120 3948 1174 in-

2368 1205 2579 1273 tentio,
2626 1215 2687 1261 ut
2741 1206 2809 1261 ad
2861 1221 3102 1263 antorem
3158 1208 3253 1263 Dei
3288 1222 3388 1278 per
3439 1209 3681 1264 omnium
3724 1225 3942 1267 suorum

2368 1309 2584 1367 cperam
2642 1296 2974 1354 incrementa
3032 1300 3360 1367 contendat,
3410 1309 3465 1355 et
3510 1303 3834 1373 quandoque
3888 1303 3941 1359 in

2365 1386 2475 1439 veri
2526 1383 2722 1455 Sponsi
2769 1386 3158 1443 delectabiliter
3218 1390 3556 1461 amplexibus
3617 1393 3939 1463 requiescat.

2366 1479 2512 1532 Sicut
2554 1478 2697 1533 enim
2724 1480 2847 1549 quis
2876 1480 2944 1536 ad
2988 1482 3091 1538 hoc
3126 1481 3511 1539 ecclesiasticis
3538 1485 3792 1555 gradibus
3839 1486 3942 1539 ini-

2365 1571 2526 1625 tiatur
2558 1581 2615 1627 ut
2659 1572 2726 1627 ad
2752 1574 3041 1630 sacerdotii
3069 1575 3283 1631 culmen
3314 1578 3572 1645 attingat,
3604 1576 3689 1632 vel
3726 1579 3937 1647 potius,

2366 1668 2425 1714 ut
2459 1667 2548 1717 tua
2571 1662 2835 1728 dicamus,
2864 1664 2930 1718 ad
2952 1664 3057 1719 hoc
3083 1665 3235 1736 virgo
3276 1665 3553 1721 dotatione
3580 1665 3939 1721 subarrhatur

2362 1761 2420 1805 ut
2442 1750 2639 1817 nubat,
2670 1754 2742 1807 ita
2766 1754 3020 1810 nimirum
3048 1770 3235 1811 omnes
3264 1756 3518 1811 saeculum
3569 1757 3937 1827 relinquentes

2363 1840 2426 1895 ad
2455 1841 2558 1897 hoc
2600 1842 2799 1898 debent
2843 1859 3057 1913 semper
3085 1846 3216 1899 eniti
3249 1854 3308 1899 ut
3336 1847 3541 1901 auctori
3592 1862 3691 1901 suo
3726 1848 3938 1902 valeant

4046 914 4250 972 Christi
4279 916 4600 971 charactere
4624 915 4906 984 utrobique
4935 915 5196 985 signetur,
5221 929 5340 969 eum
5372 914 5424 969 in
5447 914 5601 969 corde

4044 1023 4142 1064 suo
4168 1010 4499 1080 signaculum
4522 1019 4685 1079 ponat
4704 1050 4718 1071 .
4746 1018 4805 1063 ut
4827 1009 5024 1063 amoris
5042 1008 5159 1078 ejus
5183 1007 5385 1063 facibus
5404 1005 5602 1061 medul-

4043 1098 4170 1154 litus
4200 1101 4523 1155 inardescat.
4566 1099 4741 1155 Ponat
4778 1099 4939 1154 etiam
4980 1106 5367 1168 consequenter
5400 1096 5451 1150 in
5484 1098 5603 1151 bra-

4041 1188 4167 1243 chio
4191 1229 4205 1252 ,
4234 1197 4293 1241 ut
4320 1188 4423 1258 piis
4449 1189 4705 1257 operibus
4741 1186 4983 1243 valenter
5006 1186 5235 1241 insistat.
5269 1184 5600 1257 Signaculum

4041 1278 4241 1335 Paulus
4267 1280 4321 1334 in
4356 1293 4583 1349 corpore
4613 1296 4712 1335 suo
4731 1321 4745 1344 ,
4777 1280 4921 1334 velut
4950 1280 5001 1334 in
5032 1278 5283 1344 brachio,
5306 1277 5484 1333 Jesunt
5512 1293 5601 1347 po-

4044 1378 4247 1436 suerat,
4275 1386 4395 1425 cum
4418 1370 4632 1425 dicebat
4664 1388 4677 1423 :
4709 1388 4727 1422 ι
4751 1370 4861 1441 Ego
4882 1372 5135 1442 stigmata
5157 1368 5278 1426 Jesu
5308 1370 5357 1424 in
5386 1380 5604 1437 corpore

4042 1476 4161 1516 meo
4186 1470 4343 1531 porto
4376 1458 4516 1531 (Gal.
4551 1462 4647 1531 vr).
4682 1480 4701 1513 ι
4736 1459 5078 1531 Signaculum
5117 1476 5276 1531 super
5312 1476 5403 1515 cor
5427 1458 5602 1515 Jesum

4041 1562 4330 1622 posuerat,
4383 1568 4503 1606 cum
4536 1553 4663 1607 alibi
4712 1551 5135 1624 gratulabundus
5176 1551 5391 1607 aiebat:
5428 1569 5445 1601 α
5480 1547 5601 1604 Mihi

4041 1651 4227 1696 autem
4246 1642 4389 1696 absit
4410 1642 4652 1713 gloriari,
4680 1643 4780 1698 nisi
4804 1645 4855 1697 in
4878 1657 5038 1698 cruce
5061 1642 5268 1697 Domini
5293 1641 5457 1696 nostri
5479 1638 5600 1694 Jesu

4040 1728 4273 1793 Christi,
4316 1748 4412 1801 per
4458 1747 4616 1801 quem
4650 1733 4780 1787 mihi
4813 1732 5043 1789 mundus
5088 1731 5372 1789 cruciﬁxus
5400 1739 5479 1785 cst
5503 1771 5517 1796 ,
5550 1738 5602 1785 et

4041 1838 4140 1892 ego
4166 1824 4383 1877 mundo!
4420 1843 4439 1875 ι
4482 1822 4670 1894 (Ibid.)
4696 1823 4862 1893 Cujus
4901 1839 5033 1879 sane
5076 1825 5323 1896 stigmata
5353 1836 5600 1892 expressa

2360 1930 2560 1988 aretius
2594 1933 2647 1986 in
2696 1947 2883 1989 amore
2909 1935 3179 2007 conjungi.
3230 1936 3481 2006 Alioquin
3528 1938 3655 2007 quid
3686 1940 3939 2007 proderat
3969 1914 4013 1973 Β
4042 1916 4263 1985 “reb”
4297 1917 4348 1970 ί¹¹
4378 1931 4603 1986 corpore
4624 1959 4638 1983 ν
4685 1917 4799 1985 ei“
4825 1932 4882 1972 se
4911 1918 5241 1989 δίεηθουιυηι
5277 1919 5471 1972 “alme
5496 1916 5605 1986 ἕίο·

2355 2021 2539 2095 jugum
2600 2025 2933 2097 Egyptiactn
2980 2031 3259 2085 servitutis
3304 2032 3645 2101 abrumpere,
3690 2032 3933 2088 Rubrum

2360 2130 2508 2172 mare
2533 2119 2784 2183 transire,
2814 2120 2859 2175 si
2906 2130 3104 2174 terram
3154 2121 3309 2177 lactis
3352 2138 3416 2178 ac
3468 2123 3640 2178 mellis
3681 2125 3933 2194 irriguam

2358 2219 2626 2276 nunquam
2676 2206 2897 2263 daretur
2949 2210 3191 2265 intrare?
3224 2210 3335 2267 Lac
3375 2213 3574 2281 quippe
3613 2211 3820 2268 fructus
3852 2222 3936 2269 est

2358 2299 2556 2363 carnis,
2591 2298 2693 2353 mel
2728 2300 2932 2355 labitur
2959 2305 3025 2357 de
3054 2303 3321 2372 supernis.
3359 2303 3425 2357 Et
3456 2305 3581 2373 quia
3607 2304 3935 2377 Redemptor

2356 2404 2538 2447 noster
2570 2392 2635 2448 de
2658 2394 2798 2450 caelo
2826 2396 3049 2451 veniens
3076 2412 3295 2453 carnem
3346 2400 3583 2468 suscepit
3608 2415 3674 2454 ex
3706 2401 3932 2470 virgine,

2358 2481 2471 2538 haec
2527 2492 2609 2539 est
2650 2493 2791 2541 terra
2838 2486 2929 2541 illa
2955 2488 3251 2544 viventium
3281 2531 3296 2555 ,
3361 2490 3427 2544 ad
3473 2506 3634 2560 quam
3680 2492 3935 2546 debemus

2357 2572 2577 2631 intentis
2614 2592 2827 2648 semper
2872 2580 3071 2636 amoris
3121 2582 3397 2651 gressibus
3444 2580 3722 2638 festinare.
3776 2583 3933 2640 Hunc

2356 2662 2645 2735 Sponsum,
2678 2669 3001 2724 venerabilis
3053 2686 3206 2725 soror
3230 2712 3243 2735 ,
3295 2688 3438 2727 verm
3467 2673 3751 2729 charitatis
3792 2675 3933 2731 ulnis

2353 2755 2698 2825 amplectere,
2735 2773 2897 2828 super
2925 2759 3029 2815 hoc
3046 2762 3248 2831 jugiter
3277 2762 3571 2827 delectare,
3597 2764 3845 2833 inquam,
3880 2766 3929 2819 in

2353 2844 2579 2901 Domino
2609 2889 2623 2914 ,
2676 2859 2731 2903 et
2758 2850 2907 2905 dabit
2960 2850 3053 2906 tibi
3106 2853 3391 2922 petitiones
3421 2856 3599 2909 cordis
3632 2856 3705 2909 tui
3754 2855 3930 2924 (Psal.

2355 2940 2570 3008 xxxv-1).
2646 2937 2813 3005 Hujus
2878 2956 3078 3010 corpus
3151 2952 3205 2996 et
3256 2945 3575 3014 sanguinem
3624 2946 3785 3000 etiam
3841 2962 3935 3001 ore

2355 3029 2535 3083 carnis
2566 3028 2809 3084 crebrius
2840 3032 3073 3102 suscipe.
3107 3041 3167 3088 ut
3200 3034 3340 3089 hanc
3369 3034 3485 3102 ejus
3530 3051 3711 3090 vocem
3740 3039 3934 3093 merito

2350 3122 2522 3190 possis
2556 3120 2740 3175 audire
2770 3139 2783 3175 :
2823 3139 2841 3172 ι
2878 3122 3055 3177 Favus
3075 3124 3342 3179 distillans
3388 3126 3528 3181 labia
3563 3135 3673 3193 tua,
3703 3144 3925 3197 sponsa,

2351 3212 2456 3266 mel
2505 3222 2559 3266 et
2621 3212 2702 3266 lac
2755 3212 2855 3267 sub
2904 3214 3082 3284 lingua
3142 3224 3232 3269 tua
3284 3214 3477 3286 (Cant.
3509 3218 3622 3287 tv).
3656 3238 3674 3271 ι
3728 3217 3926 3274 Terre-

3209 3322 3330 3362 cum
3412 3310 3704 3365 Christiani
3786 3311 3927 3365 labia

2352 3393 2549 3449 Clu-isti
2620 3393 2768 3447 videt
2842 3410 3035 3450 cruore
3108 3397 3374 3465 rubentia.
3452 3398 3711 3469 Agnoscit
3786 3401 3928 3453 enim

2352 3484 2511 3557 772
2539 3494 2735 3554 praesto
2763 3500 2873 3539 suae
2898 3487 3216 3556 perditionis
3248 3488 3526 3553 indicium,
3551 3498 3604 3543 et
3631 3490 3825 3543 divina:
3852 3491 3933 3544 vi-

2351 3576 2570 3640 ctoriae,
2618 3591 2722 3647 qua
2767 3579 3068 3647 captivatus
3097 3588 3179 3635 est
3203 3588 3259 3634 et
3283 3580 3510 3633 obrutus
3537 3621 3551 3643 ,
3586 3596 3689 3635 non
3738 3583 3932 3636 tolerat

2352 3664 2789 3722 instrumentum.
2832 3668 3083 3723 Christus
3127 3684 3256 3739 ergo
3295 3684 3392 3740 per
3421 3672 3741 3740 mysterium
3773 3686 3929 3726 suum

2354 3758 2444 3813 tibi
2469 3760 2715 3815 videatur
2733 3761 2786 3815 in
2809 3775 2923 3827 ore,
2953 3770 3007 3815 et
3028 3762 3276 3817 Christus
3298 3778 3393 3832 per
3415 3762 3497 3817 sui
3521 3764 3722 3818 amoris
3750 3766 3932 3819 incen-

2352 3850 2493 3904 dium
2539 3850 2634 3906 tibi
2664 3850 3057 3931 vivat‘semper
3086 3854 3139 3908 in
3170 3854 3351 3919 corde,
3382 3864 3439 3907 ut
3459 3856 3740 3924 {congruat
3766 3856 3929 3909 etiam

2352 3942 2446 3996 tibi
2488 3945 2629 4013 quod
2690 3960 2886 4013 sponsa
2939 3946 3069 4001 dicit
3122 3948 3175 4001 in
3226 3946 3515 4002 Canticis:
3564 3969 3581 3999 ς
3619 3948 3932 4004 Fasciculus

2352 4031 2584 4102 myrrha
2602 4074 2616 4098 ,
2646 4034 2875 4091 dilectus
2900 4051 3051 4091 meus
3083 4037 3212 4091 mihi
3234 4077 3250 4104 ,
3282 4038 3423 4092 inter
3450 4038 3613 4092 ubera
3640 4053 3759 4092 mea
3786 4053 3933 4093 com-

2352 4123 2655 4179 morabitur
2682 4124 2857 4196 (Cant.
2884 4127 2943 4195 ι).
2969 4146 2986 4179 ι
3020 4126 3157 4194 Quid
3179 4129 3321 4183 enim
3345 4144 3439 4199 per
3464 4131 3762 4199 myrrham,
3789 4145 3933 4184 ama-

2350 4213 2623 4269 rissimam
2678 4216 2930 4271 videlicet
2978 4218 3236 4273 aromatis
3286 4219 3556 4287 speciem,
3613 4234 3721 4289 qua
3769 4220 3931 4273 etiam

2352 4302 2723 4358 defunctorum
2742 4304 3003 4360 cadavera
3031 4306 3377 4372 condiuntur,
3403 4308 3503 4361 nisi
3528 4306 3727 4363 Christi
3750 4310 3932 4378 passio

2355 4398 2701 4468 designatur?
2729 4399 2867 4465 Quid
2897 4400 3037 4454 aliud
3065 4402 3204 4456 inter
3233 4403 3420 4466 ubera,
3452 4404 3553 4458 nisi
3578 4402 3726 4459 locus
3752 4404 3932 4459 cordis

2354 4490 2695 4561 agnoscitur?
2721 4489 2977 4561 Quisquis
2999 4492 3162 4563 igitur
3182 4509 3366 4549 amore
3389 4495 3644 4549 continuo
3658 4494 3929 4551 Christum

2351 4577 2404 4633 in
2437 4595 2632 4634 arcano
2671 4582 2752 4635 sui
2780 4583 2957 4637 cordis
3001 4583 3339 4652 amplectitur
3361 4626 3373 4646 ,
3405 4586 3649 4655 quisquis
3682 4587 3929 4641 imitandi

2364 4671 2533 4739 gratia
2566 4672 2831 4738 passionis
2856 4674 3172 4741 mysterium
3200 4675 3401 4741 jugiter
3428 4677 3718 4730 meditatur
3743 4720 3755 4742 ,
3809 4679 3931 4733 huic

2350 4758 2592 4828 profecto
2616 4760 2849 4829 myrrha:
2877 4760 3166 4815 fasciculus
3187 4762 3435 4816 Christus
3461 4762 3706 4827 ellicitur,
3734 4775 3895 4835 atque
3914 4806 3929 4829 ,

2346 4848 2499 4920 juxta
2523 4849 2817 4921 Scriptura:
2853 4866 3023 4907 sacra:
3054 4855 3374 4909 sententiam
3399 4894 3413 4919 ,
3443 4855 3584 4909 inter
3618 4855 3735 4923 ejus
3765 4858 3931 4911 ubera

2350 4952 2739 4997 commoratur.
2787 4941 2939 4997 Unde
2973 4952 3028 4997 et
3074 4945 3212 5003 idem
3248 4944 3487 5015 Sponsus
3535 4947 3600 5001 ad
3632 4963 3883 5018 sponsam
3917 4966 3931 5003 :

2358 5050 2377 5084 t
2408 5032 2549 5088 Pone
2593 5050 2700 5099 me,
2731 5035 2825 5099 ait,
2871 5046 2930 5089 ut
2952 5037 3285 5106 signaculum
3317 5053 3483 5108 super
3511 5054 3606 5093 cor
3638 5050 3782 5094 tuum
3810 5082 3825 5103 ,
3873 5049 3933 5096 ut

2351 5124 2683 5195 signaculum
2701 5140 2860 5194 super
2890 5127 3169 5181 brachium
3197 5137 3341 5183 tuum
3372 5129 3548 5199 (Cant.
3573 5132 3745 5201 Vill).)
3775 5130 3930 5201 Stepe

2350 5232 2449 5271 nos
2471 5253 2487 5282 ,
2518 5217 2587 5270 ob
2626 5216 2703 5271 rei
2736 5218 3047 5273 memoriam
3080 5235 3239 5289 quam
3284 5222 3537 5278 oblivioni
3569 5225 3785 5281 tradere
3828 5241 3928 5282 no-

2350 5305 2549 5372 lumus,
2570 5307 2736 5375 digito
2782 5304 2964 5363 nostro
2992 5308 3076 5363 vel
3102 5308 3320 5366 brachio
3356 5312 3564 5381 signum
3598 5314 3815 5386 aliquod
3847 5317 3931 5371 in-

2352 5397 2641 5463 nodamus;
2663 5412 2741 5466 ut,
2765 5399 2887 5453 dum
2913 5401 3123 5469 signum
3150 5400 3461 5472 frequenter
3482 5407 3794 5474 attenditur,
3821 5424 3927 5473 res,

2353 5507 2518 5563 quam
2546 5490 2865 5563 intercipere
2902 5497 3164 5565 potuisset
3200 5498 3432 5563 oblivio,
3465 5498 3665 5569 iugiter
3711 5503 3765 5557 in
3810 5520 3926 5558 me-

2352 5582 2527 5639 moria
2579 5593 2840 5638 teneatur.
2898 5585 3152 5657 Quisquis
3204 5598 3383 5644 antem
3442 5590 3713 5645 Christum
3770 5595 3925 5664 quasi

2356 5683 2524 5741 amat,
2544 5676 2632 5730 sed
2655 5678 2866 5747 Operari
2890 5678 3028 5733 bona
3051 5681 3374 5745 dissimulat,
3392 5681 3501 5752 jam
3537 5686 3929 5751 quodammodo

2355 5782 2612 5839 sponsum
2649 5783 2809 5838 super
2854 5784 2947 5826 cor
2988 5772 3318 5843 signaculum
3371 5775 3586 5843 posuit,
3629 5776 3723 5831 sed
3769 5794 3931 5849 super

2357 5860 2641 5925 brachium
2680 5863 2899 5921 omnino
2936 5878 3043 5923 non
3087 5867 3283 5944 posuit.
3333 5865 3570 5940 Quisque
3610 5883 3739 5931 vero
3777 5872 3931 5932 bonis

4040 2007 4281 2061 riabatur
4333 2010 4385 2061 in
4442 2018 4643 2062 mente.
4684 2008 4855 2065 Porro
4900 2020 5078 2065 autem
5127 2018 5181 2063 et
5226 2010 5336 2079 ipsc
5373 2008 5603 2065 caelestis

4039 2098 4319 2168 Sponsus,
4374 2099 4601 2155 electum
4651 2117 4919 2172 quemque
4964 2119 5118 2157 suum
5151 2103 5249 2157 sibi
5276 2101 5602 2173 signaculum

4035 2192 4205 2262 ponit,
4240 2208 4470 2261 cumque
4498 2202 4651 2262 grata
4677 2194 4793 2248 vice
4820 2234 4833 2258 ,
4864 2203 5119 2263 tanquam
5156 2208 5223 2247 ne
5258 2192 5321 2247 de
5349 2191 5602 2247 memoria

4036 2281 4301 2347 deleatur,
4324 2284 4572 2337 attendit.
4595 2282 4757 2338 Juxta
4787 2284 4927 2353 quod
4947 2283 5243 2339 Zorobabel
5269 2281 5387 2335 duci
5409 2280 5600 2335 indu

4035 2372 4350 2440 pollicetur,
4386 2373 4570 2429 dicens
4600 2391 4612 2427 :
4647 2392 4666 2424 ‹
4694 2374 4750 2429 in
4782 2374 4869 2428 illa
4902 2375 4986 2430 die
5016 2374 5301 2444 suspiciam
5334 2382 5400 2436 te,
5432 2371 5596 2428 Zoro-

4033 2463 4186 2518 babel
4216 2478 4369 2519 serve
4398 2480 4547 2520 meus
4567 2506 4581 2531 ,
4613 2474 4666 2521 et
4691 2481 4885 2535 ponam
4920 2476 4970 2522 te
5000 2469 5138 2522 sicut
5176 2464 5510 2537 signaculum
5540 2463 5597 2520 in

4036 2566 4326 2625 conspectu
4357 2573 4477 2613 meo
4501 2558 4700 2629 (Aggtei
4730 2560 4811 2627 ιι).
4848 2577 4865 2611 ι
4903 2559 5149 2623 Econtra,
5180 2558 5245 2613 de
5270 2558 5497 2627 quodam
5521 2566 5600 2613 r0-

4033 2652 4203 2719 probo
4228 2668 4350 2721 rege
4372 2652 4631 2706 Dominus
4655 2654 4815 2707 dicit:
4841 2654 4925 2708 «Si
4950 2653 5112 2708 fuerit
5132 2652 5437 2717 Jeehonias,
5464 2650 5603 2708 filius

4033 2740 4237 2796 Joacint
4269 2744 4412 2813 regis
4443 2743 4577 2797 Juda
4609 2785 4622 2808 ,
4672 2744 4902 2799 annulus
4935 2744 5123 2801 dexter
5165 2744 5216 2799 in
5258 2758 5414 2798 manu
5444 2754 5557 2798 mea
5582 2776 5601 2811 ,

4034 2835 4156 2889 inde
4178 2837 4402 2890 evellam
4428 2853 4549 2892 cum
4582 2838 4715 2907 (.ler.
4746 2838 4904 2905 χχιι).
4938 2858 4955 2890 ι

4648 2925 4873 2982 CAPUT
4909 2927 4996 2983 ιγ.

4034 3039 4369 3104 Exhortatio,
4410 3048 4464 3093 ttt
4499 3040 4555 3095 in
4583 3039 4815 3124 caelatis.
4838 3039 5028 3111 Sponsi
5066 3055 5265 3110 semper
5288 3038 5598 3109 amplexibus

4672 3122 4978 3182 requiescat.

4101 3198 4179 3251 Ad
4212 3199 4351 3253 hanc
4378 3213 4507 3269 ergo
4547 3208 4625 3265 tu,
4652 3200 4974 3257 venerabilis
4999 3216 5172 3267 soror,
5204 3201 5413 3257 assidue
5441 3201 5600 3256 vicis-

4033 3292 4318 3345 situdinem
4351 3301 4553 3363 satage,
4586 3300 4644 3347 ut
4669 3306 4721 3349 et
4751 3294 4986 3350 cmlestis
5013 3295 5253 3367 Sponsus
5288 3310 5384 3366 per
5410 3296 5601 3352 amoris

4032 3386 4112 3437 sui
4149 3385 4381 3454 gratiam
4420 3397 4472 3440 te
4516 3401 4732 3456 semper
4759 3388 5024 3457 accipiat,
5069 3398 5122 3443 et
5152 3398 5205 3442 tu
5238 3390 5302 3441 ab
5334 3403 5396 3442 eo
5443 3386 5599 3457 (quod

4031 3479 4226 3547 absit!)
4259 3474 4625 3548 per'amorem
4659 3478 5025 3548 quorumlibet
5048 3478 5417 3547 temporalium
5469 3493 5597 3533 ocu-

4030 3570 4110 3626 los
4136 3586 4241 3625 non
4274 3580 4522 3636 avertas;
4556 3571 4716 3641 773
4746 3579 5010 3639 quatenus
5040 3580 5093 3625 et
5134 3570 5221 3625 ille
5253 3582 5301 3625 te
5332 3570 5596 3625 subtiliter

4031 3664 4271 3726 intuens,
4320 3661 4629 3731 nullamque
4670 3660 4979 3717 offensionis
5026 3662 5259 3717 illuviem
5301 3661 5598 3731 deprehen-

4032 3754 4186 3817 dens,
4213 3753 4356 3806 dicat
4385 3769 4397 3805 :
4432 3770 4449 3803 t
4481 3749 4617 3805 Tota
4656 3752 4877 3822 pulchra
4907 3768 4989 3816 es,
5025 3752 5195 3806 amica
5227 3767 5364 3815 mea,
5400 3760 5454 3806 et
5482 3764 5595 3806 ma-

4032 3849 4152 3900 cula
4183 3861 4288 3899 non
4319 3853 4403 3899 est
4437 3845 4490 3899 in
4530 3857 4580 3901 te
4627 3844 4805 3915 (Cant.
4848 3844 4962 3910 tv);
4994 3866 5011 3898 ι
5061 3854 5117 3900 et
5148 3854 5230 3909 tu,
5267 3846 5381 3913 ejus
5419 3859 5598 3901 amore

4034 3934 4477 3991 inenarrabiliter
4499 3944 4758 4001 aestuans,
4786 3936 4887 3991 hoc
4912 3935 5099 3990 intima
5126 3950 5255 3989 voce
5277 3935 5597 4004 depromas:

4040 4044 4059 4078 ς
4090 4027 4328 4082 Dilectus
4357 4042 4507 4081 meus
4538 4026 4798 4081 candidus
4825 4039 4878 4081 et
4930 4026 5275 4092 rubicundus,
5311 4028 5510 4082 electus
5533 4041 5596 4082 ex

4034 4118 4302 4183 millibus;
4352 4127 4515 4187 caput
4548 4118 4664 4185 ejus
4694 4132 4881 4172 aurum
4920 4117 5198 4188 Optimum,
5242 4127 5423 4189 guttur
5461 4117 5599 4173 illius

4034 4210 4437 4273 suavissimum,
4461 4217 4515 4262 et
4540 4217 4683 4264 totus
4714 4209 5084 4265 desiderabilis
5105 4208 5280 4280 (Cant.
5312 4211 5387 4280 v).
5410 4230 5427 4263 ι
5462 4209 5602 4265 Dile-

4033 4311 4152 4355 ctus
4197 4301 4462 4372 siquidem
4498 4301 4761 4357 candidus
4791 4302 5118 4372 virginitate,
5152 4302 5481 4358 rubicundus
5518 4312 5599 4359 est

4032 4393 4301 4463 passione.
4344 4391 4637 4459 Candidus,
4677 4394 4801 4462 quia
4830 4393 4961 4449 dicit
5001 4412 5014 4448 :
5059 4413 5077 4444 ι
5118 4392 5229 4465 Ego
5271 4392 5439 4448 lilium
5480 4408 5601 4450 oon-

4032 4484 4252 4537 vallium
4296 4481 4470 4552 (Cant.
4514 4482 4573 4548 t).
4620 4502 4638 4534 ι
4690 4482 5065 4549 Rubicundus,
5115 4484 5181 4539 de
5226 4498 5332 4554 quo
5366 4482 5600 4541 Joannes

4036 4575 4166 4628 dicit
4198 4592 4210 4627 :
4256 4594 4272 4624 ι
4310 4573 4410 4639 Qui
4434 4573 4564 4627 lavit
4590 4589 4690 4627 nos
4715 4590 4744 4627 a
4776 4575 5007 4643 peccatis
5032 4574 5229 4628 nostris
5261 4575 5312 4628 in
5344 4574 5602 4645 sanguine

4035 4682 4132 4720 suo
4159 4666 4339 4735 (Apoc.
4374 4668 4433 4733 ι).
4481 4684 4499 4716 ι
4550 4664 4764 4720 Flectus
4800 4682 4866 4719 ex
4896 4665 5159 4731 millibus;
5199 4666 5262 4720 de
5301 4680 5408 4736 quo
5448 4665 5602 4721 Salo-

4038 4772 4189 4810 mon:
4230 4775 4247 4805 t
4271 4754 4481 4819 Virum,
4516 4756 4710 4826 inquit,
4745 4758 4810 4812 de
4837 4758 4981 4811 mille
5010 4773 5173 4811 unum
5206 4758 5374 4827 reperi
5400 4755 5600 4827 (Eccle.

4036 4850 4154 4918 vn).
4209 4867 4227 4900 ι
4270 4847 4598 4903 Millenarius
4640 4850 4836 4919 quippe
4876 4865 5133 4903 numerus
5177 4850 5337 4903 totius
5375 4848 5598 4903 humani

4036 4942 4248 5011 generis
4288 4949 4370 4995 est
4406 4941 4750 5009 intelligenda
4793 4943 5071 5011 perfectio,
5116 4944 5167 4997 in
5206 4959 5309 5012 quo
5354 4942 5600 4999 Salvator

4037 5043 4293 5104 tanquam
4340 5049 4527 5105 passer
4568 5045 4650 5090 est
4692 5036 4885 5091 unicus
4920 5038 4971 5091 iu
5012 5037 5241 5092 :ediiicio
5278 5036 5450 5105 (Psal.
5500 5040 5597 5106 et).

4037 5125 4208 5195 Caput
4260 5130 4377 5197 ejus
4421 5143 4612 5181 aurum
4665 5128 4967 5197 Optimum,
5021 5132 5143 5199 quia
5196 5140 5354 5199 caput
5400 5128 5599 5185 Christi

4037 5218 4174 5273 Deus
4206 5218 4253 5288 (1
4285 5217 4409 5273 Cor.
4444 5220 4541 5290 xt);
4582 5219 4673 5287 qui
4705 5219 4984 5285 nimirum,
5014 5220 5154 5274 sicut
5195 5236 5380 5273 aurum
5409 5218 5601 5274 metal-

4035 5308 4129 5376 lis,
4180 5311 4271 5375 ita,
4310 5309 4436 5364 licet
4476 5310 4992 5380 incomparabiliter,
5025 5312 5271 5366 omnibus
5305 5311 5600 5381 superantia

4035 5412 4126 5458 nct
4181 5404 4467 5460 creaturis.
4522 5404 4686 5473 Cujus
4736 5413 4919 5475 guttur
4963 5404 5335 5458 suavissimum
5384 5403 5599 5469 dicitur,

4034 5496 4159 5565 quia
4202 5510 4421 5551 suorum
4463 5494 4714 5550 mellillua
4760 5496 5024 5551 suavitate
5063 5497 5346 5552 verborum
5395 5504 5599 5551 mentes

4034 5590 4361 5643 audientium
4384 5589 4760 5644 obdulcantur.
4798 5606 4815 5641 t
4844 5588 5016 5657 Quam
5046 5588 5242 5653 dulcia,
5273 5589 5462 5659 inquit,
5483 5586 5597 5641 fauo

4033 5687 4187 5743 cibus
4231 5688 4365 5743 meis
4415 5686 4627 5758 eloquia
4690 5689 4803 5741 tua!
4850 5702 5012 5758 super
5056 5686 5159 5743 mel
5206 5698 5259 5743 et
5300 5687 5476 5741 favum
5518 5684 5596 5742 ori

4035 5794 4154 5834 meo
4183 5778 4353 5849 (Psal.
4386 5779 4598 5851 cxvut).
4631 5800 4651 5833 ι
4682 5778 4849 5839 Totus
4875 5781 5037 5836 etiam
5060 5779 5445 5842 desiderabilis,
5473 5777 5593 5849 quia

4034 5872 4086 5928 in
4111 5889 4252 5939 cum,
4286 5881 4517 5931 testante
4545 5874 4726 5943 Petro,
4746 5873 5055 5935 desiderant
5092 5873 5264 5950 angeli
5291 5874 5593 5946 prospicere

5496 6426 5748 6448 -ῊῊΪ-
