5882 6604
989 389 1093 448 737

2015 382 2259 441 OPUSC.
2300 381 2360 436 L.
2406 414 2473 421 -—
2509 381 2901 440 lNSTlTUTlO
2940 379 3287 437 MONIAIJS.

4082 400 4087 407 ε
4153 378 4259 437 758

989 507 1041 577 (I
1072 505 1219 559 Petr.
1268 502 1339 573 t);
1390 501 1475 557 vel
1524 501 1649 572 quia
1687 498 2042 556 humanitatis
2070 499 2189 569 ejus
2226 497 2569 567 myslerium,
2602 508 2647 563 Λ
2676 496 3005 559 concutitur,
3052 492 3270 563 quantis
3318 490 3587 545 mordacis
3626 489 3986 560 conscientiae,
4024 489 4265 548 stimulis

989 609 1153 650 omne
1194 592 1519 649 desiderium
1554 592 1804 647 accendit
1845 592 1897 643 in
1946 589 2217 643 mentibus
2252 588 2569 652 electorum,

990 698 1054 743 ut
1085 702 1178 742 eos
1206 686 1457 741 videlicet
1481 702 1587 739 non
1614 685 1773 739 modo
1798 681 2215 737 resurrectionis
2243 679 2413 750 gloria
2442 694 2571 748 pro-

988 784 1179 840 vocet,
1231 776 1325 828 sed
1374 774 1440 827 ad
1487 773 1803 827 imitationis
1846 769 2147 837 exemplum
2196 770 2309 838 ipsa
2361 782 2574 854 quoque

993 866 1287 936 ignominia
1342 866 1610 933 passionis
1662 864 1868 916 invitet.
1922 861 1975 913 in
2027 861 2129 914 hoc
2170 859 2335 929 igitur
2376 871 2573 927 sponso

993 968 1113 1022 tuo,
1164 956 1466 1011 veneranda
1522 968 1697 1018 soror,
1756 953 1970 1006 assidue
2022 950 2319 1014 delectare,
2366 950 2419 1005 in
2469 950 2573 1003 hoc

992 1045 1177 1100 omnia
1221 1044 1398 1098 cordis
1444 1044 1519 1096 tui
1560 1054 1682 1096 vota
1730 1042 2021 1107 constitue,
2070 1040 2121 1095 ia
2165 1039 2323 1110 huius
2359 1052 2574 1107 semper

993 1138 1334 1210 amplexibus
1358 1138 1425 1192 ab
1448 1137 1593 1192 omni
1617 1135 1787 1204 sopita
1817 1134 2005 1188 mundi
2032 1133 2244 1188 turbine
2268 1131 2570 1201 requiesce.

1538 1302 1557 1321 ,μ
1618 1250 1843 1307 CAPUT
1884 1249 1947 1305 v.

995 1348 1079 1401 Ad
1110 1347 1367 1402 cautelam
1394 1353 1659 1421 provocat,
1699 1353 1753 1396 ut
1787 1352 1968 1421 contra
2006 1340 2306 1395 tentatiom’s
2350 1338 2571 1393 insidias

1496 1417 1560 1469 sit
1592 1430 1789 1483 semper
1826 1417 2078 1465 accincta.

1071 1506 1177 1564 Sed
1200 1508 1436 1571 interim,
1468 1506 1595 1561 dum
1626 1504 1969 1574 amplecteris
2000 1518 2277 1572 sponsum,
2308 1518 2440 1558 cave
2481 1517 2572 1557 so-

998 1597 1167 1654 lerter
1199 1596 1569 1651 adversarium
1606 1612 1619 1647 :
1664 1595 1839 1649 adhuc
1869 1594 2014 1649 enim
2063 1593 2116 1647 in
2158 1593 2272 1648 salo
2313 1593 2569 1655 versaris,

996 1705 1099 1746 nec
1122 1690 1248 1744 dum
1278 1696 1465 1758 portus
1491 1687 1722 1741 statione
1747 1685 2059 1756 perfrueris.
2088 1684 2404 1738 Procinctus
2428 1683 2571 1736 enim

996 1778 1103 1833 iste
1130 1788 1429 1833 castrorum
1467 1792 1572 1831 non
1605 1776 1805 1845 quietis
1840 1784 1921 1828 est
1955 1773 2340 1843 municipium;
2379 1772 2460 1826 via
2493 1779 2577 1827 est

2676 587 2963 641 laceratur.
2998 584 3207 638 ltecolit
3234 583 3397 637 vetita
3430 596 3549 651 quae
3590 581 3895 645 commisit;
3928 578 4076 635 videt
4110 594 4266 635 man-

2676 676 2798 730 data
2828 690 2949 745 qua:
2993 674 3329 743 negligenter
3366 672 3590 739 implere
3622 670 3966 741 contempsit.
3998 670 4157 725 Dolet
4180 671 4267 725 iu-

2676 768 2821 824 dulta
2862 766 3194 836 poenitentiae
3223 774 3463 834 tempora
3498 778 3619 819 sese
3647 764 3883 819 inaniter
3918 763 4261 833 percepisse;

2675 857 2851 927 plorat
2880 856 3212 910 immobilem
3246 855 3509 909 districta:
3535 854 3752 909 ultionis
3777 856 4065 909 articulum
4096 856 4271 911 inevi-

2677 952 2913 1005 tabiliter
2958 952 3265 1005 imminere.
3314 948 3532 1003 Manere
3576 950 3795 1019 satagit,
3857 950 3935 1003 ire
3988 947 4269 1017 compelli-

2678 1051 2795 1105 tur;
2826 1056 3147 1111 recuperare
3176 1041 3286 1095 vult
3308 1041 3539 1108 perdita,
3569 1056 3678 1096 non
3700 1040 3935 1095 auditur.
3962 1037 4090 1094 Post
4116 1049 4269 1111 terga

2677 1132 2994 1199 respiciens,
3028 1132 3191 1185 totius
3216 1140 3504 1185 transacta:
3533 1131 3656 1185 vitae
3688 1146 3906 1185 cursum
3928 1130 4078 1186 velut
4100 1146 4269 1187 unum

2674 1220 3052 1276 brevissimum
3086 1223 3309 1292 deputat
3350 1222 3560 1277 itineris
3586 1239 3839 1292 passam;
3882 1232 4007 1278 ante
4044 1232 4103 1277 se
4141 1238 4271 1278 ocu-

2674 1310 2756 1366 los
2782 1312 2987 1380 dirigit,
3024 1323 3078 1367 et
3105 1313 3325 1366 inﬁnita:
3364 1313 3723 1383 perennitatis
3759 1313 3931 1381 spatia
3970 1312 4272 1383 deprchen-

2676 1402 2773 1457 dit.
2817 1402 2999 1457 Plorat
3046 1405 3247 1473 itaque,
3298 1404 3425 1473 quia
3476 1405 3619 1459 intra
3670 1415 3779 1459 tam
3824 1406 3989 1459 breve
4035 1402 4269 1473 spatium
4324 1472 4329 1479 η

2678 1496 2963 1565 acquirere
2986 1496 3228 1551 laetitiam
3258 1498 3433 1566 potuit
3454 1498 3699 1552 Ollllllllm
3729 1499 4082 1564 satculorum;
4112 1497 4275 1553 deﬂet

2676 1588 2864 1655 etiam,
2898 1604 2956 1643 se
2981 1598 3203 1657 propter
3250 1596 3361 1642 tam
3404 1589 3585 1643 brevis
3629 1589 3894 1646 illecebrae
3916 1591 4273 1660 voluptatem,

2678 1676 3095 1732 ineuarraL'lem
3138 1686 3409 1747 perpetua:
3433 1679 3717 1733 suavitatis
3746 1681 3997 1735 amisisse
4028 1680 4273 1735 dulcedi-

2679 1785 2822 1824 nem.
2884 1769 3189 1835 Erubescit,
3239 1770 3364 1838 quia
3393 1809 3408 1836 ,
3441 1779 3665 1839 propter
3715 1770 3860 1824 illam
3909 1771 4275 1827 substantiam

998 1867 1129 1933 ista,
1180 1882 1285 1922 non
1340 1868 1544 1936 patria;
1600 1866 1958 1929 ambulamus,
2007 1873 2063 1919 et
2104 1879 2207 1919 non
2248 1864 2572 1918 habitamus.
2606 1859 2799 1929 Bqutc
2842 1860 3117 1915 vermibus
3165 1869 3283 1915 erat
3356 1861 3616 1926 obnoxia,
3676 1861 3819 1915 illam
3867 1861 4107 1933 neglexit
4156 1876 4278 1933 quae

997 1954 1247 2011 Tentatio
1274 1958 1418 2011 enim
1449 1965 1535 2011 est
1571 1956 1679 2010 vita
1728 1955 1963 2009 hominis
2008 1968 2169 2023 super
2204 1962 2409 2007 terram
2455 1951 2578 2022 (Job

996 2046 1119 2116 vn).
1155 2043 1496 2114 Quapropter
1536 2045 1583 2098 si
1613 2045 1970 2099 tentationum
1996 2042 2136 2097 bella
2161 2043 2375 2109 desunt,
2404 2042 2580 2111 gaude

995 2133 1237 2203 quidem,
1278 2134 1388 2188 noli
1425 2142 1606 2188 tamen
1642 2134 1865 2188 nimium
1908 2148 2098 2188 secura
2143 2134 2452 2198 conlidere;
2481 2133 2576 2187 sed

995 2223 1257 2279 adversus
1298 2223 1607 2294 repentinos
1632 2231 1687 2277 et
1716 2222 2021 2294 inepinatos
2059 2224 2433 2279 insidiatorum
2482 2226 2581 2280 ho-

998 2314 1167 2370 stium
1204 2315 1436 2384 impetus
1477 2324 1530 2370 te
1565 2314 1849 2384 vigilanter
1888 2316 2129 2386 accinge.
2166 2315 2319 2385 Saepe
2349 2332 2580 2387 namque

996 2403 1239 2460 nonnulli
1269 2404 1336 2458 ad
1378 2406 1547 2459 Deum
1577 2404 1642 2460 de
1682 2406 1883 2460 mundo
1919 2407 2187 2471 conversi,
2226 2405 2282 2460 in
2317 2407 2435 2476 ipso
2469 2422 2580 2462 suae

997 2493 1362 2549 iuchoationis
1388 2494 1557 2557 aditu,
1584 2496 1983 2564 pacatissimam
2012 2496 2190 2551 carnis
2213 2497 2580 2565 tranquillita-

1000 2592 1111 2640 tem
1157 2585 1652 2655 cogitationumque
1696 2586 2034 2655 percipiunt;
2086 2587 2411 2655 procedente
2446 2603 2578 2645 vero

1000 2686 1261 2745 tempore,
1303 2676 1454 2730 duris
1494 2677 1849 2731 tentationum
1894 2678 2302 2747 probationibus
2344 2680 2578 2752 fatigan-

999 2774 1107 2819 tur.
1129 2765 1280 2833 Quod
1303 2768 1487 2835 utique
1508 2766 1625 2821 t‘teri
1650 2768 1828 2822 divina
1862 2770 2269 2839 dispensatione
2296 2773 2579 2841 cognosci-

999 2863 1107 2921 tur,
1156 2870 1227 2911 ne
1271 2855 1325 2909 iu
1375 2857 1491 2925 ipso
1542 2872 1652 2911 sua:
1699 2858 1952 2913 novitatis
2006 2859 2161 2914 initio
2218 2864 2576 2918 tentationum

997 2947 1289 3017 asperitate
1315 2946 1651 3019 frangantur.
1688 2948 1818 3003 .‘iam
1866 2951 1911 3004 si
1942 2966 2035 3006 eos
2062 2952 2237 3007 adhuc
2266 2962 2479 3008 teucros
2509 2968 2573 3008 ac

997 3038 1177 3092 intimi
1202 3036 1481 3093 conﬂictus
1530 3038 1748 3109 ignaros
1784 3040 2086 3095 amaritudo
2123 3044 2442 3098 tentatiouis
2468 3046 2575 3100 ex—

996 3131 1221 3199 ciperet,
1275 3133 1343 3187 ad
1395 3146 1459 3186 ea
1532 3133 1741 3188 scilicet
1808 3148 1838 3186 a
1890 3122 2084 3202 quibus
2137 3135 2365 3189 necdum
2417 3136 2575 3208 longe

2680 1950 2861 2003 choris
2897 1960 3016 2004 erat
3060 1949 3319 2016 angelicis
3355 1950 3665 2006 inserenda.
3704 1949 3822 2004 Jam
3862 1952 4046 2006 radios
4076 1952 4277 2007 mentis
4320 1964 4323 1969 '

2680 2040 2898 2106 attollit,
2961 2051 3016 2096 et
3063 2058 3186 2095 cum
3236 2041 3550 2097 divitiarum
3602 2043 3992 2098 immortalium
4046 2044 4276 2114 gloriam

2680 2134 3096 2205 contemplatur,
3135 2150 3255 2190 eam
3283 2146 3506 2205 propter
3529 2137 3654 2191 vita:
3690 2137 3847 2207 hujus
3873 2138 4113 2208 inopiam
4151 2153 4276 2209 pero

2680 2223 2881 2279 didisse
2910 2225 3280 2280 confunditur.
3323 2226 3569 2295 Cumque
3599 2227 3699 2285 sub
3732 2242 3791 2283 se
3819 2227 4049 2284 reﬂectit
4076 2229 4274 2287 oculos

2680 2315 2748 2369 ad
2794 2315 2953 2390 hujus
3003 2316 3191 2371 mundi
3242 2317 3545 2373 convallem
3592 2327 3900 2389 tetramque
3943 2320 4230 2393 caliginem
4257 2360 4277 2389 ,

2681 2420 2844 2477 super
2878 2422 2935 2462 se
2968 2408 3197 2463 miratur
3218 2410 3409 2464 aeterni
3438 2409 3663 2465 luminis
3696 2410 4003 2466 claritatem
4023 2450 4040 2477 ,
4071 2412 4311 2486 liquido-

2681 2499 3089 2567 comprehendit
3117 2500 3247 2569 quia
3283 2517 3388 2556 nox
3434 2512 3553 2557 erat
3594 2511 3651 2557 et
3681 2504 3915 2559 tenebra:
3942 2505 4085 2573 quod
4127 2520 4279 2561 ama-

2680 2588 2775 2641 vit.
2812 2588 2855 2643 Ο
2902 2590 2945 2643 si
2979 2590 3279 2646 redivivum
3316 2594 3655 2663 pteuitentia:
3700 2603 3913 2665 tempus
3950 2596 4148 2651 mereri
4180 2612 4274 2666 po-

2684 2681 2895 2745 tuisset,
2951 2696 3114 2750 quam
3165 2682 3315 2737 durae
3363 2686 3796 2741 conversationis
3853 2685 4274 2762 [conversionis]

2680 2770 2784 2825 iter
2809 2772 3095 2840 arriperet!
3127 2774 3311 2842 qualia
3342 2784 3397 2830 et
3423 2786 3626 2847 quanta
3656 2778 4023 2847 promitteret!
4052 2781 4273 2848 quantis

2680 2874 2737 2914 se
2786 2862 3187 2918 devotationtnn
3235 2866 3467 2923 vinculis
3500 2868 3819 2925 innodaretl
3870 2870 4103 2937 Interea,
4144 2873 4273 2928 dum

2679 2948 3031 3006 hebescentes
3051 2952 3193 3007 oculi
3216 2956 3631 3024 contabescunt,
3658 2958 3786 3013 dum
3810 2968 3998 3030 pectus
4023 2961 4273 3033 palpitat,

2679 3054 2902 3097 raucum
2932 3052 3120 3112 guttur
3145 3046 3388 3113 anhelat,
3423 3049 3616 3103 dentes
3663 3050 3927 3119 paulatim
3956 3054 4275 3122 nigrescunt

2680 3143 2731 3183 ct‘
2761 3134 3050 3198 quamdam
3085 3138 3227 3188 velut
3249 3138 3546 3208 mruginem
3572 3141 3934 3209 contrahunt;
3970 3143 4274 3214 pallescunt

996 3221 1377 3286 discesserant,
1404 3221 1563 3277 facile
1588 3233 1914 3277 remearent.
1960 3221 2110 3277 Unde
2142 3226 2403 3294 scriptum
2430 3236 2513 3281 est
2556 3241 2571 3279 :
2602 3223 2647 3285 C
2678 3237 2800 3289 ora,
2831 3226 3073 3281 membra
3108 3237 3306 3284 cuncta
3338 3231 3647 3301 rigescunt;
3674 3233 3801 3289 dum
3831 3238 3948 3292 haec
4001 3241 4184 3308 itaque
4220 3249 4276 3297 et

1002 3331 1023 3365 ς
1061 3314 1194 3369 Cum
1235 3315 1505 3370 emisisset
1534 3314 1749 3369 Pharao
1789 3315 2068 3384 populum,
2102 3332 2207 3372 non
2232 3331 2326 3371 eos
2354 3318 2575 3373 deduxit

995 3402 1258 3460 Dominus
1284 3422 1379 3475 per
1403 3405 1542 3460 viam
1573 3414 1729 3460 terrm
1753 3405 2101 3472 Philisthiim,
2128 3424 2247 3478 qum
2270 3409 2443 3463 vicina
2468 3418 2573 3477 est,

997 3506 1257 3566 reputans
1306 3512 1375 3552 ne
1419 3495 1559 3551 forte
1588 3497 1872 3567 paeniteret
1902 3514 2023 3553 eum
2057 3500 2100 3553 si
2136 3500 2357 3555 vidisset
2384 3502 2576 3554 adver-

995 3604 1118 3645 sum
1142 3603 1198 3644 se
1220 3590 1357 3644 bella
1379 3604 1723 3658 consurgere,
1746 3598 1799 3644 et
1822 3600 2187 3645 reverteretur
2212 3593 2263 3645 in
2283 3592 2572 3663 :Egyplum

996 3677 1200 3752 (Exod.
1242 3680 1385 3750 xm).
1433 3699 1451 3731 ι
1484 3681 1561 3734 Ex
1587 3681 1818 3752 IEgypto
1854 3681 2036 3751 itaque
2073 3682 2235 3754 774
2276 3684 2577 3743 recedenti-

993 3769 1123 3835 bus,
1153 3784 1184 3824 e
1219 3770 1395 3824 vicino
1419 3785 1599 3840 pugna
1628 3771 2004 3837 subtrahitur;
2038 3772 2159 3840 quia
2194 3773 2575 3844 derelinquen-

995 3859 1143 3917 tihus
1167 3860 1418 3915 saeculum
1447 3861 1691 3929 quaedam
1715 3862 1863 3931 pacis
1894 3863 2257 3932 tranquillitas
2286 3865 2464 3931 datur,
2483 3881 2571 3930 ne,

995 3951 1056 4007 in
1083 3952 1196 4022 ipsa
1234 3952 1618 4009 teneritudinis
1662 3954 1901 4009 novitate
1934 3956 2134 4009 turbati
2161 3965 2321 4025 atque
2354 3966 2571 4013 conter-

996 4042 1089 4098 riti
1127 4042 1195 4097 ad
1248 4057 1311 4097 ea
1356 4057 1475 4112 quae
1532 4052 1967 4114 contempserant
2020 4057 2379 4102 revertantur.
2418 4049 2574 4104 Prius

995 4146 1128 4203 ergo
1170 4133 1478 4188 securitatis
1523 4135 1789 4191 suavitate
1837 4136 2168 4204 mulcentur,
2217 4139 2366 4208 prius
2418 4143 2569 4211 pacis

996 4224 1179 4292 quiete
1202 4223 1548 4290 nutriuntur;
1576 4235 1699 4295 post
1725 4228 1998 4297 cognitam
2036 4244 2165 4284 vero
2206 4232 2570 4299 dulcedinem,

998 4326 1149 4372 tanto
1165 4315 1278 4386 jam
1317 4316 1648 4373 tolerabilius
1677 4322 2033 4375 tentatiouum
2075 4324 2368 4377 certamina
2410 4325 2571 4379 sustio

921 4462 932 4469 ,
996 4414 1143 4469 nent,
1175 4414 1376 4475 quanto
1403 4408 1457 4460 in
1478 4407 1588 4462 Deo
1614 4407 1773 4465 altius
1802 4424 2069 4481 agnovere
2090 4413 2231 4481 quod
2253 4423 2456 4469 ament.
2490 4415 2569 4469 Tu

994 4510 1128 4568 ergo
1158 4496 1239 4552 sic
1264 4496 1317 4552 in
1354 4498 1439 4554 his
1483 4513 1603 4569 qua:
1632 4498 1774 4556 forte
1807 4518 1949 4558 nunc
1976 4515 2365 4573 prosperantur
2392 4507 2570 4561 cvsul-

2681 3315 2987 3383 liujusmodi
3033 3327 3293 3390 tanquam
3333 3322 3526 3377 vicina:
3579 3327 3740 3378 morti
3785 3330 4143 3396 praecedentia
4187 3333 4272 3386 fa-

2680 3406 2953 3461 mulantur
2972 3408 3168 3476 cilicia,
3198 3412 3395 3465 adsunt
3423 3416 3606 3468 omnia
3632 3425 3783 3485 gesta
3810 3418 3972 3472 simul
3997 3430 4051 3475 ct
4081 3422 4268 3478 verba.

2679 3492 2788 3549 Nec
2813 3498 2977 3550 etiam
3019 3499 3148 3567 ipsa:
3187 3504 3545 3570 cogitationes
3576 3505 3790 3571 desunt,
3820 3517 3875 3563 et
3911 3522 4103 3565 cuncta
4149 3513 4270 3569 haec

2679 3602 2923 3643 amarum
2966 3589 3226 3646 adversus
3271 3604 3545 3650 auctorem
3591 3599 3960 3656 testimonium
4004 3604 4259 3661 reddunt.

2676 3679 3078 3736 Coacervantur
3104 3685 3285 3738 omnia
3320 3696 3441 3742 ante
3472 3689 3813 3757 respicientis
3852 3694 4015 3766 775
4056 3696 4266 3767 oculos,

2677 3779 2731 3823 et
2756 3785 2876 3839 qua”:
2906 3774 3223 3843 consiiicere
3256 3776 3473 3847 refugit,
3529 3790 3752 3837 coactus
3782 3792 3837 3838 et
3864 3785 4065 3842 invitus
4094 3797 4273 3847 atten-

2678 3861 2775 3915 dit.
2805 3864 2973 3917 Adest
3004 3876 3265 3934 prteterea
3296 3869 3423 3925 hinc
3445 3871 3715 3928 horrenda
3748 3874 4054 3934 daemonum
4086 3881 4268 3951 turba,

2675 3952 2823 4007 illinc
2850 3956 3023 4011 virtus
3046 3958 3312 4027 angelica.
3338 3958 3395 4014 lu
3429 3962 3539 4028 illo,
3564 3970 3658 4034 qui
3685 3966 3898 4023 medius
3924 3979 4029 4035 est,
4062 3970 4267 4043 liquido

2677 4048 3096 4118 deprehenditur
3132 4053 3218 4107 cui
3268 4056 3406 4125 parti
3441 4055 3564 4125 jure
3609 4062 3883 4129 possessio
3940 4064 4268 4124 vindicetur.

2674 4140 2809 4196 Nam
2852 4142 2895 4197 si
2935 4145 3151 4212 pietatis
3179 4148 3230 4201 in
3256 4164 3320 4203 eo
3358 4150 3608 4207 videntur
3639 4156 3893 4227 insignia,
3933 4162 4272 4221 invitationis

2676 4236 2929 4306 angelicae
2967 4238 3245 4295 blanditiis
3273 4242 3553 4309 Oblinitur,
3593 4256 3759 4318 atque
3796 4251 4128 4310 harmoniae
4155 4271 4271 4313 mc-

2674 4326 2829 4381 lodiae
2879 4328 3163 4386 dulcedine
3204 4344 3261 4389 ut
3295 4347 3454 4391 exeat
3485 4350 3844 4408 provocatur;
3893 4346 4038 4414 quod
4068 4347 4110 4402 si
4142 4362 4270 4406 eum

2674 4418 2912 4474 sinistrte
2938 4424 3077 4490 parti
3106 4425 3424 4481 meritorum
3475 4429 3699 4497 nigredo
3730 4442 3784 4486 et
3818 4432 4078 4492 fteditatis
4104 4455 4271 4511 squa-

2674 4507 2757 4561 lor
2802 4510 3097 4578 adjndicet,
3137 4514 3460 4571 intolerabili
3507 4534 3631 4573 mox
3681 4529 3889 4579 terrore
3932 4507 4264 4597 concutitur,

998 4599 1109 4656 tes,
1153 4598 1213 4645 ut
1240 4591 1308 4645 ab
1352 4589 1435 4645 bis
1472 4605 1590 4661 quae
1626 4594 1894 4661 posterius
1958 4596 2238 4651 iunnineut
2284 4614 2389 4653 non
2444 4601 2570 4655 dor-
2596 4596 2649 4656 D
2678 4604 2942 4671 repentini
2972 4605 3203 4674 impetus
3234 4608 3488 4665 violentia
3510 4614 3877 4684 perturbatur,
3904 4589 4257 4687 praecipitans

994 4680 1175 4738 mites.
1209 4680 1337 4737 Esto
1373 4682 1536 4753 igitur
1565 4694 1722 4740 cauta
1758 4696 1811 4742 et
1842 4685 2101 4758 .undique
2143 4692 2565 4761 circumspecta;

996 4772 1184 4846 sicque
1218 4781 1272 4828 te
1326 4776 1504 4844 praebe
1545 4778 1858 4848 pervigilem
1895 4790 1955 4833 ut
1988 4796 2264 4851 nunquam
2302 4792 2353 4838 te
2386 4785 2570 4840 hostes

996 4864 1276 4923 inveniant
1328 4868 1670 4924 oscitantem.
1722 4869 2149 4929 Confmderauda
2197 4886 2322 4931 sunt
2369 4878 2568 4948 quippe

996 4958 1281 5014 adversum
1310 4967 1361 5013 te
1387 4968 1441 5016 et
1477 4963 1723 5032 prosapia
1758 4966 1972 5034 generis
2000 4976 2055 5021 et
2106 4967 2207 5023 ﬂos
2242 4972 2445 5036 aetatis,
2476 4986 2565 5027 ve-

994 5059 1184 5107 nustas
1234 5044 1417 5106 forma:
1455 5060 1509 5108 et
1553 5057 1812 5110 memoria
1877 5057 2150 5114 facultatis
2196 5062 2437 5131 abiectas.
2480 5066 2564 5120 Ad

995 5139 1244 5198 evitanda
1270 5157 1399 5198 sane
1429 5144 1653 5202 istorum
1693 5149 1797 5204 tela
1825 5152 2202 5218 certaminum,
2234 5154 2409 5209 nullus
2435 5158 2563 5211 mihi

994 5226 1207 5285 videtur
1244 5229 1469 5287 validior
1508 5234 1727 5307 clypeos
1762 5254 1924 5310 quam
1964 5242 2241 5297 meditatio
2280 5246 2470 5301 mortis
2500 5262 2566 5303 ac

996 5323 1223 5381 extremi
1250 5332 1425 5380 terror
1452 5330 1733 5385 examinis.

1594 5442 1821 5499 LAPUT
1862 5446 1943 5501 Vl.

996 5519 1074 5579 De
1094 5523 1297 5594 mxima,
1336 5542 1451 5581 cum
1479 5532 1762 5605 egreditur,
1803 5537 1989 5605 quibus
2018 5538 2259 5594 dolorum
2286 5544 2564 5599 anxietati-

1560 5601 1654 5656 bus
1687 5601 1995 5661 coarctetur.

1064 5682 1400 5742 Peusandum
1429 5689 1624 5761 quippe
1650 5702 1751 5759 est,
1785 5711 1905 5751 cum
1930 5696 2043 5767 jam
2074 5703 2347 5772 peccatrix
2378 5704 2558 5759 anima

996 5792 1025 5832 a
1048 5777 1275 5836 vinculis
1299 5779 1487 5851 incipit
1505 5785 1683 5841 carnis
1704 5786 1928 5858 absolvi,
1952 5806 2115 5862 quam
2139 5810 2325 5851 amaro
2352 5806 2561 5855 terrore

2676 4705 2758 4750 ter
2786 4697 3080 4764 invaditur,
3113 4715 3176 4755 ac
3208 4701 3272 4757 de
3300 4690 3513 4781 miserm
3541 4708 3723 4763 carnis
3758 4714 4035 4781 ergastulo
4060 4715 4268 4774 violen-

2674 4797 2756 4843 ter
2784 4790 3053 4857 evellitur,
3085 4802 3143 4847 ut
3161 4794 3228 4848 ad
3249 4805 3451 4852 aeterna
3476 4801 3740 4869 supplicia
3758 4801 3871 4870 jam
3900 4821 4024 4860 cum
4054 4810 4259 4867 amari-

2672 4882 2858 4938 tudine
2887 4887 3253 4954 pertrahatur.
3283 4887 3401 4943 Jam
3436 4906 3583 4957 vero,
3620 4904 3741 4962 post
3782 4899 4153 4967 egressionem
4194 4902 4263 4959 de

2672 4987 2918 5042 corpore,
2944 4977 3065 5045 quis
3101 4978 3377 5049 cXplicarc
3402 4981 3581 5036 valeat
3618 4994 3751 5054 quot
3787 4997 4014 5043 armatae
4050 4990 4262 5063 iniquo-

2672 5076 2791 5117 rum
2814 5064 3100 5133 spirituum
3119 5068 3263 5124 acies
3285 5070 3337 5123 in
3362 5070 3571 5126 insidiis
3601 5072 3827 5141 lateant,
3852 5086 3991 5148 quot
4022 5078 4261 5139 fremen-

2674 5162 2752 5208 tes
2784 5156 2939 5211 runei
2976 5156 3235 5213 feralibus
3265 5160 3386 5216 telis
3418 5163 3665 5220 instructi
3702 5167 3809 5221 iter
3834 5170 4154 5239 obsideant,
4179 5182 4257 5242 et,

2670 5260 2738 5301 nc
2773 5248 3007 5304 transire
3035 5248 3208 5307 libera
3234 5254 3403 5320 possit
3433 5255 3633 5320 anima,
3672 5259 3816 5314 velut
3852 5262 4073 5317 militari
4107 5279 4257 5321 more

2672 5340 2983 5407 constipatae
3019 5340 3279 5411 legiones,
3315 5349 3663 5417 oppugnant?
3702 5348 3830 5407 llaec
3860 5361 3915 5405 ct
3948 5354 4255 5423 liujusmodi
4288 5400 4291 5401 ν

2667 5428 2983 5501 frequenter
3026 5433 3077 5485 in
3117 5435 3279 5488 corde
3332 5450 3573 5501 versare,
3620 5440 3746 5508 quid
3787 5450 3872 5495 est
3908 5441 4053 5498 aliud
4090 5460 4255 5515 quam

2668 5520 3030 5577 lenocinanlia
3048 5524 3168 5580 vitae
3185 5524 3342 5596 hujus
3354 5526 3723 5585 blandimenta
3742 5548 4024 5604 respuere,
4050 5540 4254 5596 mundo

2670 5614 2948 5684 repudium
2986 5617 3131 5679 dare,
3168 5617 3338 5675 illices
3373 5630 3552 5676 motus
3580 5623 3763 5678 carnis
3789 5625 4009 5692 elidere,
4053 5628 4254 5686 solant-

2668 5721 2772 5776 que
2802 5706 3146 5775 perfectionis
3180 5710 3539 5783 adipiscendae
3574 5716 3913 5787 propositum
3954 5718 4253 5778 indeclina-

2666 5796 2848 5853 bilitcr
2874 5799 3186 5856 custodire?
