5882 6560
140 0 1942 239 '—

2951 450 3013 508 8.
3050 447 3253 507 PETRI
3291 447 3572 504 DAMIANI
3606 447 3759 505 OPP.
3799 446 4035 506 τοιιυε
4071 444 4201 502 εει]
4240 444 4420 501 PARS
4456 445 4520 502 Ill
4551 446 4992 506 --0PUSCULA
5026 449 5254 505 VARIA.

3081 560 3307 617 CAPUT
3350 559 3450 617 VII.

5595 451 5694 508 πο

4073 563 4123 618 Α
4150 565 4204 611 et
4232 558 4322 612 irae
4371 558 4690 630 furorisque.
4724 565 4788 615 ad
4816 565 5177 633 deponendam
5209 575 5406 620 terram
5432 581 5484 620 in
5515 567 5695 623 solitu-

0 6389 799 6560 -δμι

2713 652 2988 712 Sententia!
3009 652 3400 720 Scripturarum
3423 653 3486 705 de
3509 652 3811 722 diejudicii.

2559 745 2656 803 His
2674 745 2944 800 addendus
2970 751 3053 797 est
3085 745 3247 796 etiam
3275 743 3500 796 extremi
3534 753 3713 798 terror
3732 740 3941 812 judicii.
3981 746 4042 793 ut

2489 833 2630 890 illius
2653 832 3007 888 amaritudine
3037 831 3211 884 valeat
3238 831 3417 884 mundi
3458 832 3615 901 hujus
3641 831 3771 884 falsa
3814 829 4040 884 dulcedo

2488 921 2773 977 contemm.
2821 919 2902 972 Ad
2951 919 3229 972 evitandas
3271 933 3499 987 namque
3540 918 3813 972 diabolica:
3852 932 4042 988 pugna:

2485 1009 2756 1065 molestias
2776 1007 3014 1062 valenter
3032 1009 3384 1077 assurgimus,
3410 1008 3454 1060 si
3485 1006 3819 1061 necessitatis
3840 1005 4044 1059 ultima:

2484 1097 2778 1169 periculum
2805 1097 3028 1167 provide
3063 1105 3469 1167 pertractemus.
3496 1095 3628 1149 Nam
3655 1096 3698 1148 si
3731 1096 4042 1164 repentinus

2485 1186 2572 1242 ille
2619 1197 2778 1256 atque
2814 1187 3067 1242 terribilis
3092 1189 3350 1240 adventus
3375 1185 3573 1239 Christi
3616 1185 3776 1256 digne
3812 1199 4042 1254 perpen-

2483 1280 2648 1344 ditur,
2703 1281 2830 1351 quid
2887 1281 2992 1334 erit
3030 1283 3081 1333 in
3123 1279 3318 1333 mundo
3362 1279 3448 1332 ubi
3494 1294 3648 1333 mens
3688 1281 3918 1333 humana
3962 1276 4038 1329 vel

2481 1367 2749 1438 desipiens
2783 1369 3112 1423 delectetur?
3148 1369 3238 1422 llle
3270 1383 3460 1438 nempe
3498 1370 3614 1423 dies
3655 1378 3739 1423 est
3787 1371 3850 1422 ad
3880 1384 4039 1436 quem

2479 1458 2651 1512 omnis
2683 1459 3096 1528 praecedentium
3127 1460 3444 1513 saeculorum
3488 1459 3715 1514 intentio
3744 1474 3806 1512 ac
3831 1472 4038 1512 summa

2478 1550 2758 1622 colligitur,
2797 1553 2884 1605 cui
2921 1561 3114 1606 cuncta
3155 1565 3428 1604 sacrarum
3462 1549 3854 1619 Scripturarum
3890 1549 4037 1601 volu-

2476 1642 2621 1696 mina
2660 1641 3005 1707 famulantur.
3033 1643 3098 1697 de
3126 1657 3230 1708 quo
3257 1643 3446 1696 beatus
3472 1642 3680 1702 Petrus.
3723 1650 3782 1694 ut
3814 1641 4040 1693 audien-

2477 1730 2609 1784 tium
2634 1733 2799 1786 corda
2839 1734 3000 1802 digno
3040 1741 3246 1786 terrore
3283 1741 3595 1785 concuteret
3628 1748 3640 1782 :
3679 1749 3696 1782 ι
3746 1730 4035 1792 Adveniet,

2476 1820 2668 1888 inquit,
2706 1821 2819 1874 dies
2858 1820 3063 1873 Domini
3107 1821 3245 1874 sicut
3289 1819 3396 1882 fur,
3437 1820 3488 1873 in
3529 1835 3633 1887 quo
3672 1819 3795 1872 cteli
3844 1832 4038 1886 magno

4151 647 4295 710 dine.
4321 659 4373 702 et
4401 660 4706 718 peccatores
4727 651 4838 719 ejus
4866 656 5218 710 conterendos
5239 670 5303 708 ex
5329 669 5423 720 ea;
5451 657 5688 725 quoniam

4150 738 4318 792 stellte
4368 751 4421 794 et
4479 742 4730 811 splendor
4787 759 4971 798 earum
5015 761 5120 800 non
5173 747 5467 815 expandent
5518 748 5687 804 lumen

4149 841 4328 891 suum,
4367 832 4751 886 obtenehratus
4775 843 4857 887 est
4885 832 4963 885 sol
4996 833 5046 885 in
5080 843 5201 886 ortu
5229 848 5344 896 suo.
5368 844 5421 888 et
5444 834 5561 890 luna
5589 852 5686 890 non

4149 916 4446 984 splendebit
4477 921 4528 972 in
4560 920 4758 976 lumine
4806 937 4934 986 suo;
4968 931 5021 975 et
5062 922 5292 977 visitabo
5329 939 5486 994 super
5512 926 5683 979 orbem

4148 1004 4322 1068 mala,
4370 1016 4422 1058 et
4471 1018 4662 1061 contra
4715 1010 4904 1078 impios
4952 1010 5260 1088 iniquitates
5301 1025 5483 1065 eorum
5535 1012 5682 1079 (lani.

4146 1099 4282 1162 xm).
4318 1115 4335 1147 ι
4370 1096 4435 1149 Ει
4462 1097 4651 1152 iterum
4678 1114 4692 1150 :
4730 1118 4749 1150 ι
4779 1099 4936 1164 Ecce,
4962 1085 5057 1163 ait,
5088 1085 5292 1155 validus
5316 1111 5369 1155 et
5412 1100 5562 1155 fortis
5590 1103 5686 1156 Do-

4146 1185 4322 1237 minus
4368 1188 4507 1240 sicut
4552 1188 4780 1257 impetus
4804 1191 5100 1259 graudinis.
5146 1191 5302 1245 turbo
5328 1190 5682 1261 confringeus.

4143 1273 4283 1327 sicut
4312 1276 4540 1344 impetus
4583 1293 4843 1346 aquarum
4890 1283 5176 1334 multarum
5232 1282 5590 1334 inundantium
5632 1291 5682 1337 et

4143 1363 4458 1416 emissurum
4483 1379 4647 1433 super
4673 1376 4873 1421 terram
4903 1367 5054 1435 (lsai.
5079 1370 5289 1438 xxvnt).
5311 1386 5330 1420 ι
5363 1368 5500 1423 Idem
5522 1368 5681 1426 alibi:

4148 1470 4166 1502 ι
4196 1452 4333 1506 Ecce
4378 1469 4568 1507 nomen
4608 1455 4814 1510 Domini
4848 1459 4991 1511 venit
5038 1459 5105 1512 de
5136 1459 5462 1528 longinquo:
5494 1464 5680 1514 ardens

4140 1539 4290 1595 furor
4326 1541 4440 1609 ejus
4479 1554 4534 1599 et
4586 1547 4762 1614 gravis
4801 1547 4865 1601 ad
4899 1549 5237 1617 portandum,
5268 1547 5406 1602 labia
5438 1546 5550 1616 ejus
5599 1563 5680 1603 re-

4140 1631 4280 1700 pleta
4323 1641 4448 1685 sunt
4491 1634 4873 1703 indignatione,
4899 1648 4953 1690 et
4993 1637 5169 1705 lingua
5198 1638 5312 1705 ejus
5355 1640 5503 1706 quasi
5551 1638 5680 1708 ignis

4141 1717 4421 1781 devorans,
4450 1730 4505 1774 et
4530 1723 4750 1790 spiritus
4773 1725 4889 1792 ejus
4919 1724 5060 1778 velut
5098 1736 5303 1780 torrens
5331 1726 5585 1779 inundans
5616 1729 5677 1779 ad

4137 1810 4440 1877 perdendus
4477 1820 4662 1879 gentes
4704 1813 4755 1865 in
4788 1815 5010 1867 nihilum
5044 1814 5197 1885 (Isai.
5225 1818 5372 1885 xxx).
5394 1836 5412 1867 ι
5447 1816 5543 1884 Qui
5571 1833 5681 1872 rut-

2471 1907 2673 1976 impctu
2725 1907 3007 1970 transient.
3054 1906 3314 1962 elementa
3364 1922 3491 1961 vero
3533 1908 3712 1962 calore
3758 1907 4035 1961 solventur
4063 1894 4110 1951 Β
4138 1914 4229 1952 aus
4257 1902 4332 1953 ait
4359 1919 4369 1952 :
4408 1918 4426 1952 ε
4448 1894 4668 1972 Eritque
4700 1915 4918 1973 repente
4940 1905 5216 1962 confestim
5242 1923 5271 1962 a
5301 1907 5521 1962 Domino
5538 1923 5682 1964 exer-

2472 1998 2556 2069 (Η
2587 1999 2731 2053 Petr.
2764 2003 2866 2068 ιιι).
2904 2018 2920 2049 ι
2956 1997 3108 2052 Unde
3138 2008 3193 2052 et
3223 2014 3342 2052 mox
3374 1998 3647 2052 subdidit:
3697 2019 3714 2049 t
3761 1999 3891 2054 Cum
3924 1999 4035 2051 inec

2472 2089 2652 2143 omnia
2697 2089 2858 2159 igitur
2897 2087 3231 2144 dissolvenda
3279 2089 3408 2152 sint,
3451 2089 3634 2156 quales
3673 2098 3880 2157 oportet
3916 2102 4034 2141 esse

2476 2167 2670 2240 vos,'in
2695 2177 2898 2231 sanctis
2924 2176 3420 2231 conversationibus
3447 2186 3499 2229 et
3524 2177 3814 2244 pictalibus
3844 2191 4034 2244 exspe-

2473 2275 2700 2332 stantes,
2728 2277 2782 2320 et
2824 2276 3172 2336 properantes
3219 2267 3271 2320 in
3317 2266 3601 2319 adventum
3647 2265 3752 2319 diei
3798 2265 4027 2325 Domini,

2472 2372 2567 2428 per
2610 2371 2770 2429 quem
2808 2359 2928 2412 οωιὶ
2960 2361 3212 2412 ardentes
3253 2357 3546 2420 solventur,
3588 2355 3851 2410 elementa
3903 2371 4031 2410 vero

2472 2450 2614 2519 ignis
2639 2447 2830 2503 ardore
2868 2449 3171 2504 tabesceut?
3217 2467 3235 2499 ι
3270 2447 3456 2518 (Ιὸὶά.)
3506 2448 3578 2501 De
3618 2464 3724 2518 quo
3769 2459 3821 2501 et
3859 2446 4026 2501 ludas

2471 2539 2602 2592 dicit
2633 2539 2902 2608 apostolus
2945 2557 2958 2592 :
3007 2558 3025 2589 ε
3074 2539 3211 2591 Ecce
3237 2540 3414 2591 veniet
3451 2537 3705 2590 Deminns
3743 2537 3794 2590 in
3827 2541 4029 2590 sanctis

2471 2626 2705 2680 millibus
2731 2627 2841 2680 suis
2881 2624 3056 2679 facere
3081 2626 3340 2695 judicium
3372 2634 3558 2678 contra
3597 2641 3799 2685 omnes,
3843 2625 4028 2676 redar-

2467 2728 2631 2785 guere
2651 2729 2841 2769 omnes
2869 2715 3059 2783 impios
3084 2715 3149 2768 de
3178 2715 3424 2767 omnibus
3456 2713 3705 2782 operibus
3735 2712 4027 2782 impietatis

2465 2820 2670 2869 eorum,
2694 2808 2888 2875 quibus
2915 2807 3073 2876 impie
3112 2816 3354 2875 egerunt,
3402 2816 3455 2859 ct
3483 2806 3546 2858 de
3575 2807 3824 2858 omnibus
3878 2806 4027 2860 duris

2467 2911 2588 2966 quae
2613 2896 2775 2950 locuti
2814 2905 2938 2951 sunt
2965 2905 3151 2950 contra
3189 2910 3309 2949 eum
3350 2906 3660 2964 peccatores
3697 2896 3840 2963 impii
3875 2895 4022 2961 (Jul.

2465 2991 2527 3057 ι).
2565 3006 2582 3038 ι
2618 2987 2693 3041 De
2723 2990 2822 3042 hoc
2847 2997 2901 3042 et
2924 2987 3156 3042 Joannes
3183 2988 3238 3041 in
3270 2987 3581 3056 Apocalypsi
3610 3004 3662 3039 ει
3685 2987 3822 3040 Eet'o
3853 2988 4027 3040 veniet

2465 3095 2586 3135 cum
2621 3081 2871 3144 nubibus.
2907 3089 2961 3134 et
2999 3079 3201 3133 videbit
3233 3094 3354 3133 eum
3390 3080 3563 3133 omnis
3606 3077 3809 3139 oculos,
3843 3087 3894 3131 et
3931 3079 4022 3146 qui

2465 3185 2585 3225 eum
2616 3179 2972 3242 pupugerunt.
2997 3181 3053 3225 et
3079 3169 3329 3240 plangent
3367 3185 3425 3225 se
3452 3185 3610 3238 super
3630 3185 3687 3223 se
3713 3185 3899 3225 omnes
3926 3171 4022 3224 tri-

4141 1991 4362 2054 _citunm,
4387 1993 4690 2047 visitabitur
4715 1994 4768 2047 in
4794 1997 5024 2050 tonitruo
5055 2007 5109 2051 et
5143 2000 5491 2054 commotione
5510 2009 5675 2063 terrae,

4138 2090 4192 2132 et
4223 2097 4351 2134 voce
4382 2098 4574 2152 magna
4628 2086 4858 2140 turbinis
4897 2096 4952 2140 et
4997 2090 5346 2156 tempestatis.
5373 2099 5421 2146 et
5471 2089 5673 2143 ﬂamma

4138 2172 4276 2240 ignis
4306 2175 4614 2228 devorantis
4646 2175 4798 2240 (lsat.
4822 2177 4990 2246 ιιιι).
5015 2196 5031 2227 ι
5064 2178 5138 2231 De
5165 2194 5269 2248 quo
5296 2179 5535 2235 videlicet
5563 2181 5675 2250 igne

4135 2258 4325 2315 Petrus
4356 2263 4430 2316 ait
4454 2304 4466 2314 .
4497 2282 4515 2314 ‹
4538 2262 4670 2320 Οωιί
4699 2277 4874 2320 autem
4901 2269 4989 2337 qui
5013 2284 5150 2321 nunc
5173 2279 5315 2333 sunt,
5335 2280 5384 2324 et
5412 2280 5567 2333 terra,
5590 2287 5670 2325 eo-

4135 2349 4254 2402 dem
4288 2357 4449 2405 verbo
4481 2355 4701 2421 repositi
4747 2367 4891 2421 sunt,
4925 2358 5028 2428 igni
5061 2361 5313 2414 reservati
5339 2361 5390 2414 in
5419 2361 5502 2415 die
5540 2360 5674 2428 judi-

4134 2439 4201 2491 cii
4228 2451 4281 2492 et
4327 2444 4640 2510 perditionis
4667 2446 4948 2515 impiorum
4978 2449 5249 2504 hominum
5271 2449 5351 2521 (Il
5377 2448 5517 2504 Patr.
5540 2453 5666 2519 ιιι).ι

4134 2529 4209 2581 De
4235 2533 4333 2585 hoc
4357 2544 4409 2586 et
4435 2539 4691 2603 propheta
4720 2540 4848 2592 dicit
4872 2554 4886 2590 :
4918 2556 4934 2589 t
4963 2539 5211 2593 Auditam
5241 2541 5396 2595 faciet
5426 2540 5671 2596 Dominus

4129 2621 4350 2690 gloriam
4385 2627 4530 2680 vocis
4561 2643 4688 2692 suae,
4718 2639 4771 2682 et
4803 2641 5056 2685 terrorem
5082 2633 5286 2687 brachii
5313 2635 5390 2687 sui
5437 2637 5670 2688 ostendet

4129 2711 4180 2764 in
4209 2718 4622 2771 comminatione
4661 2721 4856 2774 furoris
4890 2731 4942 2774 et
4969 2719 5195 2776 ﬂamina
5220 2723 5357 2791 ignis
5377 2725 5670 2778 tlevoratttis

4131 2804 4283 2886 (frui.
4310 2809 4454 2870 xxx).
4489 2827 4504 2857 ι
4551 2807 4623 2860 De
4675 2811 4774 2863 hac
4805 2811 4964 2864 etiam
5010 2813 5212 2866 ultione
5262 2814 5530 2866 tremenda
5577 2828 5669 2882 per

4130 2891 4341 2962 Moysen
4377 2897 4629 2951 Dominus
4659 2900 4788 2951 dicit
4813 2917 4824 2952 :
4861 2920 4876 2949 ι
4906 2899 5127 2955 Cluilius
5159 2917 5306 2956 meus
5335 2904 5670 2957 mandurabit

4129 2997 4316 3037 carnes
4361 2986 4539 3054 (Deut.
4564 2989 4756 3057 ιιιιι).
4781 3008 4799 3040 ι
4838 2990 4911 3045 De
4939 2992 5037 3045 hac
5059 2991 5313 3046 Jeretnias
5353 2993 5427 3046 ait
5458 3010 5471 3045 :
5507 3010 5524 3042 ι
5546 2990 5668 3046 Gla-

4126 3075 4243 3125 dius
4277 3073 4483 3127 Domini
4512 3078 4786 3131 devorabit
4833 3080 4898 3131 ab
4939 3089 5176 3135 extremo
5221 3093 5373 3136 terra:
5416 3096 5576 3150 usque
5605 3080 5668 3134 ad

4125 3174 4423 3219 extremum
4468 3167 4608 3234 ejus,
4640 3183 4744 3223 non
4785 3183 4866 3224 est
4909 3186 5010 3241 pax
5047 3172 5305 3227 universa:
5345 3172 5490 3226 carni
5537 3172 5663 3240 μιν.

2464 3261 2562 3316 bus
2585 3233 2739 3316 terra:
2760 3233 2944 3331 (vApoc.
2969 3261 3027 3331 ι).
3064 3233 3176 3315 {Et
3205 3233 3492 3314 ilalachias
3517 3233 3594 3315 ait
3619 3278 3631 3313 :
3668 3278 3686 3310 t
3715 3260 3853 3325 Ecce
3877 3264 4024 3316 venit
4050 3233 4096 3297 Ο
4127 3259 4245 3325 ιιι).
4279 3277 4297 3308 ι

2463 3351 2720 3406 Dominus
2751 3353 3102 3414 exercituum,
3137 3361 3192 3405 et
3229 3353 3348 3420 quis
3376 3353 3569 3420 poterit
3609 3354 3847 3421 cogitare
3878 3351 4020 3405 diem

2463 3443 2722 3496 adventus
2733 3441 2933 3508 ejus,et
2952 3441 3071 3510 quis
3093 3441 3255 3494 stabit
3272 3442 3336 3494 ad
3352 3441 3632 3494 videndum
3649 3442 3804 3494 eum?
3825 3461 3843 3492 ι
3861 3440 4016 3510 (Μαι.

2462 3533 2572 3600 ιιι.)
2597 3529 2842 3598 Etpaoio
2863 3540 2982 3599 post
3004 3548 3017 3584 :
3045 3547 3064 3580 ι
3084 3531 3223 3584 Ecce
3245 3531 3360 3585 dies
3375 3531 3571 3594 veniet,
3589 3544 3842 3585 succensa
3868 3531 4017 3599 quasi

2462 3621 2725 3684 cautious,
2744 3631 2798 3673 et
2824 3631 2984 3674 erunt
3005 3636 3192 3674 omnes
3220 3622 3432 3690 superbi
3474 3629 3527 3674 et
3555 3636 3739 3675 omnes
3761 3620 4019 3675 facientes

2461 3708 2788 3776 impietatem
2832 3710 2970 3762 sicut
3012 3711 3227 3778 stipula,
3276 3720 3329 3763 et
3378 3707 3724 3762 inﬂannnabit
3765 3725 3857 3763 eos
3905 3711 4018 3763 dies

2459 3797 2622 3867 776
2665 3796 2905 3862 veniens,
2935 3813 3052 3866 qua:
3103 3815 3206 3852 non
3258 3799 3520 3868 relinquet
3563 3800 3642 3856 eis
3681 3799 3914 3853 radicem
3964 3809 4018 3853 et

2459 3903 2673 3958 germen
2697 3887 2853 3956 (Mal.
2873 3899 2967 3957 Iv).
2995 3909 3012 3941 ι
3044 3889 3112 3943 Et
3143 3905 3236 3957 per
3261 3889 3420 3943 alium
3447 3892 3756 3958 prephetam
3788 3891 4013 3942 dicitur:

2464 3997 2482 4030 ι
2505 3979 2692 4033 Adhuc
2719 3996 2880 4033 unum
2914 3979 3175 4032 modicum
3207 3989 3307 4042 est,
3330 3988 3385 4034 et
3412 3994 3509 4047 ego
3537 3979 3882 4032 commovebo
3909 3992 4016 4031 coe-

2459 4070 2568 4123 lum
2613 4081 2667 4125 et
2719 4080 2948 4134 terram,
3000 4080 3054 4124 et
3089 4085 3255 4131 mare,
3305 4079 3356 4124 et
3405 4071 3638 4131 aridam.
3691 4080 3743 4122 et
3793 4071 4018 4122 movebo

2459 4176 2645 4216 omnes
2666 4171 2870 4232 gentes.
2894 4170 2948 4215 et
2973 4163 3149 4215 veniet
3183 4160 3515 4213 desideratus
3539 4161 3744 4213 cunctis
3775 4161 4018 4229 gentibus

2461 4251 2659 4321 (Λέρςωὶ
2701 4255 2834 4321 viti).
2882 4270 2900 4301 ι
2933 4251 3062 4304 ltent
3092 4253 3225 4303 alius
3252 4271 3261 4301 :
3302 4269 3319 4300 t
3346 4250 3504 4305 Juxta
3533 4262 3614 4304 est
3644 4253 3756 4305 dies
3805 4252 4017 4304 Domini

2459 4360 2712 4416 magnus.
2744 4345 2926 4412 juxta,
2976 4357 3028 4398 et
3079 4345 3228 4398 velox
3275 4345 3462 4408 nimis;
3510 4360 3604 4397 vox
3651 4346 3753 4398 diei
3805 4344 4015 4398 Domini

2459 4448 2671 4498 amara,
2708 4435 3051 4488 tribulab'stur
3086 4434 3154 4486 ibi
3200 4435 3384 4497 fortis.
3433 4435 3546 4488 dies
3586 4434 3699 4492 irae.
3744 4434 3856 4486 dies
3902 4435 4014 4498 illa,

2460 4529 2573 4583 dies
2610 4530 2959 4583 tribulationis
3002 4539 3052 4581 et
3099 4529 3388 4596 angustiam
3444 4528 3557 4579 dies
3600 4525 3916 4579 calamitatis
3965 4536 4018 4579 et

2459 4622 2706 4682 miserim,
2733 4622 2842 4674 dies
2873 4619 3077 4673 nebula:-
3117 4633 3168 4673 et
3200 4619 3449 4682 tui-binis,
3478 4618 3588 4672 dies
3614 4619 3750 4671 tuba:
3799 4627 3849 4672 et
3876 4618 4018 4670 clan-

2456 4717 2601 4788 goris
2640 4717 2897 4785 (Saplion.
2937 4718 2996 4785 ι).
3025 4735 3042 4765 ι
3101 4715 3199 4769 Ubi
3235 4717 3544 4777 notandum,
3586 4715 3840 4766 tremendi
3876 4714 4013 4767 diem

2450 4807 2658 4876 iudicii,
2688 4822 2845 4874 quam
2893 4806 3151 4874 proxime.
3184 4820 3450 4874 quamque
3485 4805 3772 4871 perniciter
3820 4807 4018 4859 adven-

2455 4908 2572 4952 tare
2614 4900 2873 4966 prepbeta
2915 4897 3242 4958 considerat,
3283 4897 3348 4948 ad
3395 4897 3547 4962 cujus
3587 4896 3880 4965 agilitatem
3923 4912 4017 4952 ev-

2452 4989 2688 5058 pres'sius
2734 4988 3096 5042 inculcandam
3135 4999 3211 5044 tot
3257 4989 3585 5043 accelerazdi
3647 4990 3862 5042 nomina
3927 5006 4014 5042 co-

2451 5088 2706 5131 acervat:
2738 5079 2823 5130 ubi
2855 5076 3058 5131 scilicet
3081 5080 3141 5128 ad
3176 5080 3410 5132 auxesim
3443 5079 3712 5138 dictionis.
3759 5080 3840 5132 bis
3870 5081 4017 5147 ponit

2445 5168 2622 5238 juxta,
2649 5167 2842 5221 deinde
2889 5169 3050 5226 velox,
3087 5177 3138 5219 et
3163 5167 3334 5231 nimis,
3369 5178 3423 5219 ut
3454 5167 3651 5234 liquido
3682 5170 3866 5221 doceat
3892 5169 4015 5236 quia

2452 5257 2622 5312 oculis
2662 5257 2781 5310 litlci
2825 5259 2875 5310 id
2903 5256 3014 5323 jam
3044 5258 3254 5310 videtur
3286 5258 3334 5310 in
3384 5259 3578 5318 limine.
3612 5261 3749 5328 quod
3786 5259 4015 5311 inﬁdeli-

2453 5349 2554 5400 bus
2588 5355 2640 5399 et
2671 5347 2821 5400 czecis
2871 5348 3031 5400 corde
3070 5357 3286 5414 putatur
3330 5349 3511 5414 procul
3561 5352 3747 5403 ahCSse
3794 5368 3803 5400 :
3836 5360 3889 5402 et
3924 5350 4014 5402 isti

2446 5437 2555 5505 jam
2585 5435 2937 5488 tribunalibus
2964 5437 3156 5504 judicis
3183 5437 3572 5505 quodammodo
3605 5450 3889 5494 tit-tuentes
3927 5457 4014 5494 as-

2449 5527 2661 5585 sistunt,
2686 5541 2841 5591 quem
2877 5526 2946 5577 illi
2976 5542 3067 5594 per
3097 5529 3359 5580 diuturna;
3392 5529 3791 5598 longinquitatis
3819 5534 4011 5584 absen-

2452 5617 2576 5670 tiam
2608 5617 3014 5685 parvipcndunt.
3052 5619 3122 5672 De
3154 5621 3254 5672 hoc
3287 5619 3486 5672 uitium.-
3520 5633 3566 5673 et
3603 5623 4011 5676 irremediubiiis

2452 5706 2781 5758 necessitatis
2826 5706 2912 5759 die
2961 5718 3297 5773 praxnnatur
3337 5709 3528 5773 Isaias,
3571 5709 3789 5762 dicens;
3821 5732 3835 5760 ι
3872 5713 4008 5766 Ecce

2456 5792 2568 5850 dies
2599 5791 2804 5848 Domini
2842 5795 2985 5850 venit
3013 5798 3266 5863 crudciis,
3306 5808 3358 5852 et
3389 5799 3748 5869 indignatione
3796 5801 4003 5868 plenus,

4051 4579 4093 4634 1)

4196 3347 4415 3401 Gladius
4459 3351 4600 3403 enim
4649 3352 4905 3408 devorare
4965 3361 5162 3408 terram
5217 3354 5425 3417 dicitur,
5471 3363 5524 3409 et
5566 3369 5664 3422 pax

4127 3440 4386 3492 universa:
4437 3442 4584 3494 carni
4634 3443 4820 3498 deesse
4878 3445 5216 3516 perhibetur.
5263 3448 5382 3515 quia
5429 3447 5665 3515 quisquis

4124 3542 4264 3581 nunc
4299 3531 4583 3585 carnaliter
4627 3545 4993 3601 conversatur,
5025 3537 5105 3590 vel
5151 3544 5359 3592 terrena
5407 3536 5661 3591 immode-

4123 3618 4292 3671 ratius
4320 3620 4527 3674 ambire
4572 3625 4928 3686 convincitur,
4958 3625 5154 3679 ultimae
5182 3626 5522 3680 districtionis
5570 3641 5660 3680 ne—

4122 3724 4271 3762 cesse
4298 3721 4382 3763 est
4424 3711 4602 3778 gladio
4646 3716 4958 3780 perimatur.
4988 3715 5061 3769 De
5087 3731 5187 3784 quo
5218 3716 5463 3769 nimirum
5497 3717 5663 3785 gladio

4122 3812 4216 3866 per
4244 3798 4576 3854 Ezechielem
4608 3803 4862 3858 Dominus
4890 3804 5052 3859 dicit:
5087 3824 5104 3856 ι
5131 3805 5440 3876 Egredietur
5463 3806 5664 3875 gladius

4123 3904 4273 3941 meus
4290 3890 4354 3941 de
4369 3891 4556 3957 vagina
4578 3907 4671 3944 sua
4688 3893 4750 3945 ad
4771 3910 4978 3947 omnem
4992 3909 5205 3949 carnem
5219 3894 5283 3946 ab
5297 3897 5490 3949 Austro
5503 3910 5664 3964 usque

4122 3975 4188 4028 ad
4213 3977 4557 4045 Aquilonem;
4587 3988 4642 4034 ut
4664 3983 4799 4035 sciat
4816 3985 4989 4037 omnis
5011 3999 5134 4038 caro
5162 3985 5280 4052 quia
5302 3999 5398 4054 ego
5416 3984 5666 4040 Dominus

4121 4068 4278 4120 eduxi
4324 4069 4555 4138 gladium
4603 4087 4776 4127 meum
4805 4076 4869 4129 de
4898 4078 5084 4145 vagina
5129 4090 5222 4130 sua
5269 4076 5662 4131 irrevocabilem

4123 4157 4336 4226 (Exerit.
4367 4169 4537 4231 xm.»
4573 4164 4646 4217 De
4689 4165 4789 4218 hoc
4835 4168 5014 4233 utique
5059 4167 5230 4238 gladio
5267 4175 5320 4220 et
5347 4169 5510 4220 Amos
5537 4183 5656 4236 pro-

4121 4250 4277 4318 pheta
4307 4251 4472 4305 dicit:
4503 4271 4520 4302 ι
4542 4253 4597 4307 ln
4623 4255 4798 4324 gladio
4831 4259 5124 4311 morientur
5149 4273 5332 4312 omnes
5361 4270 5660 4328 peceatores

4121 4341 4300 4409 populi
4332 4344 4432 4394 tnei
4453 4385 4465 4405 ,
4513 4345 4604 4411 qui
4633 4346 4790 4415 777
4820 4347 5019 4410 dicunt,
5054 4364 5158 4404 non
5205 4350 5658 4420 appropinquabit,

4119 4444 4166 4487 et
4204 4452 4306 4488 non
4337 4439 4510 4488 vcnict
4541 4453 4697 4506 super
4721 4456 4817 4493 nos
4845 4442 5038 4494 malum
5066 4442 5263 4512 (Amos,
5292 4446 5386 4510 ιι).
5421 4461 5439 4492 ι
5467 4442 5561 4496 Hic
5588 4445 5662 4496 di-

4126 4526 4227 4577 ιιιιί
4255 4526 4438 4592 judicii
4476 4537 4647 4581 terror
4676 4530 4958 4585 interiores
4986 4532 5187 4585 Nullum
5224 4537 5490 4602 prophetae
5512 4549 5661 4588 aures

4124 4619 4459 4685 turbaverat,
4483 4637 4601 4674 cum
4632 4624 4838 4678 dicebat
4872 4645 4883 4678 :
4924 4645 4940 4677 ι
4973 4626 5080 4680 Vox
5108 4627 5315 4698 ﬂagelli,
5347 4639 5400 4681 et
5440 4645 5537 4682 vox
5569 4633 5660 4683 im-

4122 4722 4275 4780 petus
4300 4723 4443 4774 rotre,
4477 4724 4526 4767 et
4548 4717 4666 4783 equi
4698 4714 4996 4783 frementis,
5025 4731 5077 4773 et
5098 4722 5366 4790 quadriga:
5390 4719 5668 4787 ferVentis,

4120 4805 4384 4872 ethuitis
4407 4808 4756 4870 ascendentis,
4799 4819 4853 4863 et
4895 4811 5144 4866 micantis
5189 4812 5367 4881 gladii.
5394 4824 5448 4866 et
5493 4813 5662 4881 fulgu-

4123 4895 4292 4945 rantis
4341 4895 4523 4956 hastm,
4553 4905 4606 4947 et
4655 4897 5011 4954 niultittminis
5046 4899 5356 4962 interfecta.
5406 4911 5456 4954 ct
5487 4903 5660 4971 gravis

4121 4985 4418 5044 ruinmmcc
4441 4997 4524 5038 est
4546 4987 4665 5040 finis
4695 4992 5014 5043 cadaverum
5047 4989 5300 5061 (Nahum.
5320 4999 5418 5062 ιιι).
5442 5013 5460 5043 ι
5490 4993 5661 5046 Enim-

4121 5088 4246 5124 vero
4279 5075 4344 5125 de
4377 5073 4770 5141 divinojudicio
4799 5079 4922 5144 quid
4953 5079 5139 5132 viderit
5167 5079 5366 5145 Daniel,
5387 5083 5660 5136 manifeste

4119 5164 4388 5228 describit,
4423 5166 4610 5220 dicens
4641 5187 4650 5218 :
4689 5187 4705 5216 ι
4733 5153 5278 5239 Αδνίςίειιςιιιι,ἰἰοιιθε
5308 5173 5478 5225 throni
5507 5191 5550 5240 p.
5577 5175 5658 5227 siti

4117 5265 4256 5316 sum.
4314 5268 4365 5307 ct
4397 5258 4649 5324 antiquus
4699 5259 4900 5312 dierum
4940 5263 5096 5326 sedit,
5131 5265 5499 5316 vestimentum
5550 5263 5661 5333 ejus

4118 5348 4263 5413 quasi
4297 5349 4381 5400 nix
4411 5351 4714 5413 c..u.li.tmn,
4743 5361 4795 5403 et
4826 5353 4998 5421 capilli
5030 5355 5142 5419 ejus
5181 5355 5331 5422 quasi
5362 5351 5475 5406 lana
5506 5370 5657 5407 mun-

4124 5440 4220 5500 da;
4264 5440 4490 5493 thronus
4537 5440 4648 5507 eju~
4678 5440 4887 5496 ﬂamma
4919 5444 5072 5511 ignis,
5103 5453 5228 5497 rota-
5255 5443 5367 5510 ejus
5415 5445 5547 5513 ignis
5571 5459 5660 5498 ac-

4122 5546 4335 5588 census;
4394 5531 4583 5584 [huius
4627 5533 4813 5600 igneus
4874 5535 5188 5602 rapidusque
5237 5534 5655 5603 egrediebatura

4119 5622 4252 5675 facie
4282 5622 4396 5689 ejus
4439 5624 4598 5686 (Dan.
4633 5637 4748 5693 vit).
4789 5643 4805 5675 ι
4848 5626 4911 5678 Et
4940 5626 5092 5694 paulo
5123 5633 5240 5693 post
5274 5643 5286 5677 :
5327 5643 5344 5675 t
5395 5623 5656 5680 Iudicium

4116 5714 4273 5775 sudit,
4293 5723 4342 5765 et
4375 5710 4492 5767 iibri
4521 5716 4687 5784 aperti
4714 5721 4835 5769 sunt
4865 5716 5066 5785 (ltum).
5092 5737 5108 5769 ι
5130 5716 5230 5783 Qui
5254 5716 5498 5771 nimirum
5517 5716 5651 5778 libri,

4116 5802 4215 5872 ipsi
4247 5802 4572 5871 intelligendi
4622 5817 4744 5860 sunt
4773 5807 4967 5871 sancti,
4997 5823 5218 5876 quorum
5250 5823 5386 5864 nunc
5415 5808 5655 5862 meritum
