4380 6378
323 416 422 472 741

1328 408 1574 469 OPUSC.
1616 409 1676 465 L.
1701 439 1769 452 —-
1791 404 2186 464 INSTITUTIO
2224 403 2573 463 MONIALIS.

3509 409 3621 468 741

321 534 390 588 ab
435 531 518 587 eis
572 545 670 601 per
720 529 1022 586 custodiam
1077 528 1403 584 humilitatis
1455 526 1829 592 absconditur,
1861 533 1917 579 et
1943 528 1993 585 A
2022 523 2260 593 pondere
2291 521 2575 592 premitur,
2607 519 2702 590 qui
2732 518 3063 576 intrinsecus
3103 519 3324 590 quidem
3348 519 3615 580 vitiorum

323 637 583 695 tanquam
633 624 881 678 volumen
933 621 1156 686 codicis,
1217 635 1284 676 ne
1337 620 1566 692 legatur,
1600 618 1912 674 involvitur.

319 718 476 774 Tunc
506 725 717 782 autem,
751 716 818 770 ad
845 729 1033 770 eorum
1057 713 1306 785 gloriam,
1339 713 1715 768 universorum
1743 710 1915 765 oculis

318 811 591 881 aperitur;
626 817 685 862 nt
729 808 780 862 in
824 807 905 862 eis
931 807 1381 877 praevaricatores
1409 813 1669 874 tanquam
1702 819 1798 873 per
1827 803 1912 858 di-

318 911 480 972 gesta:
508 898 823 969 scriptionis
846 899 1136 953 articulum
1167 897 1347 968 legant
1377 896 1574 952 divina:
1595 895 1730 965 legis
1761 911 1914 948 man-

316 993 458 1053 data,
493 1007 634 1061 qum,
662 993 788 1045 dum
819 989 1165 1051 adviverent,
1199 1005 1421 1045 servare
1443 998 1908 1057 contempserant.

313 1082 425 1137 Illic
447 1080 563 1150 jam
612 1082 1023 1152 compelluntur
1046 1091 1100 1136 et
1130 1080 1308 1152 legere
1332 1121 1347 1146 ,
1397 1081 1488 1152 qui
1522 1081 1609 1136 hic
1635 1096 1733 1150 per
1761 1096 1913 1136 arro-

312 1173 510 1244 gantiae
534 1171 736 1227 fastum
761 1173 925 1226 verba
963 1170 1058 1226 Dei
1097 1171 1532 1242 dedignabantur
1560 1172 1769 1226 audire.
1798 1171 1911 1228 Illic

303 1261 497 1334 jttgum
555 1263 770 1317 Domini
823 1263 940 1316 leve
966 1301 982 1328 ,
1039 1271 1094 1318 et
1139 1278 1279 1318 onus
1321 1261 1441 1332 ejus
1482 1278 1650 1320 suave
1689 1263 1911 1320 mitibus

308 1350 530 1424 (Uouit.
559 1354 635 1423 xi)
668 1363 723 1408 et
775 1353 1110 1424 patientibus
1149 1352 1315 1410 fuisse
1358 1354 1728 1420 considerant,
1765 1356 1910 1425 quod

311 1445 401 1502 hic
429 1446 699 1515 superbia:
727 1461 838 1500 sua
862 1445 1170 1500 cervicibus
1203 1445 1547 1501 intolerabile
1567 1445 1905 1514 judicabant.

305 1532 422 1591 Illic
445 1535 741 1605 superbum
766 1550 926 1590 omne
948 1535 1322 1599 confunditur,
1349 1544 1404 1591 et
1428 1536 1692 1605 quidquid
1722 1537 1906 1593 eleva-

310 1633 420 1680 tum
456 1624 656 1692 fuerat,
684 1627 785 1680 sub
835 1635 997 1680 tanta:
1026 1624 1330 1693 ntajestatis
1370 1624 1742 1696 indignatione
1784 1643 1908 1682 cur-

304 1727 487 1772 vatur.
527 1718 677 1775 Unde
724 1736 822 1791 per
857 1720 1051 1775 Isaiam
1095 1721 1294 1775 dicitur
1326 1738 1340 1775 :
1381 1740 1399 1773 ι
1453 1720 1607 1778 Οοιιιι
1645 1723 1908 1780 sublimes

305 1807 550 1865 hominis
595 1811 866 1867 humiliati
899 1821 1045 1879 sunt,
1073 1826 1129 1868 et
1166 1813 1541 1868 incurvabitnr
1573 1814 1803 1870 altitudo
1827 1816 1906 1869 vi-

2021 613 2257 669 Iatenter
2302 611 2669 684 ingruentium
2724 611 3072 666 deformitate
3123 609 3617 678 confunditur,fo-

2019 703 2096 757 ris
2131 713 2312 758 autem
2377 703 2612 772 quadam
2661 700 2999 757 adumbratae
3040 701 3267 757 virtutis
3303 701 3389 757 vel
3431 704 3616 773 potius

2018 793 2323 850 honestatis
2348 793 2756 865 pulchritudine
2779 792 3058 863 palliatur.
3087 792 3196 849 Sed
3220 809 3343 849 cum
3377 794 3614 866 plurima

2017 893 2349 956 suppetant,
2393 900 2496 940 nos
2533 883 2873 940 enucleatius
2920 899 3196 955 exponere
3246 885 3349 941 ista
3396 897 3619 958 postpo-
3700 951 3702 953 ν

2015 977 2230 1042 nimus,
2281 977 2409 1047 quia
2457 976 2773 1046 prolixioris
2805 976 2930 1048 styli
2983 976 3238 1032 laciniam
3287 977 3613 1036 devitamus.

2013 1069 2271 1140 Exempla
2324 1085 2542 1141 quoque
2585 1070 2653 1124 de
2681 1069 2852 1126 divini
2885 1077 3095 1126 terrore.
3116 1070 3310 1141 judicii
3341 1069 3494 1142 plura
3527 1071 3614 1128 his

2013 1164 2436 1234 supersedemus
2492 1163 2762 1229 inserere,
2797 1163 2925 1234 quia
2972 1179 3096 1220 cum
3148 1164 3276 1220 huic
3327 1163 3616 1222 tremendo

2011 1255 2251 1310 examini
2304 1257 2485 1311 omnis
2538 1255 2741 1327 eloquii
2793 1255 3039 1312 caelestis
3094 1257 3325 1312 intentio
3372 1257 3612 1326 militet,

2012 1360 2113 1400 nos
2155 1347 2207 1401 in
2258 1348 2685 1419 exaggeratione
2730 1346 3180 1416 ejuselaborare
3236 1349 3442 1405 diutius
3498 1364 3609 1406 non

2011 1447 2280 1509 opportet.
2313 1440 2528 1496 Adhoc
2577 1441 2724 1496 enim
2769 1442 3003 1512 pleniter
3034 1441 3416 1503 intimandum,
3442 1441 3609 1498 etiam

2012 1531 2056 1585 si
2090 1541 2290 1587 caetera
2323 1541 2520 1588 cuncta
2567 1534 2843 1600 deessent,
2876 1535 2988 1590 sola
3033 1534 3122 1590 Illa
3161 1535 3424 1590 Veritatis
3443 1535 3612 1592 verba

2006 1622 2319 1680 sufﬁcerent
2348 1666 2362 1690 ,
2415 1626 2614 1697 quibus
2650 1627 2770 1680 ait:
2812 1645 2830 1678 ι
2887 1627 3064 1682 Erunt
3115 1627 3232 1682 dies
3264 1625 3338 1682 illi
3384 1624 3612 1682 tribula-

2010 1713 2176 1768 tionis
2244 1713 2384 1771 tales
2455 1715 2649 1786 qnaics
2701 1731 2808 1770 non
2866 1715 3087 1770 fuerunt
3135 1716 3204 1770 ab
3250 1716 3410 1772 initio
3454 1732 3611 1773 crea-

2007 1811 2143 1857 turae
2168 1819 2329 1874 quam
2356 1804 2602 1861 condidit
2628 1804 2793 1872 Deus,
2825 1820 3001 1877 usque
3036 1821 3212 1872 nunc,
3247 1821 3422 1876 neque
3471 1805 3610 1862 fient

302 1913 516 1955 rerum.
544 1901 889 1957 Exaltabitur
913 1877 1092 1958 autem
1122 1904 1385 1959 Dominus
1407 1905 1553 1960 solus
1575 1906 1629 1959 in
1659 1907 1745 1961 die
1776 1907 1897 1973 illa;
1935 1877 1981 1937 Β
2014 1891 2212 1962 (Mm?-
2241 1893 2356 1965 XV)-
2397 1914 2417 1948 ι

299 1993 430 2064 quia
446 1993 582 2049 .dies
610 1994 820 2050 Domini
849 2011 1013 2067 super
1044 2011 1261 2055 omnem
1294 1997 1587 2066 superbum
1633 2008 1687 2052 et
1714 2001 1898 2053 exvel-

298 2097 422 2138 sum
471 2093 528 2138 et
573 2100 737 2154 super
767 2100 982 2141 omnem
1019 2096 1462 2157 arrogantem,et
1493 2088 1893 2158 humiliabitur;

300 2182 355 2229 et
378 2188 546 2242 super
589 2190 781 2230 omnes
818 2177 1012 2232 cedros
1041 2175 1234 2232 Libani
1280 2177 1540 2234 sublimes
1576 2189 1630 2234 et
1662 2191 1894 2248 erectas,

297 2271 354 2318 Ol.
378 2278 544 2334 super
570 2279 761 2320 omnes
786 2279 1024 2335 quercus
1051 2266 1249 2332 8383“,
1265 2276 1321 2322 et
1342 2283 1508 2338 super
1534 2285 1724 2325 omnes
1747 2287 1896 2325 ῐηοηυ

300 2363 384 2411 tes
407 2355 674 2420 excelsos,
707 2365 762 2411 et
793 2372 957 2426 super
985 2372 1178 2412 omnes
1213 2357 1380 2413 colles
1413 2357 1677 2424 elevatus,
1721 2369 1774 2416 et
1800 2377 1895 2415 su-

294 2459 394 2517 per
430 2460 647 2500 onmem
681 2448 870 2501 turrim
901 2448 1196 2513 excelsam,
1227 2457 1283 2503 et
1307 2465 1472 2517 super
1519 2465 1735 2505 onmem
1779 2468 1896 2505 mu-

298 2551 419 2590 rum
453 2537 752 2600 munitum,
800 2548 852 2591 et
885 2554 1052 2608 super
1091 2555 1281 2596 omnes
1331 2556 1498 2596 naves
1548 2541 1799 2610 Tharsis,
1841 2554 1895 2599 et

294 2639 460 2702 Super
503 2643 670 2684 omne
733 2633 875 2699 quod
925 2630 1044 2685 visu
1096 2617 1382 2701 pulchrum
1432 2641 1547 2700 est;
1605 2644 1660 2688 et
1714 2637 1895 2691 incur-

291 2719 512 2774 vabitur
567 2721 873 2776 sublimitas
921 2723 1226 2787 hominum,
1275 2733 1329 2778 et
1362 2725 1737 2780 humiliabitnr
1773 2729 1894 2781 alti-

296 2812 424 2867 tudo
457 2813 702 2867 virorum
730 2853 746 2878 ,
804 2823 859 2868 et
894 2814 1195 2870 elevabitur
1228 2816 1489 2871 Dominus
1540 2817 1688 2872 solus
1721 2819 1774 2872 in
1805 2819 1893 2874 die

290 2904 404 2970 illa,
434 2913 488 2961 et
525 2905 668 2960 idola
701 2907 917 2976 penitus
966 2916 1360 2973 conterentur;
1401 2917 1456 2963 et
1504 2910 1806 2966 introibnnt
1836 2912 1888 2964 in

289 2995 579 3067 speluncas
609 3007 890 3066 petrarum
938 3008 993 3054 et
1046 2999 1099 3053 in
1154 3000 1446 3070 voragines
1497 3010 1655 3056 terrm
1692 3018 1722 3057 a
1751 3001 1889 3058 facie

285 3085 596 3143 formidinis
626 3088 835 3144 Domini
862 3099 916 3145 et
943 3105 974 3144 a
999 3091 1170 3160 gloria
1227 3092 1532 3160 majestatis
1559 3092 1680 3161 ejus
1704 3133 1719 3157 ,
1764 3108 1886 3146 cum

285 3180 593 3236 surrexerit
618 3192 906 3250 percutere
939 3192 1140 3237 terram
1169 3182 1440 3254 (furtu).
1481 3204 1500 3234 ι
1545 3183 1675 3252 Quae
1727 3185 1886 3240 nimi-

2595 2009 2826 2066 CAPUT
2872 2009 3006 2066 VIII.

2007 2093 2112 2151 Hic
2153 2097 2469 2156 admonetur
2517 2118 2579 2156 ne
2620 2101 2715 2156 sub
2749 2102 2970 2164 pictatis
3014 2103 3184 2171 specie
3238 2101 3309 2157 ad
3351 2102 3606 2158 saeculum

2646 2182 2957 2226 revertatur.

2073 2259 2153 2315 Τιι
2199 2268 2404 2328 autem,
2438 2261 2661 2318 domina
2712 2277 2853 2327 mea,
2887 2261 3105 2317 domina
3131 2302 3146 2324 ,
3181 2261 3427 2330 inquam,
3458 2277 3604 2330 mea,

2001 2347 2110 2405 imo
2157 2347 2214 2407 et
2247 2353 2460 2422 regina,
2495 2349 2726 2406 Domino
2782 2366 2925 2416 tneo,
2959 2351 3168 2407 caelesti
3221 2351 3432 2407 scilicet
3465 2353 3602 2426 regi.

1997 2457 2098 2512 pcr
2122 2443 2378 2498 annulum
2413 2445 2548 2498 viva:
2602 2444 2722 2498 tidei
2772 2453 2829 2499 et
2877 2445 3099 2499 arrbam
3151 2445 3330 2506 sancti
3360 2444 3597 2516 Spiritus

1998 2537 2324 2604 desponsata
2363 2555 2376 2590 :
2411 2547 2465 2592 ιιι
2518 2538 2703 2606 itaque
2733 2539 2850 2592 hare
2907 2547 2964 2591 et
2999 2538 3083 2591 bis
3115 2537 3337 2602 similia,
3383 2553 3504 2607 quae
3534 2538 3603 2596 de

1996 2627 2164 2680 divini
2224 2627 2422 2682 furoris
2461 2636 2516 2682 et
2561 2628 2954 2698 indignationis
2985 2629 3356 2684 amaritudine
3406 2629 3598 2700 legun-

1998 2725 2084 2768 tur
2115 2715 2297 2769 mundi
2330 2716 2667 2771 amatoribus
2701 2717 2990 2771 imminere
3013 2758 3028 2781 ,
3082 2717 3330 2773 crebrius
3360 2705 3599 2790 perlege,

1993 2803 2267 2856 Stiblililel‘
2288 2803 2586 2870 meditare;
2617 2815 2677 2858 ut
2699 2805 2802 2860 hoc
2833 2805 2982 2860 velut
3009 2822 3212 2861 amara:
3237 2807 3601 2866 confectiouis

1994 2892 2238 2945 antidoto
2295 2892 2481 2947 sibilos
2531 2895 2741 2963 antiqui
2795 2897 3068 2964 serpentis
3113 2895 3341 2966 ejusque
3394 2897 3598 2956 lethale

1991 2982 2144 3036 virus
2167 2984 2341 3050 possis
2371 2984 2627 3039 evadere.
2658 2984 2713 3038 In
2748 2986 3074 3055 memetipso
3113 2988 3312 3057 quippe
3341 2986 3598 3057 frequen-

1992 3083 2076 3129 ter
2123 3089 2382 3144 expertus
2417 3094 2538 3132 sum
2578 3080 2733 3148 quia,
2770 3095 2895 3134 cum
2927 3081 3232 3137 visceribus
3262 3082 3399 3138 meis
3433 3084 3596 3152 hujus

1991 3168 2338 3239 cogitationis
2392 3171 2702 3225 amaritudo
2754 3170 3097 3236 ditfunditur,
3133 3187 3162 3226 a
3205 3174 3420 3230 cunctis
3451 3175 3595 3231 male

287 3285 408 3326 rum
434 3272 599 3326 verba
626 3273 868 3326 seriatim
898 3273 1148 3328 fortassis
1177 3277 1648 3343 exponerem,nisi
1683 3278 1885 3345 episto-
1915 3244 1960 3304 Ε
1995 3259 2017 3311 ι

1867 3308 1885 3317 _
1915 3244 1960 3304 (ἶ
1995 3257 2322 3313 blandientis
2343 3261 2554 3325 tnundi,
2583 3270 2644 3314 ut
2667 3261 2745 3316 ita
2776 3261 2989 3332 loquar,
3016 3263 3358 3328 humoribus,
3394 3264 3592 3321 mentis

287 3359 418 3417 laris
445 3362 753 3431 compendii
805 3362 1044 3432 regulam
1075 3365 1339 3417 excedere
1378 3364 1696 3418 devitat-em.
1748 3366 1880 3420 Illud

286 3452 554 3508 duntaxat
584 3461 963 3508 summotenus
991 3453 1148 3508 video
1196 3455 1672 3525 perstringendum
1695 3497 1709 3522 ,
1759 3460 1884 3528 quia

288 3542 449 3598 rebus
473 3541 882 3598 insensibilibus
912 3543 1026 3598 dies
1057 3544 1224 3598 divini
1249 3543 1442 3613 judicii
1471 3547 1674 3602 dicitur
1704 3548 1885 3604 immi-

286 3649 449 3698 nere;
489 3635 585 3689 sed
617 3650 714 3704 per
742 3635 943 3704 figuras
968 3650 1148 3689 rerum
1181 3638 1393 3691 ratione
1423 3641 1745 3707 carentium,
1776 3654 1884 3696 sto-

286 3724 470 3782 liditas
531 3726 852 3797 intelligitur
927 3728 1210 3782 hominum
1278 3733 1658 3798 reproborum.
1722 3735 1881 3790 Codri

285 3819 484 3890 quippe
535 3817 723 3872 Libani
765 3820 1024 3874 sublimes
1070 3830 1124 3875 et
1170 3834 1402 3886 erectae,
1468 3834 1715 3894 potentes
1759 3839 1882 3882 sunt

285 3909 444 3975 hnjus
467 3908 670 3975 saeculi,
706 3926 802 3979 per
847 3910 1227 3966 excellentiam
1275 3915 1496 3983 quidem
1532 3926 1762 3971 terrenae
1792 3935 1882 3972 su-

282 4001 567 4058 blimitatis
600 4002 752 4067 elati,
780 4004 873 4058 sed
919 4005 1184 4058 bonorum
1237 4021 1460 4076 Operum
1501 4007 1766 4066 fructibus
1799 4013 1878 4066 in-

282 4092 532 4149 fecundi.
559 4093 809 4160 Quercus
855 4103 1036 4148 autem
1089 4093 1303 4151 fructus
1331 4099 1545 4166 quidem
1573 4101 1874 4170 proferunt,

282 4184 376 4239 sed
403 4199 511 4238 non
543 4183 743 4251 quibus
773 4178 934 4238 homo
969 4185 1242 4252 reficitur;
1278 4190 1371 4243 sed
1401 4192 1541 4244 unde
1569 4208 1694 4246 sues
1725 4194 1881 4248 alun-

282 4287 389 4334 tur.
419 4278 558 4334 Sues
589 4287 770 4332 autem
801 4278 1066 4334 immundi
1099 4280 1430 4349 intelligendi
1467 4297 1592 4338 sunt
1631 4287 1874 4354 spiritus,

279 4370 370 4439 qui
403 4369 616 4437 spurcis
657 4370 993 4424 sordentium
1036 4371 1313 4424 hominum
1342 4373 1598 4442 Operibus
1623 4376 1879 4445 saginan-

281 4470 384 4516 tur.
414 4459 587 4514 Porro
624 4470 834 4513 montes
885 4460 1084 4514 excelsi
1133 4471 1187 4515 et
1237 4462 1402 4516 colles
1445 4463 1642 4518 elevati
1683 4463 1859 4535 (Psal.

277 4555 468 4624 an),
521 4552 740 4621 superbi
793 4552 994 4622 quique
1038 4562 1186 4616 sunt,
1225 4555 1380 4621 quasi
1428 4570 1524 4622 per
1579 4568 1865 4626 aggestunt

279 4643 500 4698 tumida:
529 4641 874 4712 cogitationis
912 4643 964 4693 in
1001 4641 1108 4694 alta
1138 4646 1410 4710 porrecti;
1444 4645 1536 4696 sed
1569 4642 1864 4713 frumento,

275 4749 384 4804 quo
414 4733 583 4788 valles
611 4733 908 4798 abundant,
939 4733 1264 4802 cunctisque
1302 4733 1668 4802 spiritualium
1701 4735 1868 4806 778

275 4825 579 4881 studiorum
620 4823 866 4895 frugibus
895 4822 1077 4877 alieni.
1109 4819 1228 4876 Jain
1271 4838 1398 4878 vero
1439 4825 1606 4878 turris
1652 4827 1866 4883 excelsa

276 4928 331 4976 et
361 4933 549 4974 murus
577 4918 816 4973 munitus
843 4917 963 4971 illos
989 4917 1230 4973 insinuat
1254 4918 1370 4987 qui,
1394 4934 1514 4972 cum
1545 4930 1864 4988 peccatores

275 5011 404 5074 sint,
422 5012 475 5064 in
500 5013 732 5080 quadam
761 5024 820 5063 se
846 5008 988 5062 velut
1006 5011 1328 5064 innocentia:
1344 5024 1468 5062 arce
1492 5013 1857 5077 constituatnt,

275 5115 503 5169 seseque
551 5098 879 5154 defensionis
923 5097 1112 5168 clypeo
1144 5109 1530 5168 contegentes,
1565 5101 1859 5168 reprehen-

275 5209 458 5252 sornm
484 5208 703 5247 suorum
727 5191 907 5258 jacula
938 5193 1004 5245 ad
1049 5207 1108 5247 se
1135 5192 1444 5262 pertingere
1488 5207 1592 5245 non
1636 5191 1862 5262 permit-

277 5295 417 5341 tunt.
445 5283 674 5340 Tharsis
701 5294 879 5336 autem
910 5283 1202 5352 exploratio
1241 5282 1422 5352 gaudii
1451 5284 1666 5337 dicitur.
1703 5283 1861 5350 Quis-

275 5378 399 5450 quis
449 5377 633 5437 enim,
685 5373 736 5428 in
787 5374 886 5426 huc
925 5375 1156 5438 smculo,
1213 5377 1351 5428 unde
1398 5376 1634 5446 gaudere
1689 5376 1861 5444 possit

273 5465 541 5537 explorat,
593 5464 719 5517 huic
774 5464 1156 5531 superveniens
1213 5465 1326 5518 dies
1387 5465 1623 5528 Domini,
1664 5466 1859 5534 quibus

274 5556 666 5628 perpetualitcr
717 5563 1046 5617 amarescat,
1098 5557 1350 5609 mwroris
1411 5567 1572 5626 atque
1629 5559 1862 5613 tristitia:

273 5641 814 5722 molestiasirrigat.
848 5643 1004 5699 Venit
1031 5646 1193 5700 etiam
1233 5647 1348 5702 dies
1381 5650 1588 5702 Domini
1627 5668 1729 5703 non
1775 5667 1858 5705 Stl-

270 5759 369 5820 per
427 5754 592 5795 omne
651 5736 792 5808 quod
838 5735 1123 5807 pulchrum
1184 5750 1288 5804 cst,
1341 5742 1432 5795 sed
1485 5757 1648 5812 super
1701 5758 1863 5798 omne

270 5835 415 5912 quod
457 5833 577 5889 visu
633 5827 920 5901 pulchrum
973 5836 1090 5895 cst;
1136 5829 1266 5902 quia
1303 5829 1389 5887 ille
1445 5831 1612 5888 divini
1670 5833 1860 5903 judicii

1993 3364 2144 3414 mea},
2175 3352 2488 3405 stomachus
2537 3352 2866 3407 exsiccatur.
2925 3354 3082 3422 Saepe
3123 3354 3269 3408 enim
3321 3355 3594 3426 malignus

1990 3443 2233 3509 spiritus,
2272 3443 2419 3498 velut
2477 3445 2592 3500 avis
2636 3446 2689 3500 in
2721 3461 2875 3500 ramo
2917 3446 3154 3513 arboris,
3187 3449 3266 3504 sic
3323 3451 3375 3504 in
3408 3449 3592 3522 lingua

1988 3533 2206 3600 ponitur
2229 3535 2521 3602 adulantis,
2547 3546 2601 3591 et
2626 3545 2887 3606 tanquam
2915 3553 3014 3607 per
3041 3555 3307 3610 organum
3334 3544 3503 3609 vasis,
3531 3543 3586 3599 in

1987 3636 2083 3675 vas
2125 3623 2269 3677 virus
2295 3623 2486 3689 eﬂluit,
2534 3628 2679 3697 quod
2719 3627 3001 3684 Iethaliter
3033 3630 3086 3684 in
3143 3632 3418 3687 audientis
3450 3631 3590 3692 inte-

1987 3711 2129 3764 riora
2162 3715 2470 3768 transfndit.
2498 3716 2578 3770 Tu
2620 3729 2800 3772 autem
2829 3720 3028 3773 obtura
3056 3735 3219 3776 aures
3252 3724 3586 3781 malesuadis

1985 3803 2233 3857 cautibus
2263 3804 2600 3870 Sirenat‘um,
2632 3818 2688 3862 et
2713 3808 2955 3880 Scyllaea:
2979 3813 3257 3883 voraginis
3289 3817 3588 3884 prudenter

1984 3896 2151 3949 evade
2179 3895 2554 3966 naufragium;
2590 3900 2778 3969 sicque
2823 3917 2922 3956 cor
2955 3913 3103 3957 tuttm
3142 3904 3194 3958 in
3223 3915 3414 3962 sancto
3454 3923 3585 3978 pro-

1983 3987 2159 4055 posito
2199 3997 2376 4040 terror
2396 3988 2596 4057 judicis
2632 3995 2781 4059 ligat,
2809 4001 2866 4044 ιιι
2887 4008 3234 4062 nequaquam
3264 3995 3370 4052 hoc
3394 4008 3586 4054 ventus

1982 4078 2330 4131 assentatorii
2374 4078 2578 4134 favoris
2617 4081 2834 4136 evellat.
2881 4085 3153 4152 Antiquus
3190 4086 3334 4140 enim
3377 4087 3464 4142 ille
3493 4103 3583 4143 se-

1982 4170 2194 4235 ductor,
2219 4170 2312 4239 qui
2343 4170 2542 4226 dudum
2572 4171 2697 4226 Eva:
2719 4188 2816 4244 per
2846 4184 3156 4243 serpentem
3189 4179 3442 4232 versutiae
3467 4195 3581 4235 sum

1980 4261 2130 4314 virus
2183 4261 2446 4316 invomuit
2495 4259 2644 4332 (Gen.
2708 4268 2815 4336 ιιι),
2842 4266 3038 4319 'adbuc
3095 4265 3346 4322 fortassis
3381 4280 3437 4323 et
3482 4269 3579 4325 tibi

1982 4357 2242 4418 tanquam
2298 4351 2421 4404 filia:
2476 4368 2683 4406 morem
2737 4368 3006 4421 servans,
3068 4371 3170 4426 per
3221 4357 3367 4411 aliud
3419 4374 3576 4416 suum

1977 4439 2253 4494 vasculum
2298 4441 2539 4496 sibilabit
2569 4461 2581 4496 :
2616 4443 2913 4500 Revertere
2937 4487 2952 4511 ,
3009 4447 3295 4518 inquiens,
3348 4450 3572 4507 domum

1978 4531 2078 4585 sub
2109 4531 2228 4600 ipso
2259 4549 2429 4588 sacrm
2461 4533 2818 4603 professionis
2849 4538 3072 4604 habitu,
3120 4554 3248 4611 rege
3287 4541 3571 4613 ianiiliam,

1973 4637 2180 4690 expone
2204 4623 2290 4691 pie
2316 4625 2527 4678 vivendi
2558 4623 2810 4691 formam,
2842 4636 2965 4682 tene
3008 4646 3172 4698 super
3208 4632 3375 4686 ﬁlium
3428 4635 3573 4703 ejus-

1969 4729 2075 4783 que
2135 4732 2349 4771 cotevos
2415 4718 2700 4787 gravitatis
2753 4735 2818 4776 ac
2875 4721 3156 4777 modestiae
3202 4724 3568 4794 disciplinam,

1969 4807 2191 4873 provide
2234 4807 2452 4878 lapsuro
2503 4823 2608 4862 non
2651 4809 2912 4865 absonam
2957 4811 3170 4881 legibus
3201 4813 3366 4885 779
3406 4831 3568 4885 spon-

1967 4910 2118 4960 sam,
2166 4911 2266 4951 nce
2297 4899 2509 4952 resilire
2539 4900 2827 4968 permittas
2873 4902 3096 4956 sibimet
3143 4905 3562 4974 obsequentium

1966 4989 2292 5044 clientelam.
2338 4991 2672 5079 Ilaec.igitur
2708 4994 2982 5049 fabricans
3034 4997 3289 5065 neqmtim
3338 4999 3562 5068 spiritus

1969 5097 2076 5134 non
2131 5092 2286 5135 curnt
2327 5099 2433 5152 qua
2477 5093 2527 5137 te
2554 5085 2619 5137 ad
2647 5085 2903 5140 saeculum
2932 5088 3174 5141 retrahat
3199 5100 3369 5153 veste,
3403 5095 3558 5144 dum-

1967 5176 2126 5229 modo
2189 5177 2429 5253 conlidat
2461 5179 2602 5245 quod
2631 5193 2728 5247 per
2761 5181 3049 5235 saecularcs
3092 5191 3249 5235 actus
3283 5182 3379 5237 tibi
3413 5183 3562 5253 prin-

1966 5268 2178 5336 cipctnr
2205 5250 2258 5320 in
2292 5277 2493 5321 mente.

2575 5371 2804 5428 CAPUT
2862 5374 2952 5429 IX.

1971 5485 2046 5540 De
2084 5485 2363 5562 monacho,
2394 5487 2484 5556 qui
2514 5487 2580 5562 de
2607 5503 2778 5562 eremo
2803 5488 2872 5540 ad
2904 5489 3190 5562 ca’nobinin
3217 5489 3438 5556 rediens,
3469 5509 3556 5562 per

2327 5559 2717 5610 immunditiam
2754 5559 2931 5625 lapsus
2982 5560 3196 5610 interiit.

2036 5649 2208 5702 Porro
2239 5656 2446 5712 autem,
2476 5665 2600 5702 cum
2630 5649 2862 5718 plurima
2897 5658 3208 5718 suppetant,
3245 5650 3297 5702 id
3337 5651 3544 5718 potissi.

1965 5756 2133 5801 mum.
2158 5741 2303 5809 quod
2336 5740 2492 5795 nobis
2537 5749 2662 5795 ante
2692 5755 2895 5809 paucos
2921 5741 3039 5796 dies
3071 5743 3322 5814 contigit,
3352 5741 3558 5801 referre

1964 5845 2264 5901 congruum
2307 5829 2638 5900 judicamus.
2681 5829 2979 5891 Monachus
3017 5831 3242 5904 quidam
3294 5832 3556 5904 simplicis
