5882 6772
33 6406 1641 6670 μσς-συν

34 20 2995 268 ’ξπ-κ

2960 498 3017 556 S.
3048 496 3255 557 PETRI
3288 496 3565 556 DAMIANI
3606 497 3755 555 OPP.
3798 493 4033 554 TOMUS
4074 494 4200 551 SEU
4245 493 4422 550 PARS
4462 494 4545 549 Ill.
4574 491 5018 550 -—OPUSCL'LA
5051 492 5279 549 VARIA.

2498 504 2604 560 743

5626 501 5719 557 7M

2498 627 2703 675 malum
2750 615 3074 685 humilisque
3119 615 3396 671 modestia
3438 615 3595 670 nobis
3638 614 3929 684 aliquando
3971 628 4061 667 co-
4091 618 4133 671 Α
4167 607 4316 670 lavit,
4348 618 4406 662 ut
4432 608 4646 664 tolerari
4678 607 4765 661 vix
4791 616 4991 676 posset,
5025 624 5124 663 nec
5156 607 5348 662 fratres
5376 608 5646 678 quiescere
5671 610 5719 666 in

2495 709 2827 766 habitaturus
2846 707 3092 771 adhazsit,
3112 722 3175 762 ac
3196 722 3293 775 per
3311 706 3621 761 octennium
3643 704 3758 759 fere
3788 705 4068 758 nobiscum

2493 800 2546 855 in
2572 814 2755 855 eremo
2787 815 2892 853 non
2937 798 3106 853 solum
3148 810 3315 860 caste,
3343 797 3437 852 sed
3462 837 3478 861 ,
3507 796 3654 864 iuxta
3687 796 3911 849 fratrum
3936 810 4067 863 quo-

2491 905 2593 963 que
2639 890 2880 947 omnium
2933 888 3297 943 testimonium
3326 929 3341 954 ,
3397 886 3737 942 laudabiliter
3785 885 3956 949 visit;
3988 893 4061 946 ct,

2488 982 2734 1051 quoniam
2762 978 3027 1035 scribendi
3057 980 3266 1049 peritus
3291 979 3520 1043 exstitit,
3551 994 3654 1032 non
3686 992 3855 1047 pauca
3902 976 4059 1031 nobis

2484 1067 2741 1124 librorum
2790 1067 3067 1123 volumina
3124 1068 3509 1137 pollucibiliter
3562 1067 3826 1121 exaravit.
3880 1066 4065 1136 Nuper

2484 1165 2690 1225 autem,
2718 1174 2840 1214 cum
2871 1158 3036 1214 obeso
3062 1168 3289 1229 vegetus
3310 1173 3536 1227 corpore
3560 1172 3625 1211 ac
3674 1157 3947 1212 robustior
3977 1174 4060 1211 so-

2483 1248 2576 1305 lito
2594 1251 2890 1316 videretur,
2914 1251 3075 1319 coepit
3096 1252 3367 1304 obstinate
3387 1248 3683 1318 deposcere
3706 1257 3763 1302 ut
3803 1249 3871 1302 ad
3901 1264 4057 1303 suum

2480 1344 2884 1413 permitteretur
2906 1344 3298 1399 monasterium
3331 1358 3595 1398 remeare.
3627 1341 3778 1410 Quod
3803 1342 4055 1397 nimirum

2478 1434 2741 1505 malignus
2764 1436 2913 1489 cordi
2942 1434 3058 1503 eius
3083 1435 3267 1489 intulit
3288 1436 3657 1499 adversarius,
3688 1443 3747 1487 ut
3772 1434 4055 1504 perSpicue

2475 1524 2808 1592 postmodum
2842 1524 3013 1594 ipsius
3043 1524 3120 1580 rei
3145 1523 3441 1579 declaravit
3466 1532 3710 1578 eventus.
3738 1520 3869 1576 Nam
3903 1537 4051 1591 mox,

2480 1623 2558 1681 ut,
2586 1612 2742 1684 juxta
2788 1618 3126 1687 petitionem,
3156 1618 3223 1672 ad
3253 1633 3409 1672 suum
3448 1616 3833 1672 monasterium
3857 1624 3940 1670 est
3969 1632 4055 1670 re-

2471 1718 2679 1771 versus,
2713 1722 2835 1762 cum
2868 1707 2974 1763 alio
2997 1708 3229 1778 quodam
3263 1709 3527 1762 monacho
3550 1708 3757 1761 dierum
3787 1703 4050 1759 malorum

2472 1807 2620 1861 sene,
2668 1795 2867 1852 litteris
2904 1812 3059 1867 teque
3085 1798 3261 1867 perito
3285 1838 3300 1862 ,
3352 1807 3512 1866 atque
3542 1796 3796 1860 librario,
3830 1811 3927 1866 per
3972 1794 4050 1848 fe-

2471 1884 2691 1940 moralis
2736 1885 2909 1941 ﬂuxus
2962 1887 3292 1957 egestionem
3369 1886 3599 1951 cecidit;
3653 1886 3838 1955 sicque
3889 1901 4048 1941 omne

4174 712 4281 756 tota
4332 700 4471 755 illius
4505 701 4724 756 claustri
4776 700 5066 755 medietate
5111 701 5459 769 permitteret.
5500 700 5565 755 Et
5608 717 5720 758 cum

4169 793 4333 847 multa
4382 794 4804 863 circumquaque
4835 792 5080 861 sepulcra
5127 792 5478 858 subsiderent,
5512 792 5718 849 eadem-

4165 898 4269 951 que
4319 884 4527 938 minora
4573 886 4703 939 satis
4760 884 5029 954 impendia
5073 884 5715 953 percepisscnt,nullum,

4163 984 4358 1045 prrcter
4402 976 4503 1031 hoc
4533 976 4727 1041 solum,
4762 974 5038 1029 molestias
5079 975 5299 1029 naribus
5348 974 5637 1044 ingerebat,
5666 984 5719 1029 ut

4162 1064 4279 1118 luce
4331 1065 4531 1120 clarius
4586 1066 4950 1120 inuotesceret
5000 1066 5249 1133 quoniam
5327 1065 5556 1119 humana
5599 1081 5717 1122 caro

4161 1165 4365 1225 quanto
4395 1158 4633 1213 tenerius
4675 1173 4739 1213 ac
4769 1158 4983 1213 mollius
5007 1160 5287 1225 educatur,
5320 1166 5467 1213 tanto
5491 1159 5716 1215 deterius

4160 1248 4213 1301 in
4249 1250 4588 1318 putredinem
4626 1264 4691 1303 ac
4732 1265 4989 1305 nauseam
5017 1250 5263 1305 vertitur.
5291 1249 5569 1305 Enimvero
5609 1250 5714 1307 fra-

4160 1345 4270 1393 tres
4297 1353 4416 1393 cum
4455 1353 4539 1392 me
4584 1354 4682 1393 cur
4720 1339 4771 1393 id
4804 1340 4959 1394 ﬂeret
4998 1340 5363 1409 inquisissent,
5394 1340 5533 1411 quod
5575 1339 5713 1395 vide-

4155 1427 4333 1492 batur,
4360 1430 4584 1498 exposui
4620 1449 4632 1484 :
4675 1427 4810 1493 Hoc,
4839 1430 5083 1499 inquam,
5108 1441 5165 1485 ut
5189 1433 5395 1502 opinor,
5411 1430 5474 1485 ad
5495 1430 5711 1487 salutem

4154 1528 4392 1572 vestram
4444 1518 4703 1573 divinitus
4756 1519 4955 1591 agitur,
4988 1528 5049 1573 ut
5104 1521 5159 1574 in
5215 1520 5303 1576 illo
5340 1534 5446 1574 uno
5494 1534 5711 1589 corpore

4154 1608 4296 1677 quod
4350 1623 4457 1664 tam
4508 1578 4819 1679 pulchrumv
4852 1619 5247 1681 venustumque
5293 1611 5537 1675 vidistis,
5588 1578 5711 1680 quid

4153 1703 4317 1757 etiam
4348 1702 4414 1755 de
4444 1703 4658 1757 cmteris
4700 1702 5015 1758 mulieribus
5063 1702 5117 1757 in
5166 1703 5456 1758 tentatione
5497 1701 5710 1757 luxuria:

4153 1793 4341 1847 sentiri
4372 1792 4583 1853 debeat,
4614 1794 4819 1862 liquido
4850 1793 5149 1863 colligatis;
5195 1794 5445 1865 quoniam
5474 1809 5598 1849 caro
5627 1792 5707 1847 illa

4152 1894 4206 1936 et
4233 1892 4356 1937 tunc
4383 1884 4612 1951 putredo
4639 1884 4912 1939 veraciter
4940 1894 5061 1938 erat
5111 1900 5231 1939 cum
5282 1884 5347 1938 ad
5373 1899 5430 1939 se
5472 1894 5710 1954 spectan-

2469 1975 2609 2045 quod
2643 1976 2874 2031 mundus
2927 1977 3128 2032 diutius
3173 1978 3403 2040 vixerat,
3433 1976 3713 2046 repentina
3744 1976 4047 2029 sceleratis-
4076 1968 4124 2027 B
4152 1975 4273 2029 dam
4326 1972 4562 2028 lubricos
4604 1974 4924 2028 intuentium
4971 1974 5154 2030 oculos
5194 1975 5543 2044 provocabat;
5588 1974 5707 2043 quid

2468 2063 2589 2119 simi
2610 2065 2858 2120 criminis
2883 2068 3203 2137 contagione
3226 2066 3479 2131 fcedavit;
3509 2081 3644 2121 neve
3667 2067 3782 2120 sine
3807 2066 4044 2120 vindicta

2470 2163 2578 2210 tam
2610 2154 2898 2226 plectibilis
2929 2156 3083 2227 culpa
3118 2158 3404 2222 transiret,
3450 2158 3773 2227 aegritudine
3808 2172 3931 2210 mox
3979 2157 4045 2210 ir-

2467 2255 2674 2310 ruente,
2704 2246 2979 2312 decubuit,
3004 2248 3299 2319 paucisque
3337 2248 3594 2316 deinceps
3624 2247 3815 2303 diebns
3844 2262 3910 2301 ex
3943 2248 4045 2301 hac

2463 2336 2571 2393 vita
2608 2337 2892 2394 confessus
2923 2347 2978 2394 et
3024 2340 3283 2396 confusus
3327 2339 3515 2393 exivit.
3566 2338 3685 2403 Sic,
3736 2338 3815 2393 sic
3857 2338 4041 2408 igitur,

2462 2430 2555 2500 qui
2577 2436 2686 2485 stat
2709 2430 2889 2485 videat
2917 2445 2985 2485 ne
3013 2433 3171 2486 cadat
3199 2430 3250 2501 (Ι
3282 2428 3408 2485 Cor.
3437 2432 3515 2502 x).
3551 2430 3617 2484 Et
3643 2432 3732 2500 qui
3761 2431 3877 2485 solo
3908 2445 4044 2501 prse-

2460 2530 2638 2592 cepto,
2678 2537 2799 2578 cum
2846 2537 3014 2578 uxore
3043 2521 3183 2578 Loth
3212 2565 3226 2589 ,
3276 2532 3400 2591 post
3432 2532 3580 2592 terga
3632 2524 3902 2592 respicere
3938 2538 4043 2578 non

2460 2624 2695 2681 veretur,
2711 2622 3003 2684 conspecto
3032 2614 3224 2669 saltem
3248 2615 3379 2669 salis
3411 2614 3716 2669 statuncula
3738 2612 4039 2684 (Gemuit),

2456 2704 2647 2761 acDeo
2678 2706 2913 2776 desuper
2935 2705 3151 2760 vindice
3188 2714 3475 2759 terreatur.

3069 2813 3296 2870 CAPUT
3336 2814 3402 2868 Χ.

2451 2903 2530 2961 De
2566 2905 2840 2979 sepultura
2878 2902 3093 2985 Saphia;
3138 2904 3537 3025 qutt‘chgelttiuce
3563 2942 3577 2969 ,
3629 2913 3672 2955 et
3710 2904 3825 2972 ejus
3876 2904 4038 2973 fetore

3077 2990 3129 3025 ιη
3158 2990 3187 3025 o
3212 2990 3299 3025 era
3339 2990 3353 3025 ι
3380 2989 3417 3025 ι.

3077 2989 3417 3027 mtaternvm.

2522 3065 2597 3120 At
2639 3064 2892 3121 fortassis
2934 3072 3157 3120 econtra
3212 3064 3412 3118 dicitur
3462 3064 3591 3133 quia
3658 3064 4037 3133 corpusculum

2455 3164 2604 3213 tuum
2650 3157 2851 3227 gracile
2877 3156 3037 3211 nimis
3064 3164 3119 3210 et
3147 3155 3435 3210 delicatum
3462 3196 3476 3218 ,
3526 3155 3597 3207 ab
3624 3154 3757 3223 ipsis
3787 3154 4037 3209 laetantis

2451 3250 2694 3306 infantiae
2724 3249 3045 3304 rudimentis
3086 3246 3536 3303 esculentissimis
3564 3262 3626 3301 ac
3670 3261 3808 3317 pene
3842 3247 4036 3317 regali-

4150 2066 4294 2118 enim
4324 2073 4449 2119 tunc
4481 2063 4667 2131 fuerit,
4695 2081 4836 2121 nunc
4865 2067 5143 2122 evidenter
5172 2066 5424 2121 ostendit.
5466 2066 5531 2120 Et
5570 2081 5710 2137 qua-

4149 2154 4278 2209 libet
4331 2156 4569 2211 bominis
4617 2172 4772 2223 caro,
4822 2173 4942 2227 qua:
4972 2173 5115 2213 nunc
5144 2158 5322 2213 vivere
5371 2158 5703 2226 conspicitur,

4147 2263 4491 2318 nequaquam
4521 2250 4587 2303 de
4616 2265 4675 2304 se
4710 2258 4830 2319 post
4868 2251 5071 2306 obitum
5102 2251 5431 2321 putredinem
5457 2259 5702 2321 generat;

4147 2340 4261 2401 sed,
4294 2354 4411 2408 qum
4439 2356 4652 2411 semper
4680 2341 4871 2407 luerat,
4906 2351 5033 2398 tunc
5066 2358 5123 2398 se
5146 2343 5508 2399 tantummodo
5531 2351 5704 2414 putre-

4147 2430 4324 2485 dinetn
4363 2432 4646 2487 manifeste
4676 2433 4934 2489 declarat.

4741 2562 4967 2619 CAPUT
5028 2563 5118 2620 Kl.

4142 2691 4220 2748 De
4268 2693 4458 2769 Veneti
4490 2696 4637 2751 ducis
4677 2713 4857 2765 uxore,
4884 2715 5002 2769 qua:
5024 2701 5168 2769 prius
5208 2700 5420 2755 nimium
5464 2702 5699 2768 delicata,

4424 2766 4633 2821 demum
4687 2779 4794 2823 toto
4839 2766 5052 2839 corpore
5091 2776 5419 2842 computruit.

4214 2875 4338 2942 Sed,
4359 2878 4426 2932 ad
4446 2879 4495 2931 id
4513 2879 4655 2947 quod
4686 2880 4979 2934 asserimus
5008 2880 5384 2949 roborandam,
5415 2898 5700 2955 congruum

4140 2977 4225 3022 est
4261 2976 4320 3021 ut
4345 2970 4510 3023 etiam
4555 2970 4620 3025 de
4646 2970 4767 3024 viva
4818 2986 4983 3025 carne
5024 2971 5357 3041 proferamus
5382 2976 5699 3045 exemplum.

4141 3062 4360 3118 Veracis
4392 3065 4574 3132 itaque
4620 3074 4675 3119 et
4719 3064 4928 3120 honesti
4961 3064 5063 3119 viri
5093 3066 5253 3120 didici
5281 3065 5534 3121 relatione
5562 3067 5700 3137 quod

4137 3167 4319 3206 narro.
4372 3155 4489 3207 Dux
4521 3153 4864 3209 Venetiarum
4908 3156 5517 3227 Constantinopolitanae
5552 3158 5697 3213 urbis

4135 3242 4306 3297 civem
4340 3242 4576 3299 habebat
4606 3259 4854 3309 uxorem,
4887 3260 5007 3315 qua:
5047 3246 5298 3300 nimirum
5347 3256 5452 3301 tam
5496 3248 5695 3313 tenere,

2449 3341 2551 3397 bus
2566 3340 2859 3411 fuitepulis
2881 3339 3117 3395 molliter
3133 3339 3458 3404 enutritum;
3488 3354 3587 3393 nec
3607 3354 3854 3393 sororum
3876 3348 4031 3409 potes
4058 3326 4105 3386 C
4138 3345 4246 3387 tam
4294 3334 4522 3390 delicate
4568 3336 4823 3402 vivebat,
4855 3346 4911 3391 et
4954 3352 5059 3392 non
5102 3338 5261 3393 modo
5295 3338 5694 3407 superstitiosa.

2451 3448 2595 3488 nunc
2642 3430 2902 3487 mensulis
2941 3446 3061 3486 esse
3109 3440 3387 3495 contenta,
3416 3446 3537 3501 qua:
3563 3432 3867 3501 magnificis
3902 3431 4027 3485 olim

2452 3521 2635 3578 fueras
2686 3521 2910 3577 ferculis
2954 3530 3206 3587 assueta;
3254 3521 3347 3576 sed
3377 3538 3477 3576 nec
3503 3522 3651 3576 olere
3674 3523 3916 3591 quidem,
3947 3522 4030 3576 vel

2452 3612 2825 3667 communibus
2851 3626 2975 3665 cum
2999 3613 3077 3665 eis
3105 3612 3182 3665 uti
3212 3620 3367 3681 potes
3394 3611 3608 3676 eduliis,
3638 3626 3759 3680 qua:
3792 3614 4030 3666 marinas

2450 3702 2852 3771 exquisitasque
2899 3701 3121 3757 delicias
3176 3700 3377 3755 Indicis
3424 3715 3744 3755 assueveras
3776 3701 4028 3755 infercire

2447 3793 2755 3866 pigmentis.
2793 3791 2888 3847 llis
2915 3792 3099 3862 itaque
3128 3791 3273 3845 male
3315 3790 3723 3846 blandientibus
3770 3790 4024 3855 suadelis,

2448 3885 2557 3941 imo
2595 3886 2705 3942 litis
2743 3886 2901 3942 melle
2922 3887 3136 3957 sagittis
3165 3901 3232 3942 ex
3274 3885 3538 3941 diabolica
3568 3886 3822 3955 pharetra
3850 3886 4026 3939 mani-

2449 3974 2583 4032 feste
2602 3977 2851 4043 vibratis,
2885 3986 2938 4031 tu
2989 3976 3251 4046 discipula
3286 3975 3544 4030 Crucilixi
3595 3975 3889 4055 prudenter
3938 3990 4028 4030 oc«

2449 4084 2630 4135 curre,
2678 4084 2877 4139 easque
2906 4083 2937 4123 a
2970 4078 3023 4123 te
3072 4067 3402 4124 conditionis
3433 4076 3539 4123 tua:
3566 4067 3755 4123 sedula
3782 4067 4027 4122 conside-

2449 4162 2660 4217 ratione
2706 4159 2927 4229 repelle.
2978 4159 3256 4231 Perpende
3309 4159 3477 4229 igitur
3516 4160 3643 4230 quia
3710 4175 3861 4225 caro,
3907 4175 4028 4231 quae

2445 4266 2589 4307 nunc
2614 4252 2882 4307 accuratis
2915 4250 3141 4320 dapibus
3169 4250 3462 4317 enutritur,
3486 4250 3648 4320 paulo
3676 4258 3797 4321 post
3826 4250 4026 4305 vermi-

2444 4343 2546 4400 bus
2572 4342 2842 4398 scatnrire
2892 4342 3270 4413 compellitur;
3321 4341 3548 4412 ipsaque
3604 4350 3730 4397 tunc
3782 4342 3840 4396 fit
3897 4356 4022 4397 esca

2444 4435 2772 4501 rodentium,
2798 4447 2918 4502 quae
2942 4449 3087 4489 nunc
3113 4432 3512 4489 delectabiliter
3534 4434 3814 4504 saginatur
3831 4433 4023 4503 jucun-

2444 4528 2612 4584 ditate
2656 4529 2920 4594 ciborum,
2954 4542 3018 4583 ac
3054 4536 3203 4583 tanto
3242 4528 3546 4598 graviorem
3585 4527 3805 4582 exhalat
3833 4537 4020 4597 putre.

2448 4619 2587 4675 facta
2634 4618 2893 4684 fetorem,
2932 4629 3135 4691 quanto
3195 4621 3502 4675 suaviorem
3553 4620 3653 4673 sibi
3708 4620 4019 4690 procuravit

2445 4710 2609 4781 780
2641 4710 2865 4765 educata
2902 4710 3201 4765 mollitiem.
3229 4710 3387 4774 Ecce,
3428 4710 3554 4764 dum
3594 4720 3695 4764 ista
3725 4712 4020 4766 conscribi-

2445 4816 2585 4864 mns,
2623 4798 2822 4871 Sophia
2874 4800 3028 4856 nobis
3080 4801 3145 4853 ad
3196 4801 3516 4855 memoriam
3564 4801 3733 4862 redit,
3792 4803 4019 4855 duorum

2441 4894 2649 4948 scilicet
2678 4892 3074 4958 marchionum,
3114 4890 3387 4963 Uguzonis
3414 4907 3590 4955 soror,
3623 4891 3863 4945 liaiuerii
3890 4892 4016 4957 lilia,

2442 4998 2559 5055 qua:
2596 4992 2718 5036 ante
2750 4984 2854 5038 hoc
2883 4982 2995 5037 fere
3033 4984 3375 5049 sexennium,
3409 4982 3537 5036 dum
3570 4998 3701 5038 sana
3729 4982 3902 5036 adhuc
3930 5000 4020 5038 es-

2444 5082 2525 5128 set
2558 5082 2611 5128 ct
2633 5073 2938 5137 incolumis,
2966 5075 3215 5127 abbatem
3243 5072 3557 5127 monasterii
3583 5074 3754 5127 sancti
3780 5073 4020 5127 Christo-

2443 5165 2601 5237 phuri
2660 5166 2914 5233 n‘artyris
2969 5176 3029 5218 ut
3106 5166 3207 5219 sibi
3286 5165 3621 5234 sepulturam
3683 5176 4021 5221 construeret

2443 5256 2627 5328 petiit;
2682 5256 2882 5325 illoque
2932 5254 3226 5315 renitente,
3276 5271 3504 5325 eamque
3552 5255 3787 5311 delirare
3838 5255 4019 5325 perhi-

2440 5348 2620 5413 brnte,
2653 5346 2921 5421 difﬁcilius
2968 5347 3293 5417 impetravit.
3338 5346 3669 5417 Factumque
3717 5348 3857 5402 intra
3904 5364 4021 5402 mo-

2442 5439 2740 5494 nachorum
2816 5439 3052 5493 claustra
3113 5436 3419 5507 sepulcrum
3468 5453 3591 5493 mox
3655 5448 3711 5492 ut
3775 5438 4015 5509 ingressa

2442 5528 2742 5598 conspexit,
2773 5530 2956 5585 nescio
2986 5545 3093 5602 quo
3122 5528 3352 5597 judicio,
3406 5529 3459 5584 in
3490 5530 3864 5598 a'gritudinem
3897 5545 4018 5585 cor-

2440 5617 2570 5685 ruit,
2599 5632 2664 5672 ac
2693 5617 2851 5687 paulo
2888 5627 3009 5689 post
3035 5618 3280 5683 abortiit,
3304 5630 3359 5673 et
3388 5618 3539 5672 obiit.
3565 5618 3731 5687 Cujus
3770 5620 4016 5690 profecto

2442 5708 2680 5764 tumulus
2706 5724 2827 5763 cum
2858 5718 3001 5764 esset
3029 5725 3289 5781 gypseus,
3337 5710 3753 5780 arliflciosisque
3783 5727 4015 5767 etemen-

2442 5802 2701 5857 tariorum
2720 5802 2910 5857 studiis
2931 5803 3168 5873 undique
3201 5804 3580 5869 communitus,
3598 5814 3797 5857 tantam
3820 5805 3863 5857 ft
3880 5807 4008 5860 toris

2441 5890 2679 5951 illuviem
2705 5908 2799 5959 per
2828 5894 3069 5952 continui
3110 5894 3326 5951 circiter
3359 5895 3480 5951 anni
3529 5895 3790 5952 circulum
3838 5900 4005 5955 exha-

4132 3430 4227 3484 sed
4250 3430 4561 3496 artificiosa,
4594 3439 4652 3484 ut
4681 3432 4755 3485 ita
4792 3430 4998 3499 loquar,
5042 3446 5161 3485 sese
5194 3430 5522 3498 iucunditate
5559 3429 5695 3485 mul-

4132 3525 4305 3587 cebat,
4341 3532 4398 3576 ut
4427 3524 4591 3577 etiam
4622 3524 4997 3579 communibus
5041 3539 5100 3579 se
5134 3524 5289 3593 aquis
5322 3525 5697 3595 dedignaretur

4129 3618 4384 3684 abluere;
4424 3618 4520 3674 sed
4563 3618 4681 3687 ejus
4712 3619 4852 3673 servi
4896 3633 5070 3673 rorem
5118 3617 5236 3672 cteli
5267 3616 5573 3687 satagebant
5600 3630 5696 3669 un-

4128 3711 4411 3780 decunque
4466 3709 4737 3779 colligere,
4794 3724 4861 3764 ex
4907 3724 5013 3779 quo
5065 3707 5165 3763 sibi
5208 3708 5527 3763 laboriosum
5566 3707 5696 3761 satis

4126 3800 4381 3856 balneum
4420 3809 4796 3874 procurarent.
4849 3800 5011 3855 Cihos
5038 3814 5251 3870 quoque
5286 3814 5410 3853 suos
5454 3797 5696 3853 manibus

4127 3909 4236 3947 non
4275 3894 4549 3962 tangebat,
4581 3893 4675 3947 sed
4707 3894 4775 3947 ab
4811 3890 5075 3947 eunuchis
5104 3890 5219 3960 ejus
5266 3889 5515 3943 alimenta
5553 3903 5697 3958 qua-

4126 4000 4232 4055 que
4276 3982 4534 4041 minutius
4586 3982 5007 4040 concidebantur
5045 3982 5099 4037 in
5145 3983 5344 4047 frusta;
5396 3995 5512 4050 qua:
5567 3994 5690 4036 mox

4128 4077 4216 4131 illa
4265 4078 4586 4146 quibusdam
4630 4075 4913 4131 fusciuulis
4965 4075 5144 4131 aureis
5190 4083 5347 4144 atque
5393 4073 5691 4128 bidentibus

4126 4171 4207 4225 ori
4257 4185 4395 4236 suo,
4443 4170 4745 4240 liguriens,
4798 4167 5111 4224 adhibebat.
5160 4164 5286 4234 Ejus
5338 4180 5496 4236 porro
5538 4164 5687 4220 cubi-

4124 4263 4302 4319 culum
4351 4272 4428 4317 tot
4472 4263 4914 4333 thymiamatum,
4966 4269 5372 4329 aromatumque
5408 4259 5691 4330 generibus

4122 4356 4441 4421 redolebat,
4500 4364 4559 4408 ut
4604 4364 4661 4411 et
4716 4355 4871 4410 nobis
4917 4368 5140 4409 narrare
5203 4362 5405 4407 tantum
5457 4351 5689 4407 dedecus

4122 4448 4329 4513 l’etcat,
4382 4456 4439 4501 et
4490 4446 4705 4501 auditor
4754 4446 4893 4502 forte
4942 4461 5046 4500 non
5097 4444 5305 4499 credat.
5359 4442 5463 4497 Sed
5518 4443 5690 4497 omni-

4120 4538 4328 4607 potenti
4369 4537 4480 4591 Deo
4522 4545 4781 4605 quantum
4837 4534 4993 4603 huius
5049 4533 5263 4589 femina:
5315 4531 5475 4587 fuerit
5525 4546 5687 4587 exosa

4124 4630 4414 4701 superbia.
4482 4628 4767 4683 manifesta
4830 4629 5011 4683 docuit
5083 4627 5387 4683 ulciscendo
5439 4641 5683 4681 censura.

4126 4719 4349 4775 Vibrato
4388 4720 4586 4789 quippe
4640 4736 4803 4790 super
4860 4735 4978 4774 eam
5030 4718 5193 4773 divini
5238 4732 5487 4773 mucrone
5524 4717 5681 4789 781

4120 4809 4307 4880 iudicii
4327 4852 4341 4876 ,
4372 4826 4569 4880 corpus
4606 4812 4721 4881 ejus
4750 4824 4911 4866 omne
4940 4810 5293 4879 computruit,
5325 4810 5397 4862 ita
5428 4818 5487 4863 ut
5520 4824 5689 4864 mem-

4124 4907 4218 4960 bra
4282 4906 4528 4974 corporis
4587 4905 4823 4974 undique
4874 4914 5067 4959 cuncta
5122 4908 5548 4965 marcesccrcnt,
5610 4911 5687 4954 to-

4126 5009 4346 5068 tumque
4382 4998 4687 5053 cubiculum
4729 4997 5053 5052 intolerabili
5094 5011 5311 5065 prorsus
5346 4992 5514 5048 fetore
5542 5007 5686 5047 com-

4122 5091 4370 5160 plerent;
4404 5105 4502 5146 nec
4535 5090 4801 5159 quispiam
4843 5098 5045 5143 tantam
5083 5086 5320 5157 perferre
5358 5087 5562 5139 narium
5600 5086 5677 5139 in-

4115 5181 4315 5251 juriam
4347 5186 4552 5252 potuit,
4585 5196 4690 5235 non
4723 5188 4959 5234 cosmeta
4980 5220 4994 5244 ,
5030 5194 5133 5232 non
5169 5176 5437 5241 servulus,
5464 5174 5548 5232 vix
5578 5190 5683 5230 una

4122 5277 4389 5331 duntaxat
4424 5274 4651 5338 ancilla,
4688 5289 4795 5328 non
4832 5273 4949 5327 sine
4984 5271 5177 5342 speciei
5215 5269 5499 5326 redolentis
5532 5269 5680 5323 auxi-

4122 5367 4222 5433 lio,
4262 5368 4314 5421 in
4354 5367 4471 5436 ejus
4504 5365 4751 5435 obsequii
4802 5363 5083 5419 sedulitate
5129 5361 5439 5433 permansit.
5482 5359 5677 5414 Eadem

4123 5467 4301 5513 tamen
4336 5457 4531 5527 raptim
4563 5455 4882 5519 accedebat,
4914 5462 4965 5509 et
4992 5454 5237 5524 protinus
5264 5449 5470 5522 fugiens
5496 5450 5678 5505 absce-

4123 5548 4301 5604 debat.
4334 5548 4546 5601 Diutius
4575 5545 4738 5616 igitur
4763 5546 4865 5600 hoc
4890 5544 5146 5615 languore
5176 5543 5400 5598 decocta
5438 5550 5491 5596 et
5519 5542 5675 5595 mise-

4120 5642 4361 5698 rabiliter
4390 5641 4628 5695 cruciata
4656 5679 4671 5703 ,
4702 5636 4892 5693 amicis
4919 5650 5131 5707 quoque
5165 5631 5465 5689 laetantibus
5488 5672 5503 5697 ,
5535 5630 5672 5686 diem

4117 5735 4308 5789 clausit
4341 5743 4670 5789 extremum.
4702 5729 4840 5797 Quid
4875 5744 5001 5800 ergo
5036 5727 5108 5782 sit
5142 5739 5299 5790 caro,
5342 5722 5528 5779 doceat
5561 5720 5672 5790 ipsa

4116 5846 4244 5885 cauo
4271 5846 4285 5896 ;
4316 5828 4568 5899 quodque
4598 5823 4847 5895 perbibet
4878 5831 5121 5887 mortua,
5160 5827 5383 5875 testatur
5411 5825 5463 5873 et
5498 5815 5633 5871 viva.
