5882 6602
878 381 983 437 NI

1477 491 1703 547 CAPUT
1748 491 1858 546 XII.

1258 581 1335 634 De
1368 582 1637 649 suppliciis
1670 583 2067 635 damnatorum.

945 670 1081 731 Sed.
1115 687 1149 725 ο
1179 672 1389 724 utinam
1421 673 1510 739 qui
1543 673 1805 739 ejusmodi
1834 680 1991 734 sunt,
2022 670 2099 724 sic
2129 684 2290 737 poena
2322 677 2457 723 tem-

876 760 1073 829 poralis
1107 758 1381 823 afﬁceret,
1420 768 1480 813 ut
1517 776 1621 814 non
1661 776 1754 814 eos
1786 762 1949 815 etiam
1995 770 2231 813 tartarus
2268 774 2460 826 exspe-

881 851 1088 904 ctaret!
1126 849 1241 901 Illic
1278 850 1420 901 enim
1444 889 1457 911 ,
1490 847 1644 915 juxta
1682 849 2039 917 quantitatem
2076 848 2259 917 gaudii
2296 848 2456 900 retri-

876 937 1051 989 buitur
1083 951 1340 990 mensura
1375 938 1661 1000 tormenti;
1695 944 2006 1003 quantoque
2039 936 2126 988 hic
2161 935 2321 986 altius
2363 948 2458 1002 per

867 1026 1185 1093 jactantiam
1240 1028 1473 1081 tumoris
1532 1027 1830 1087 extollitur,
1884 1034 2037 1078 tanto
2090 1024 2197 1079 illic
2249 1025 2459 1079 voracis

871 1118 1098 1169 incendii
1129 1118 1395 1170 barathro
1433 1116 1777 1185 profunditas
1802 1116 2145 1169 absorbetur.
2202 1114 2353 1168 Unde
2376 1126 2460 1168 est

869 1208 1006 1273 quod
1023 1208 1087 1260 de
1105 1223 1364 1273 perversa
1390 1208 1567 1260 anima
1590 1208 1691 1260 sub
1715 1208 2004 1275 Babylonis
2028 1205 2205 1273 specie
2226 1207 2453 1259 dicitur:

876 1311 891 1341 ι
926 1293 1195 1358 Quantum
1236 1309 1297 1346 se
1337 1294 1633 1357 exaltavit,
1664 1302 1718 1347 et
1750 1295 1806 1347 in
1838 1295 2048 1347 deliciis
2080 1293 2212 1355 fuit,
2250 1303 2453 1345 tantum

870 1384 988 1436 date
1018 1384 1089 1436 illi
1125 1392 1400 1438 tormenta
1428 1396 1483 1437 et
1508 1385 1683 1437 luctus
1714 1386 1907 1453 (Apoc.
1939 1383 2125 1451 xvnt).
2154 1403 2170 1433 ι
2200 1383 2267 1436 Et
2294 1384 2449 1435 alibi:

872 1492 889 1522 (
928 1472 1181 1527 Potentes
1220 1484 1475 1540 potenter
1513 1482 1784 1528 tormenta
1822 1474 2120 1541 patientur,
2168 1482 2220 1527 et
2260 1472 2453 1527 fortior

868 1560 969 1613 erit
1005 1562 1281 1615 cruciatio
1322 1560 1501 1629 (Sap.
1539 1579 1589 1615 vt
1622 1563 1661 1632 ).
1701 1581 1718 1613 ι
1764 1561 1897 1615 Nam
1937 1571 1990 1617 et
2032 1563 2165 1631 ipsae
2205 1564 2453 1616 carnales

867 1647 1159 1711 illecebrae,
1191 1649 1277 1702 vel
1308 1659 1499 1705 uetera
1530 1652 1657 1704 vitia
1677 1693 1691 1717 ,
1722 1666 1843 1719 quae
1870 1651 1958 1705 hic
1986 1668 2181 1721 pravos
2209 1652 2453 1707 homines

867 1733 1313 1798 inﬂammabant,
1383 1738 1492 1793 illic
1531 1739 1583 1791 in
1622 1738 1794 1806 picem
1846 1740 2189 1807 resinamque
2231 1751 2450 1793 vertun-

866 1829 964 1882 tur.
998 1833 1049 1876 et
1082 1826 1368 1879 ultricibus
1395 1826 1623 1881 ﬂannuis
1655 1828 1799 1880 vires
1828 1828 2087 1880 tribuunt.
2120 1828 2282 1880 Plane
2311 1830 2449 1882 sicut
2482 1817 2529 1875 Β

865 1906 1137 1977 Scriptura
1181 1914 1319 1966 dicit
1365 1914 1511 1982 (Job
1574 1930 1608 1967 χ
1640 1917 1680 1983 ),
1722 1916 1829 1971 illic
1862 1926 1944 1969 est
1983 1919 2174 1971 umbra
2214 1920 2403 1972 mortis
2431 1960 2445 1984 ,

862 2016 977 2067 qua:
1031 2002 1283 2067 profecto
1344 2005 1476 2059 nihil
1531 2016 1612 2060 est
1672 2007 1816 2060 aliud
1872 2008 1971 2062 nisi
2022 2009 2323 2063 obscuritas
2372 2010 2450 2062 di-

860 2090 1081 2147 visionis
1116 2092 1469 2167 [visionis];
1525 2098 1647 2166 quia
1704 2099 1988 2153 damnatns
2044 2100 2273 2167 quisque
2327 2115 2449 2154 cum

861 2191 1061 2236 aeterno
1098 2184 1229 2250 igne
1273 2185 1652 2249 succenditur,
1696 2189 1763 2239 ab
1805 2188 2017 2239 interno
2054 2189 2257 2241 lumine
2296 2198 2444 2241 tene-

862 2270 1070 2326 bratur.
1112 2274 1325 2327 Natura
1365 2291 1492 2329 vero
1535 2278 1672 2346 ignis
1704 2289 1787 2331 est
1828 2287 1884 2330 ut
1920 2293 1983 2331 ex
2018 2292 2074 2331 se
2122 2278 2239 2347 ipso
2270 2288 2325 2332 et
2358 2279 2444 2331 lu-

858 2374 972 2413 cem
1012 2362 1277 2417 exhibeat
1328 2373 1382 2417 et
1418 2366 1667 2419 ardorem
1695 2408 1709 2431 ,
1787 2366 1880 2420 sed
1925 2376 2319 2421 transactorum
2360 2368 2447 2421 illa

860 2444 1014 2499 ultrix
1048 2446 1268 2502 ﬂamnta
1308 2450 1563 2505 vitiorum
1602 2452 1763 2506 habet
1802 2455 2089 2515 ardorem,
2131 2470 2239 2508 non
2282 2456 2450 2510 habet

871 2538 1081 2604 penitus
1115 2538 1315 2594 lucem.
1351 2541 1504 2596 Unde
1535 2552 1617 2596 est
1686 2545 1828 2610 quod
1862 2544 1928 2597 de
1967 2544 2089 2608 illo,
2122 2560 2282 2614 quem
2322 2562 2349 2598 a
2392 2561 2449 2600 se

878 2627 1116 2693 repellit,
1153 2627 1373 2684 Veritas
1406 2631 1578 2685 dicit:
1614 2650 1631 2681 ι
1664 2632 1850 2701 Ligate
1906 2633 1981 2686 illi
2019 2649 2212 2687 manus
2269 2643 2323 2689 et
2356 2650 2449 2703 pe-

876 2714 991 2780 des,
1030 2727 1082 2770 et
1126 2719 1327 2773 mittite
1347 2734 1469 2773 cum
1508 2722 1558 2774 in
1592 2722 1842 2776 tenebras
1877 2723 2179 2776 exteriores
2209 2728 2227 2792 (
2253 2722 2444 2777 Matth.

861 2819 931 2857 xu
955 2806 994 2875 ).
1027 2827 1043 2857 ι
1073 2808 1130 2863 Si
1165 2810 1311 2880 ignis
1341 2811 1554 2879 itaque,
1583 2813 1671 2880 qui
1707 2814 1966 2881 reprobos
1995 2814 2235 2877 cruciat,
2265 2813 2445 2868 lumen

862 2896 1055 2954 habere
1104 2902 1411 2971 potuisset,
1460 2904 1541 2965 is.
1594 2905 1683 2971 qui
1741 2904 2036 2971 repellitur,
2094 2918 2443 2972 nequaquam

862 2990 995 3043 mitti
1035 2992 1086 3045 in
1130 2995 1389 3049 tenebras
1438 2994 1732 3049 diceretur.
1783 2994 1880 3049 Hic
1930 2996 2097 3049 etiam
2147 2994 2440 3050 Psalmista

861 3080 934 3133 ait
964 3101 975 3133 :
1012 3101 1028 3133 ε
1063 3082 1245 3153 Super
1272 3100 1366 3139 eos
1394 3086 1590 3139 cecidit
1631 3085 1799 3155 ignis,
1830 3095 1885 3140 et
1921 3101 2025 3140 non
2066 3086 2321 3140 viderunt
2356 3102 2445 3143 so-

1806 377 2046 435 OPUSC.
2086 376 2149 431 L.
2191 406 2257 416 —
2296 374 2689 431 lNSTlTUTlO
2722 373 3065 429 MONIALIS.

4043 378 4151 436 ’με

2486 495 2534 550 Α
2564 472 2764 551 dediti,
2807 496 2861 542 et
2902 488 2967 541 ad
3005 488 3239 556 propriae
3288 487 3470 542 carnis
3514 488 3802 543 arbitrium
3844 491 4065 558 vivant,
4090 507 4153 550 ut

2562 577 2740 629 anima
2773 577 3111 646 postmodum
3165 586 3221 631 et
3251 592 3417 631 carne
3444 577 3607 631 simul
3635 578 3904 635 intereant
3933 597 3947 645 ;
4002 599 4152 640 nunc

2562 665 2823 717 medullas
2870 667 3157 718 mundanae
3200 664 3501 719 dulcedinis
3532 666 3821 729 sorbeam,
3856 676 3915 721 ut
3959 671 4152 739 repleti

2561 764 2688 809 tunc
2716 758 2957 824 perpetui
3014 756 3290 811 cruciatus
3332 758 3620 827 absynthio
3675 759 3804 813 totis
3848 760 4151 818 visceribus

2560 858 2902 901 amarescant
2956 846 3090 915 (Job
3120 848 3267 916 ut).
3318 846 3553 903 Necesse
3580 852 3778 919 quippe
3808 861 3891 906 est
3934 862 3994 905 ut
4039 854 4151 911 iliic

2559 933 2809 989 dentibus
2840 937 3135 995 strideant,
3163 938 3253 1005 qui
3286 937 3372 991 hic
3400 939 3669 994 edacitate
3702 943 4049 1011 gaudebant;
4087 944 4153 999 il-

2558 1023 2627 1077 lic
2666 1026 2733 1079 ab
2774 1027 2852 1079 eis
2895 1027 3371 1083 irremediabiliter
3400 1031 3673 1099 plangitur
3702 1073 3714 1095 ,
3748 1049 3775 1084 a
3820 1035 4013 1101 quibus
4054 1035 4150 1091 hic

2558 1116 2877 1182 voluptuose
2928 1117 3177 1171 ridetur:
3228 1119 3426 1187 quique
3483 1122 3569 1177 hic
3612 1122 3876 1177 olfaciunt
3929 1127 4148 1182 uideres

2558 1216 2898 1269 aromatum,
2952 1218 3006 1259 et
3058 1210 3364 1262 acrcdinem
3427 1210 3639 1265 inhiant
3700 1214 4145 1282 pigmentorum,

2556 1295 2664 1349 illic
2712 1312 2804 1349 eos
2852 1306 2906 1349 ct
2947 1297 3272 1365 sulphureas
3321 1298 3459 1353 fetor
3518 1304 3835 1368 excruciat,
3883 1315 3937 1359 et
4003 1315 4148 1361 terra

2557 1388 2699 1453 picei
2758 1390 2889 1442 fumi
2945 1392 3117 1460 caligo
3174 1393 3497 1447 circumdat.
3554 1412 3573 1445 ι
3629 1395 3841 1451 Ducunt
3890 1400 4031 1453 enim
4094 1400 4149 1455 in

2556 1478 2712 1531 bonis
2755 1480 2871 1532 dies
2918 1494 3082 1545 suos,
3126 1490 3177 1535 et
3219 1482 3272 1535 in
3317 1492 3517 1551 puncto
3559 1485 3627 1539 ad
3668 1485 3880 1543 inferna
3920 1491 4151 1544 descen-

2555 1569 2689 1623 dunt
2729 1569 2942 1639 (Num.
2978 1588 3067 1625 XIV
3095 1573 3134 1641 ).
3170 1594 3188 1626 ι

3148 1664 3378 1720 CAPUT
3416 1664 3551 1720 XIII.

2652 1748 2807 1813 Quod
2839 1753 3123 1825 monac/tua
3159 1754 3385 1824 frigidus
3419 1756 3531 1810 vilis
3563 1756 3683 1825 alqa
3709 1774 3729 1821 ;
3758 1763 4046 1816 monac/tus

2824 1832 2997 1872 autem
3030 1824 3281 1889 fervidus,
3314 1826 3431 1877 vitis
3460 1837 3531 1878 est
3564 1824 3858 1893 fructuosa.

2626 1907 2825 1960 Verum
2885 1910 3000 1962 lucc
3057 1911 3161 1964 illis
3210 1917 3587 1982 exaggeranda
3640 1924 3768 1969 sunt
3822 1918 4137 1976 mentibus.

2550 2008 2669 2063 quae
2715 2005 2835 2064 post
2878 2006 3025 2067 terga
3071 1998 3317 2053 relictam
3362 2001 3654 2072 Egyplum
3697 2012 3981 2073 repetunt.
4027 2023 4150 2077 qute

2551 2083 2739 2138 sedere
2770 2100 2935 2153 super
2967 2086 3103 2140 ollas
3133 2090 3379 2142 carnium
3415 2092 3727 2160 ignobiliter
3757 2098 4152 2166 concupiscunt

2552 2173 2768 2243 (Exod.
2800 2179 2970 2246 xvi),
3014 2188 3073 2232 nt
3112 2180 3197 2234 his
3237 2182 3627 2249 cogitationum
3676 2184 3927 2243 ﬂuctibus
3965 2198 4144 2245 terro-

2550 2279 2776 2332 rumque
2817 2266 3069 2334 procellis
3111 2271 3509 2337 quodammodo
3551 2289 3703 2329 mare
3735 2276 3975 2332 Rubrum
4013 2279 4148 2349 ﬂat,

2548 2353 2692 2420 quod
2742 2354 2823 2407 eis
2872 2355 2925 2408 in
2976 2358 3185 2422 medio,
3236 2372 3304 2412 ne
3350 2369 3710 2428 revertantur,
3764 2364 4015 2421 obsistat.
4061 2367 4145 2425 Τιι

2550 2450 2767 2506 autem,
2817 2447 3123 2499 veneranda
3174 2462 3353 2513 soror,
3408 2466 3528 2518 qum
3570 2453 3777 2507 scilicet
3821 2459 4148 2526 evangelicae

2549 2529 2824 2600 quadrigze
2865 2548 2928 2587 ac
2958 2545 3199 2589 rotarum
3248 2538 3553 2593 cml‘estium
3586 2542 3840 2597 animalia
3872 2549 4142 2616 sequeris,

2548 2634 2777 2687 quorum
2808 2632 2934 2676 sunt
2965 2626 3131 2692 pedes
3165 2629 3296 2680 recti
3324 2628 3343 2697 (
3367 2628 3563 2683 Ezech.
3597 2648 3611 2684 ι
3642 2632 3692 2700 ),
3739 2650 3989 2704 quaeque,
4016 2654 4141 2693 cum

2547 2710 2861 2775 ambulant,
2908 2727 3011 2765 non
3062 2723 3447 2783 revertuntur;
3499 2735 3884 2789 nequaquam,
3930 2734 3990 2779 ut
4033 2741 4135 2796 pro

2547 2806 2699 2853 certo
2730 2800 3082 2867 conﬁdimus,
3112 2803 3252 2859 Loth
3282 2809 3529 2875 sequeris
3578 2825 3801 2866 uxorem
3842 2812 3997 2882 (Cen.
4031 2816 4143 2889 rx),

2547 2889 2639 2943 sed
2668 2890 2841 2944 Annae
2867 2894 3047 2960 potius
3076 2894 3381 2951 imitaberis
3402 2898 3642 2953 stabilita
3677 2902 3957 2969 virtutem,
3985 2902 4143 2976 cujus

2545 2979 2757 3035 scilicet
2799 2982 2980 3037 vultus
3020 2998 3126 3039 non
3175 2994 3302 3039 sunt
3342 2987 3576 3056 amplius
3605 2990 3656 3043 in
3687 2990 3899 3047 diversa
3946 2996 4144 3051 mutati

2548 3066 2621 3137 (Ι
2651 3068 2777 3139 Reg.
2808 3071 2883 3141 ι).
2911 3072 2978 3127 Et
3004 3077 3262 3143 quoniam
3292 3077 3436 3146 quod
3466 3079 3534 3133 ab
3560 3079 3840 3137 adulatore
3869 3083 4142 3153 laudatur,

861 3166 958 3221 lem
991 3170 1007 3237 (
1036 3148 1186 3225 Pw}.
1228 3188 1335 3225 Lm
1359 3172 1398 3241 ).
1434 3193 1451 3224 ι
1482 3174 1624 3243 ignis
1650 3148 1797 3227 Imm,
1829 3190 1993 3243 super
2023 3176 2217 3243 impios
2247 3177 2391 3231 cadit
2420 3194 2436 3245 ἱ
2470 3148 2515 3211 C
2547 3158 2616 3212 ab
2641 3161 3015 3217 ecclesiastica
3069 3167 3403 3220 auctoritate
3441 3172 3829 3236 contemnitur,
3858 3183 4147 3246 utramque

867 3258 954 3309 sed
1002 3259 1114 3322 sol,
1167 3262 1294 3328 igne
1346 3262 1606 3326 cadente,
1660 3278 1764 3317 non
1814 3264 2077 3329 cernitur,
2127 3264 2253 3333 quia
2288 3266 2438 3332 illos,

860 3355 988 3409 quos
1021 3346 1283 3415 gehennae
1322 3345 1536 3403 ﬂamma
1572 3350 1832 3415 devorat,
1867 3363 1897 3403 a
1938 3350 2148 3405 visione
2186 3353 2299 3405 veri
2349 3352 2431 3407 lu-

861 3431 1013 3485 minis
1064 3444 1267 3499 czecat,
1322 3444 1379 3488 ut
1432 3446 1487 3489 et
1536 3437 1669 3491 foris
1715 3452 1809 3491 eos
1845 3438 2002 3493 dolor
2038 3440 2433 3501 combustionis

858 3521 1086 3586 cruciet,
1116 3535 1171 3577 et
1202 3525 1347 3578 intus
1374 3540 1529 3595 paena
1558 3528 1819 3582 caecitatis
1851 3530 2139 3599 obscuret;
2172 3541 2440 3600 quatenus

858 3608 945 3674 qui
978 3614 1187 3665 auctori
1221 3629 1320 3666 suo
1348 3628 1576 3683 corpore
1601 3626 1652 3670 et
1682 3618 1844 3671 corde
1872 3618 2245 3687 deliquerunt,
2276 3622 2437 3677 simul

856 3708 1082 3764 corpore
1117 3708 1174 3754 et
1212 3700 1376 3755 corde
1410 3705 1738 3770 puniantur;
1791 3718 1845 3759 et
1893 3707 2179 3776 utrobique
2222 3724 2437 3777 pmnam

858 3787 1120 3851 sentiant,
1158 3790 1278 3859 qui,
1316 3792 1443 3844 dum
1480 3794 1569 3847 hic
1606 3795 1885 3858 viverent,
1923 3797 2103 3864 pravis
2152 3800 2265 3853 suis
2288 3800 2432 3855 dele-

856 3874 1181 3930 ctationibus
1230 3894 1297 3931 ex
1334 3888 1563 3949 utroque
1600 3883 1931 3939 serviebant.
1973 3883 2124 3940 Unde
2159 3887 2299 3941 bene
2332 3904 2433 3957 per

856 3963 1171 4031 prophetam
1233 3967 1477 4022 dicitur:
1512 3988 1528 4020 ι
1566 3970 1975 4027 Descenderunt
2033 3977 2100 4029 ad
2158 3976 2433 4034 infernum

857 4065 972 4107 cum
1009 4058 1178 4111 armis
1217 4059 1331 4113 suis
1369 4057 1775 4132 (Exeo/nun).
1807 4082 1825 4115 ι
1868 4064 2030 4120 Arma
2070 4067 2269 4139 quippe
2307 4086 2435 4140 pec-

857 4151 1092 4197 catorum
1144 4143 1273 4200 situt
1322 4149 1561 4203 membra
1610 4153 1889 4221 corporis,
1940 4155 2138 4224 quibus
2180 4174 2432 4228 perversa

855 4229 1117 4287 desideria
1139 4274 1154 4296 ,
1188 4251 1307 4303 qua:
1337 4239 1679 4309 concipiunt,
1714 4254 2105 4313 exsequuntur.
2143 4246 2295 4304 Unde
2345 4267 2433 4307 re—

854 4330 937 4375 cte
976 4338 1069 4391 per
1098 4323 1326 4379 Paulum
1364 4329 1563 4383 dicitur
1593 4348 1606 4383 :
1638 4350 1657 4382 ι
1687 4331 1872 4401 Neque
1909 4336 2216 4394 exhibeatis
2257 4357 2428 4395 tuem-

855 4410 945 4465 bra
984 4424 1200 4479 vestra,
1238 4431 1390 4471 arma
1423 4419 1726 4490 iniquitatis
1765 4438 1988 4493 peccato
2030 4427 2219 4497 (Rom.
2252 4434 2361 4497 vt).
2402 4454 2420 4486 ι

2544 3249 2686 3304 hanc
2719 3254 2991 3322 perpende
3032 3256 3386 3311 sententiam.
3424 3276 3442 3307 ι
3474 3257 3754 3315 Laudatur
3793 3274 4046 3331 peccator
4085 3267 4143 3323 itt

2546 3338 2841 3396 desideriis
2890 3343 3043 3407 suis,
3095 3355 3151 3399 et
3196 3347 3288 3414 qui
3332 3347 3518 3415 inique
3558 3350 3757 3418 egerit,
3804 3353 4147 3415 benedicittn'

2543 3430 2738 3499 (Psal.
2784 3434 2920 3505 Ix);
2977 3436 3132 3491 thoc
3182 3437 3455 3493 adulantis
3498 3449 3601 3494 est.
3636 3460 3653 3493 ‹
3692 3442 3991 3511 Maledicti,
4042 3448 4143 3519 qui

2542 3522 2817 3578 declinant
2863 3541 2894 3579 a
2948 3527 3221 3582 mandatis
3274 3530 3382 3583 tuis
3430 3528 3627 3600 (Psal.
3674 3535 3932 3605 cxvttt);
3968 3556 3988 3591 ι
4021 3538 4142 3598 hare

2540 3610 2806 3667 Ecclesiae
2840 3629 2943 3668 vox
2974 3625 3076 3669 est.
3110 3616 3265 3681 Quod
3292 3627 3473 3672 autem
3521 3620 3573 3673 in
3618 3623 3913 3691 reprobos,
3973 3625 4137 3694 juxta

2540 3702 2904 3769 quantitatem
2962 3705 3255 3771 criminis,
3312 3723 3468 3777 arqua
3525 3709 3596 3764 sit
3649 3712 3817 3766 etiam
3873 3730 4137 3773 mensura

2546 3792 2982 3861 ntaledictionis,
3017 3804 3246 3851 testatur
3280 3799 3543 3867 propheta
3588 3801 3755 3856 David
3780 3844 3795 3868 ,
3842 3806 3932 3874 qui
3976 3808 4140 3863 nimi-

2540 3896 2657 3933 rum
2690 3881 2743 3935 in
2772 3881 2965 3937 Judam
2998 3885 3311 3941 lscariotem
3344 3889 3563 3959 triginta
3600 3892 4010 3953 maledictiones
4042 3898 4135 3953 in-

2544 3970 2697 4035 tulit,
2748 3972 2891 4027 sicut
2933 3974 3024 4029 ille
3070 3977 3358 4033 Dominum
3407 3983 3629 4052 triginta
3659 3990 3931 4057 argenteis
3960 3992 4134 4049 sacri-

2536 4058 2653 4129 lega
2708 4062 3002 4119 venalitate
3058 4066 3333 4121 distraxit.
3388 4070 3627 4137 Quarum
3686 4076 3938 4134 videlicet
3988 4079 4133 4137 sicut

2534 4149 2710 4215 prima
2762 4159 2846 4205 est
2875 4169 2887 4205 :
2919 4172 2937 4203 ι
2968 4153 3253 4211 Constitue
3300 4173 3467 4227 super
3514 4177 3638 4215 eum
3683 4175 4028 4233 peccatorem
4052 4209 4068 4233 ,
4105 4189 4126 4223 ι

2535 4236 2614 4290 sic
2674 4246 2920 4294 extrema
2971 4251 3055 4296 est
3104 4243 3239 4298 illa:
3276 4265 3293 4296 ‹
3328 4245 3655 4315 Operiantur
3702 4255 3846 4309 sicut
3894 4257 4131 4326 diploido

2535 4326 2853 4385 conlusione
2898 4346 2997 4386 sua
3049 4332 3243 4403 (Psal.
3293 4340 3505 4404 cvm);
3540 4360 3558 4390 ι
3588 4357 3723 4410 quas
3771 4346 3817 4409 si
3867 4350 3989 4416 quis
4026 4364 4127 4419 per

2532 4414 2727 4481 psalmi
2759 4420 2973 4487 ,seriem
3014 4421 3292 4477 subtiliter
3318 4438 3527 4495 qumrat
3549 4469 3562 4490 ,
3615 4442 3826 4487 certum
3858 4414 3941 4491 est
3981 4414 4126 4507 quo-

851 4500 979 4554 Cum
1014 4504 1187 4558 armis
1225 4519 1355 4561 vero
1393 4508 1719 4565 descendere
1750 4512 1816 4565 ad
1852 4514 2121 4570 infernum
2143 4558 2157 4581 ,
2185 4530 2268 4573 est
2299 4536 2422 4576 eum
2455 4482 2503 4541 D
2532 4505 2678 4558 "iam
2731 4522 2836 4562 ³³οη
2895 4526 2989 4565 ⁸³⁵
3046 4511 3174 4568 “um

2120 4482 2125 4483 ,
2209 4482 2215 4483 ,
2402 4482 2415 4486 _
2760 4482 2771 4487 -
3334 4482 3350 4495 .
3551 4482 3561 4490 .
3862 4482 3940 4491 ---
3984 4482 4091 4507 .,....

1796 4482 2268 4581 1i,,fern;,m’esl
2299 4536 2422 4576 cum
2455 4482 2678 4558 Dniam
2731 4522 2836 4562 non
2895 4526 2989 4565 eas
3046 4511 3185 4568 nitro
3264 4516 3471 4571 citrove
3540 4523 3798 4589 reperiat.
3860 4526 3917 4580 In
3975 4531 4119 4585 serie

852 4584 976 4656 ipsis
997 4606 1217 4661 quoque
1254 4596 1542 4659 membris.
1583 4600 1779 4667 quibus
1820 4601 2085 4658 desideria
2127 4606 2425 4676 voluptatis

854 4681 1237 4748 expleverunt,
1288 4688 1475 4742 mterni
1511 4688 1698 4757 judicii
1755 4700 2020 4751 tormenta
2063 4703 2324 4765 tolerare,
2367 4714 2427 4758 ut

855 4764 1008 4839 782
1042 4780 1172 4827 tunc
1198 4789 1292 4829 eos
1320 4778 1557 4847 undique
1589 4781 1745 4836 dolor
1784 4784 2104 4853 absorbeat,
2146 4792 2238 4859 qui
2276 4810 2422 4850 nunc

853 4856 963 4911 suis
990 4860 1444 4921 delectationibus
1473 4868 1705 4934 subditi,
1754 4874 1994 4944 undique
2034 4856 2221 4934 contra
2264 4883 2425 4951 justi-

850 4944 973 5043 tiam
997 4948 1143 5017 juste
1166 4952 1462 5020 iudicantis
1491 4971 1753 5029 pugnant.
1786 4962 1916 5030 Qum
1948 4976 2127 5023 tamen
2158 4944 2423 5043 supplicia

851 5032 900 5088 in
929 5051 985 5092 se
1012 5040 1290 5100 demersos
1326 5059 1382 5103 et
1412 5048 1555 5103 ultra
1588 5051 1732 5107 vires
1759 5056 2041 5122 cruciant,
2104 5070 2159 5114 et
2185 5032 2278 5118 eis.
2298 5065 2425 5120 vita:

849 5124 1142 5184 subsidium
1168 5136 1561 5206 exstinguenda
1590 5151 1851 5197 servant:
1884 5153 1944 5199 ut
1986 5148 2065 5202 sic
2111 5150 2279 5205 vitam
2312 5161 2422 5208 ter-

848 5216 1023 5274 minus
1063 5220 1217 5277 ﬂniat
1246 5266 1262 5291 ,
1305 5222 1574 5296 quatenus
1615 5248 1831 5304 semper
1872 5237 1991 5292 sine
2028 5240 2261 5296 termino
2293 5258 2419 5298 cru-

850 5304 1017 5361 ciatus
1047 5310 1234 5379 vivat;
1268 5319 1392 5384 quia
1423 5328 1478 5374 et
1509 5322 1574 5375 ad
1605 5322 1768 5378 ﬁnem
1794 5341 1893 5395 per
1922 5336 2192 5385 tormenta
2223 5346 2420 5403 prope-

851 5402 966 5457 rat,
997 5404 1053 5451 et
1083 5400 1203 5455 sine
1232 5402 1338 5459 ﬂne
1362 5407 1620 5465 deﬁciens
1680 5415 1859 5468 durat.
1891 5416 1981 5471 Fit
2027 5436 2158 5492 ergo
2200 5400 2419 5481 miseris

850 5494 989 5571 mors
1034 5489 1153 5543 sine
1193 5504 1400 5561 morte,
1442 5498 1565 5556 ﬂnis
1593 5502 1712 5558 sine
1741 5502 1877 5570 ﬁne,
1908 5489 2150 5566 defectus
2177 5514 2294 5568 sine
2325 5516 2417 5571 de-

848 5569 983 5675 fectu
1083 5582 1209 5650 quia
1242 5593 1298 5639 et
1328 5602 1474 5644 mors
1503 5591 1673 5657 vivit,
1704 5603 1759 5649 et
1788 5569 1911 5652 ﬂnis
1940 5614 2157 5671 semper
2184 5604 2412 5675 incipit,

848 5666 901 5712 et
925 5663 1158 5725 deiicere
1184 5671 1427 5730 detectus
1453 5680 1643 5736 nescit.
1663 5681 1834 5743 Erant
1859 5699 1991 5757 ergo
2019 5663 2163 5749 nunc
2187 5663 2413 5752 luxuriae

1236 5764 1509 5832 Psrnon.
1542 5774 1781 5837 CXLV.

2530 4594 2935 4667 Seripturarnm
2982 4603 3132 4659 disce
3172 4618 3568 4676 consequenter
3613 4623 3669 4668 et
3732 4618 3981 4673 ordinem
4036 4638 4123 4678 re-

2529 4702 2668 4741 rum.
2722 4688 2878 4747 Prius
2935 4694 3080 4749 enim
3132 4696 3219 4751 lex
3275 4701 3553 4767 scribitur,
3614 4705 3811 4761 deinde
3872 4710 4109 4768 historia

2528 4780 2729 4833 texitur
2773 4780 3057 4850 Judicum,
3107 4798 3386 4856 postremo
3434 4792 3573 4848 liber
3614 4797 3836 4865 ponitur
3866 4800 4119 4871 Regum;

2526 4873 2786 4940 quoniam
2851 4876 2941 4930 hic
2998 4878 3194 4933 divinte
3250 4880 3388 4951 legis
3443 4886 3701 4941 mandata
3756 4891 4071 4958 perlicimus
4103 4936 4119 4958 .

2530 4967 2874 5032 postmodum
2918 4969 2982 5023 ad
3016 4967 3282 5036 judicium
3326 4976 3618 5044 venimus;
3666 4980 3734 5035 ad
3775 4993 4120 5051 extremum,

2532 5055 2576 5109 si
2607 5072 2769 5110 causa
2801 5074 2907 5114 non
2940 5061 3102 5132 783
3135 5064 3417 5130 dissonat,
3445 5084 3569 5123 cum
3601 5071 3822 5129 Christo
3853 5076 3971 5132 sine
4012 5078 4123 5135 ﬂne

2530 5160 2839 5215 regnannts.
2892 5148 2956 5201 lli
3006 5165 3304 5218 proventus
3350 5155 3611 5213 afferendi
3662 5174 3791 5217 sunt
3835 5175 4118 5237 segetum.

2530 5236 2619 5303 qui
2653 5235 2967 5295 coelestibus
2997 5242 3210 5298 horreis
3241 5244 3566 5305 inferantur.
3600 5251 3738 5307 Vitis
3782 5235 3944 5323 plane
3973 5258 4017 5312 si
4049 5260 4122 5313 sit

2527 5327 2680 5383 ferax
2720 5345 2981 5398 uvarum,
3032 5345 3228 5390 cuncta
3271 5340 3535 5405 praecellit
3560 5344 3782 5405 arbusta
3810 5348 4070 5403 silvarum
4103 5367 4117 5416 ;

2526 5422 2610 5476 sin
2652 5436 2783 5477 vero
2821 5423 2895 5478 sit
2931 5427 3133 5481 sterilis
3155 5467 3171 5492 ,
3203 5431 3417 5486 caeteris
3453 5431 3733 5501 judicatur
3762 5438 4027 5508 ahjectior
4055 5457 4123 5498 ac

2523 5514 2684 5570 vilior
2724 5530 2846 5571 esse
2893 5518 3163 5589 virgultis.
3210 5520 3365 5578 Unde
3420 5534 3537 5591 est,
3571 5528 3716 5595 quod
3764 5529 3833 5583 ad
3876 5532 4116 5601 prophe-

2525 5614 2635 5661 tam
2676 5607 2861 5663 divina
2906 5624 3011 5664 vox
3044 5610 3121 5665 ait
3155 5629 3168 5665 :
3200 5632 3219 5665 ‹
3253 5612 3355 5667 Fili
3387 5614 3655 5683 hominis,
3687 5618 3817 5687 quid
3850 5619 3940 5676 ﬂet
3971 5620 4120 5693 ligno

2522 5698 2651 5756 vitis
2679 5714 2746 5757 es
2776 5700 3029 5758 omnibus
3068 5703 3234 5775 lignis
3272 5719 3555 5763 nemorum
3637 5724 3760 5779 qua!
3802 5722 3931 5767 sunt
3974 5713 4121 5770 inter
