5882 6646
1125 444 1227 501 πθ

2060 480 2064 484 ,
2138 425 2379 487 OPUSC.
2419 424 2504 482 LI.
2542 453 2614 469 ——
2647 423 2738 481 DE
2775 420 2939 481 VITA
2967 417 3384 478 EREMETICA.

4283 416 4390 475 750

1121 568 1283 628 porro
1312 551 1529 606 civitate
1576 554 1798 604 sanctus
1826 544 1913 600 ille
1936 540 2137 598 Tobias
2180 540 2359 595 aiebat
2404 556 2416 592 :
2472 556 2489 589 ς
2517 536 2699 592 Porta:
2725 540 3033 605 Autroque
3063 534 3339 607 procedat.
3382 531 3495 591 Illic
3522 531 3825 588 videbimus
3863 532 4133 602 quomodo
4161 531 4241 597 is,
4294 532 4392 601 qui

1121 641 1454 700 Hierusalem
1474 654 1541 694 ex
1569 637 1823 708 sapphiro
1851 644 1907 688 et
1949 631 2237 701 smaragdo
2256 628 2698 692 aedilicabuntur;

1117 741 1173 788 et
1192 745 1261 785 ex
1288 729 1463 798 lapide
1493 726 1727 795 pretioso
1753 722 1931 777 omnis
1958 720 2218 776 circuitus
2246 731 2523 771 murorum
2546 717 2695 787 ejus;

1117 838 1185 881 ex
1214 822 1392 891 lapide
1413 818 1642 873 candido
1688 823 1741 869 et
1770 814 1971 868 mundo
1995 824 2182 866 omnes
2208 808 2399 879 plateae
2422 808 2539 879 ejus
2561 817 2699 861 ster-

1116 920 1351 973 nentur;
1386 915 1441 961 et
1470 920 1565 973 per
1600 903 1745 957 vicos
1784 903 1899 971 ejus
1928 899 2142 954 alleluia
2182 897 2493 951 cantabitur
2537 894 2693 965 (Tob.

1115 999 1260 1068 xm).
1300 1015 1320 1048 ι
1366 996 1442 1048 De
1476 993 1575 1046 hac
1600 1000 1655 1046 et
1677 990 1915 1045 Joannes
1945 990 2062 1042 ait:
2097 1005 2116 1038 ι
2153 986 2293 1053 Quia
2317 984 2544 1055 singulae
2571 997 2698 1052 por-

1114 1100 1182 1146 tae
1217 1087 1338 1156 ejus
1367 1095 1526 1139 erant
1556 1098 1621 1136 ex
1652 1083 1880 1153 singulis
1903 1078 2214 1148 margaritis
2235 1117 2248 1141 ,
2282 1086 2337 1131 et
2361 1076 2536 1145 platea
2563 1075 2697 1129 civi-

1114 1177 1241 1233 tatis
1271 1190 1465 1230 aurum
1497 1173 1754 1227 mundum
1782 1211 1797 1236 ,
1836 1179 2094 1238 tanquam
2132 1168 2333 1221 vitrum
2362 1165 2699 1236 perlucidum

1109 1267 1299 1339 (Apoc.
1351 1264 1484 1332 xxi).
1520 1282 1539 1314 ι
1601 1262 1677 1316 De
1702 1276 1806 1329 qua
1864 1260 2030 1313 etiam
2064 1272 2189 1312 mox
2217 1256 2452 1324 adjecit:
2511 1271 2530 1303 ‹
2561 1254 2701 1320 Quia

1110 1374 1222 1413 non
1250 1366 1377 1425 eget
1402 1353 1548 1419 sole,
1580 1365 1753 1421 neque
1782 1351 1943 1415 luna;
1975 1349 2068 1405 sed
2092 1348 2315 1403 claritas
2363 1346 2455 1400 Dei
2498 1344 2701 1400 illumi—

1108 1449 1265 1505 nabit
1288 1463 1412 1503 eam
1433 1486 1449 1511 ,
1506 1455 1561 1499 et
1586 1444 1805 1498 lucerna
1834 1442 1952 1513 ejus
1979 1448 2062 1496 est
2090 1455 2260 1511 agnus
2291 1438 2503 1509 (.Ibid.).
2538 1456 2557 1489 ι
2622 1436 2699 1490 lbi

1107 1550 1380 1613 prmterea
1408 1545 1601 1589 natura
1628 1535 1885 1599 humana,
1909 1547 2029 1601 quae
2050 1532 2239 1586 vitiata
2266 1529 2461 1594 fuerat,
2492 1528 2701 1583 cunctis

1106 1629 1427 1699 passionum
1458 1624 1799 1693 squaloribus
1828 1622 2085 1677 defaecata
2123 1619 2404 1687 tripudiat,
2433 1628 2486 1671 et
2508 1630 2700 1685 azyma

1103 1717 1282 1780 facta,
1323 1716 1379 1769 in
1404 1729 1516 1768 sua:
1563 1712 1821 1782 puritatis
1874 1720 2035 1777 atque
2069 1708 2402 1761 sinceritatis
2435 1706 2697 1759 munditia

1103 1814 1445 1878 perseverat.
1474 1804 1607 1857 Cum
1632 1802 1824 1871 spiritu
1853 1800 2141 1870 siquidem.
2167 1808 2220 1853 et
2248 1813 2378 1852 caro
2400 1797 2699 1864 spiritualis

1100 1898 1246 1952 facta
1268 1938 1281 1961 ,
1325 1894 1652 1956 concordat;
1687 1906 1750 1945 ac
1792 1898 1935 1944 totus
1971 1890 2131 1942 homo
2158 1888 2239 1942 sui
2276 1886 2584 1941 Conditoris
2612 1900 2702 1938 ar-
2729 1879 2777 1938 B

1101 1990 1269 2044 bitrio
1290 1987 1347 2040 in
1373 1985 1517 2039 nullo
1544 1985 1756 2050 penitus
1788 1982 2048 2035 dissonat.
2104 1980 2254 2032 Tunc
2282 1977 2533 2046 impletur
2558 1976 2701 2045 quod

1098 2094 1324 2149 sponsa:
1339 2089 1572 2145 sponsus
1604 2074 1906 2140 eloquitur:
1941 2090 1958 2121 ‹
1998 2069 2361 2137 Veni,sponsa
2394 2083 2530 2131 mea,
2566 2077 2719 2122 lem-4

1099 2181 1203 2236 pus
1226 2165 1529 2234 putationis
1543 2163 1760 2215 advenit
1779 2159 2055 2229 (Cant.tt).
2079 2178 2097 2210 ι
2132 2157 2393 2211 Surculus
2407 2157 2549 2210 enim
2572 2170 2696 2209 cum

1096 2265 1350 2329 putatur,
1385 2262 1696 2310 remanente
1726 2252 1866 2320 quod
1896 2252 2025 2305 utile
2054 2259 2167 2314 est,
2194 2250 2527 2303 abscinditur
2558 2247 2699 2317 quod

1095 2347 1439 2419 superﬂuum
1478 2354 1580 2399 est.
1610 2343 1701 2397 Sic
1730 2358 1796 2395 ex
1844 2342 2075 2395 humana
2120 2349 2310 2393 natura
2370 2348 2554 2392 manet
2580 2338 2700 2407 qui-

1092 2433 1223 2492 dem
1280 2448 1449 2489 omne
1516 2432 1659 2501 quod
1720 2431 1980 2484 Conditor
2049 2429 2218 2493 fecit;
2276 2428 2480 2482 tollitur
2504 2437 2699 2484 autem

1093 2528 1244 2599 quod
1268 2522 1524 2581 diabolus
1552 2523 1777 2591 addidit.
1803 2521 1912 2575 Illic
1934 2535 2129 2575 arcana
2156 2519 2489 2589 singulorum
2514 2528 2700 2587 patent

1091 2617 1274 2672 oculis
1303 2616 1571 2670 omnium.
1595 2611 1706 2666 Illic
1728 2611 1969 2664 omnium
1995 2619 2203 2663 mentes
2225 2610 2277 2662 in
2302 2606 2701 2662 mutubamoris

1091 2708 1305 2762 unione
1336 2703 1603 2767 conllatae,
1633 2701 1778 2756 nulla
1804 2702 2032 2757 invicem
2061 2700 2323 2754 varietate
2351 2700 2696 2760 dissentiunt;

1090 2799 1194 2856 sed
1237 2801 1294 2852 in
1324 2795 1602 2852 communi
1632 2792 1924 2848 voluntatis
1947 2792 2125 2846 studio
2149 2806 2339 2845 omnes
2374 2790 2702 2843 unanimiter

1090 2890 1470 2947 foederantur.
1502 2886 1658 2954 Apud
1689 2900 1786 2938 nos
1807 2926 1819 2947 ,
1872 2899 1995 2938 cum
2027 2899 2130 2936 una
2167 2881 2436 2936 festivitas
2472 2882 2698 2946 colitur,

1082 2981 1267 3036 altera
1316 2994 1430 3034 non
1475 2978 1737 3039 habetur;
1772 2973 1881 3027 illic
1911 2978 2088 3027 autem
2116 2973 2357 3026 omnium
2391 2971 2703 3026 solenmita-

1091 3080 1213 3124 tum
1250 3082 1479 3136 semper
1508 3075 1592 3121 est
1629 3073 1949 3119 coacervata
1979 3062 2186 3127 lmtitia,
2214 3063 2339 3131 quia
2366 3062 2437 3115 illi
2462 3078 2700 3131 praesen-

2801 644 3067 699 nusquam
3092 630 3264 694 deest,
3288 642 3393 683 non
3418 642 3517 698 per
3535 636 3736 697 partes,
3762 624 3858 681 sed
3883 633 4026 678 totus
4048 621 4244 692 ubique
4265 632 4353 678 est
4370 661 4385 685 .

2800 719 3070 791 quomodo
3098 718 3264 773 etiam
3290 716 3408 773 lleri
3434 702 3739 787 possit,'ut
3781 722 3838 768 et
3878 712 4124 767 intendat
4160 710 4391 781 singulis

2802 822 3062 883 tanquam
3120 819 3281 865 vacet
3325 796 3747 873 ab‘universis;
3803 804 4053 860 intendat
4121 802 4393 857 universis

2800 913 3063 975 tanquam
3092 910 3313 957 vacet’a
3342 902 3606 971 singulis;
3633 897 3907 969 quomodo
3935 898 4005 961 is,
4032 896 4124 964 qui
4152 893 4394 951 cmicsti-

2798 998 2901 1053 bus
2962 995 3311 1066 praeeminet,
3344 993 3523 1064 abyssi
3557 991 3908 1065 fundamenta
3948 985 4393 1065 sustentet;qui

2799 1064 2987 1143 mundi
3028 1086 3219 1141 intima
3248 1090 3540 1154 penetrat,
3579 1080 3852 1150 quomodo
3890 1078 4161 1134 exteriora
4190 1064 4394 1132 cuncta

2800 1156 3131 1233 circumdat:
3172 1175 3286 1230 Illic
3328 1174 3515 1231 odoris
3544 1173 3788 1229 suavitas
3819 1179 4139 1226 cunctorum
4177 1164 4398 1222 excedit

2799 1269 2946 1323 vires
2989 1255 3300 1322 aromatum
3328 1305 3343 1331 ,
3385 1279 3603 1319 omnem
3646 1270 3870 1332 superat
3916 1258 4273 1330 fragrantiam
4303 1256 4396 1326 pi-

2801 1369 3167 1431 gmentorum.
3205 1357 3318 1412 Illic
3349 1356 3633 1411 beatorum
3661 1369 3822 1408 aures
3840 1351 4177 1407 harmonica:
4207 1348 4395 1404 dulce-

2801 1452 2943 1506 dinis
2963 1464 3168 1520 organa
3191 1447 3423 1502 melodia
3445 1445 3804 1516 permulcent.
3826 1443 3940 1497 Illic
3961 1441 4133 1512 pratis
4152 1436 4397 1509 jucunda

2801 1540 2935 1596 satis
2965 1537 3287 1593 amoenitate
3334 1534 3724 1597 vernantibus,
3767 1531 4055 1586 candentia
4090 1528 4203 1583 lilia
4250 1543 4397 1583 nun-

2800 1645 2962 1701 quam
2987 1628 3275 1692 deeidunt,
3308 1639 3557 1694 rosaeque
3592 1636 3877 1693 purpureae
3902 1634 4025 1673 cum
4064 1615 4277 1672 croceis
4297 1615 4398 1669 llo-

2801 1719 2953 1774 ribus
2998 1732 3104 1771 non
3153 1723 3513 1769 marcescunt.
3576 1712 3645 1767 Et
3695 1720 3841 1765 certe
3902 1709 3971 1765 de
4018 1706 4109 1762 illa
4154 1705 4397 1762 caelestis

2805 1808 3140 1863 Hierusalem
3164 1803 3500 1860 beatitudine
3520 1802 3849 1873 sempiterna
3895 1796 4399 1868 incomparabiliter

2804 1898 2925 1968 plus
2942 1906 3029 1952 est
3050 1898 3105 1951 in
3138 1911 3195 1951 re
3220 1909 3383 1965 quam
3439 1906 3593 1946 mens
3616 1891 3786 1959 possit
3810 1890 4045 1944 humana
4074 1886 4395 1957 concipere;

2804 1988 2925 2059 plus
2965 1995 3144 2040 mente
3196 1984 3501 2052 concipitur
3547 1995 3711 2050 quam
3746 1978 3871 2033 ullis
3916 1976 4263 2032 sermonibus
4302 1990 4397 2028 ex-

2803 2081 3054 2151 plicetur.
3097 2076 3237 2143 Quid
3270 2090 3401 2145 ergo
3431 2074 3583 2145 plura
3625 2074 3690 2128 de
3731 2071 3835 2125 illis
3876 2072 4160 2125 beatorum
4190 2068 4399 2123 civium

2804 2172 3014 2240 gaudiis
3060 2167 3321 2238 eloquar?
3359 2164 3806 2235 Quandoquidem
3839 2177 4024 2218 eorum
4068 2160 4399 2215 felicissima:

2804 2262 3071 2316 voluntati
3124 2268 3317 2313 cuncta
3372 2270 3596 2327 prorsus
3636 2259 3905 2307 elementa
3958 2251 4303 2315 deserviunt,
4344 2256 4403 2303 et

2805 2362 2998 2408 cuncta
3029 2350 3096 2404 ad
3127 2363 3315 2402 eorum
3348 2356 3559 2410 nutum,
3585 2345 3767 2399 omnia
3794 2344 3861 2396 ad
3890 2356 4079 2395 eorum
4113 2346 4401 2395 vertuntur

2804 2442 3110 2497 arbitrium.
3134 2439 3271 2494 Vera
3293 2438 3489 2507 quippe
3511 2445 3595 2491 est
3617 2436 3884 2490 sententia
3906 2432 3993 2486 illa
4027 2446 4134 2501 qua
4156 2430 4355 2485 dicitur
4378 2446 4394 2482 :

2812 2552 2830 2585 ι
2856 2532 3047 2588 Omnia
3079 2545 3417 2601 quaecunque
3446 2529 3615 2583 voluit
3639 2527 3919 2590 Dominus,
3948 2524 4077 2579 fecit
4100 2524 4150 2577 in
4181 2522 4321 2578 ctelo
4344 2531 4403 2577 et

2805 2627 2860 2681 in
2907 2635 3086 2685 terra;
3142 2623 3195 2675 in
3244 2620 3382 2675 mari
3429 2629 3484 2673 et
3536 2620 3591 2674 in
3645 2618 3899 2672 omnibus
3948 2615 4156 2685 abyssis
4219 2611 4396 2685 (Psal.

2805 2717 3047 2785 cxxxtv).
3090 2732 3108 2764 ›
3148 2713 3216 2766 Ει
3250 2713 3397 2780 quod
3444 2711 3512 2765 de
3543 2711 3722 2779 capite
3768 2707 4001 2769 dicitur,
4041 2708 4109 2761 de
4138 2704 4401 2759 membris

2805 2821 3025 2877 quoque
3056 2804 3200 2858 illius
3224 2804 3445 2871 dignum
3471 2811 3556 2855 est
3582 2810 3640 2853 ut
3670 2800 3944 2852 credatur.
3970 2795 4139 2851 llis'tc
4162 2794 4397 2868 gaudiis,

2806 2894 3134 2951 venerabilis
3185 2907 3379 2955 soror,
3442 2891 3585 2944 Deus
3641 2888 3988 2957 omnipotens
4048 2886 4400 2949 introducat,

2808 2988 3032 3056 ipseque
3062 2983 3159 3038 tibi
3201 2980 3272 3038 Sit
3299 2981 3615 3051 praemium,
3648 2994 3771 3033 cum
3795 2979 4055 3041 assumit,
4097 2977 4189 3044 qni
4221 2974 4404 3030 factus

2807 3086 2891 3129 est
2916 3074 3185 3143 pretium,
3220 3086 3345 3125 cum
3397 3070 3649 3123 redemit.
3695 3066 4029 3122 Commenda
4074 3081 4157 3119 me
4185 3064 4396 3135 Moysi,

1087 3171 1177 3218 tes
1217 3162 1527 3221 assistunt,
1569 3157 1661 3227 qui
1701 3156 2109 3211 solemnitatutn
2141 3162 2267 3209 sunt
2314 3155 2502 3223 procul
2540 3154 2701 3207 dubio
2738 3196 2769 3227 ζ
2809 3175 2864 3219 ει
2907 3166 3089 3217 Aaron
3130 3162 3357 3215 ducibus
3386 3160 3491 3213 ιυξε
3516 3198 3531 3224 ,
3578 3158 3783 3213 sanctis
3822 3156 4075 3213 γωριίρει
4128 3155 4292 3208 Vim;
4344 3161 4403 3208 οι

1086 3267 1289 3307 causa.
1335 3251 1504 3305 Deest
1542 3222 1649 3301 illic
1692 3247 2024 3316 ignorantia,
2071 3245 2222 3299 deest
2255 3222 2693 3313 itnpossibilitas;
2729 3222 2773 3283 δ
2805 3254 3089 3324 Rodulpho
3134 3252 3466 3321 presbyteris
3495 3222 3641 3319 (26);
3674 3248 3766 3319 qui
3808 3247 4063 3303 videlicet
4110 3245 4400 3310 noverint.

1086 3342 1221 3411 quia
1275 3341 1335 3395 in
1394 3338 1560 3408 786
1603 3336 1917 3404 Sapientia,
1967 3334 2051 3388 cui
2108 3333 2243 3386 uniti
2290 3344 2455 3397 sunt,
2505 3341 2698 3387 cuncta

1083 3430 1313 3495 sciunt;
1360 3428 1419 3481 in
1444 3428 1821 3494 Otnnipotcnte
1845 3422 2025 3476 omnia
2055 3430 2298 3492 possunt.
2324 3420 2436 3475 Illic
2465 3422 2699 3475 revelata

1083 3519 1236 3579 facie
1307 3513 1695 3576 contuebitnur
1729 3554 1744 3581 ,
1794 3512 2066 3582 quomodo
2135 3512 2297 3565 Pater
2354 3510 2701 3566 ineil'abiliter

1082 3608 1298 3667 Filium
1378 3609 1618 3679 gignat,
1700 3606 1971 3676 quomodo
2043 3602 2282 3673 Spiritus
2348 3612 2571 3658 sanctus
2632 3617 2698 3657 ex

2804 3345 2934 3413 quia
2975 3343 3211 3404 idcirco,
3244 3349 3435 3394 contra
3473 3354 3678 3394 morem
3718 3338 3993 3407 epistolae,
4030 3336 4216 3391 titulos
4244 3334 4397 3391 inse-

2807 3437 3038 3499 ruimus,
3068 3442 3129 3488 ut
3154 3430 3422 3486 inelimati
3471 3438 3634 3499 atque
3656 3430 3851 3498 prolixi
3873 3428 3996 3499 styli
4021 3427 4218 3498 duplex
4241 3425 4396 3482 fasti-

2805 3527 2955 3582 dium
2986 3526 3311 3581 levaremus.

3138 3610 3219 3667 Sit
3256 3626 3445 3665 nomen
3476 3608 3687 3664 Domini
3718 3606 4067 3662 benedictum.

1160 3782 1287 3852 (26)
1333 3781 1416 3836 De
1458 3780 1624 3836 Vitnli
1675 3788 1733 3833 et
1778 3780 2063 3851 Rodulplto
2112 3779 2233 3834 vide
2277 3776 2559 3848 epistolam
2596 3776 2678 3846 lt.
2715 3774 2838 3829 libri
2869 3789 2921 3827 ν.

1080 3947 4379 3983 ,_______________.._____._______._____________——————.

1168 4066 1570 4141 787-788
1607 4084 2012 4190 oeuso
2030 4082 2387 4189 ULUM
2482 4076 3248 4203 QUINOUAGE
3267 4079 3687 4184 SIMUM
3727 4076 4296 4184 PRIMUM.

1805 4292 1915 4351 DE
1954 4291 2151 4352 VITA
2194 4288 2664 4362 EREMITICA,
2708 4287 2814 4348 ET
2858 4286 3253 4377 PROBATIS
3294 4286 3701 4349 EBEMITIS.

1081 4590 1521 4671 Angustum»:
1548 4614 1619 4671 --_-
1640 4584 1949 4665 :I‘euzonem
1978 4586 2325 4671 monachum,
2359 4599 2485 4638 mox
2515 4584 2806 4665 sanctitate
2838 4583 3100 4671 insignem
3124 4624 3139 4646 ,
3166 4582 3258 4652 qui
3288 4583 3357 4639 ab
3382 4599 3404 4637 a

2069 4586 2331 4671 naclium,
2359 4599 2485 4638 mox
2515 4584 2806 4665 sanctitate
2838 4583 3100 4671 insignem
3113 4582 3258 4671 hqui
3288 4583 3357 4639 ab
3382 4584 3578 4665 abbate
3608 4584 3935 4665 dissentiens
3954 4626 3968 4649 ,
3996 4601 4029 4640 e
4058 4589 4392 4645 monasterio

1150 4660 1534 4716 discesserat,
1564 4664 1620 4709 et
1640 4654 1815 4722 ipsum
1844 4663 2089 4708 sanctum
2118 4654 2416 4720 doctorem,
2442 4654 2534 4721 qui
2563 4669 2666 4705 una
2699 4670 2819 4708 cum
2852 4654 3043 4708 eodem
3075 4654 3271 4708 abbate
3296 4663 3353 4707 ut
3379 4669 3474 4707 eos
3514 4654 3744 4708 invicem
3773 4657 4190 4721 reconciliaret,
4232 4658 4299 4711 ad
4328 4674 4392 4716 se

1149 4734 1433 4804 venerat,
1461 4734 1599 4804 post,
1616 4724 1813 4777 multas
1835 4724 2209 4804 contumelias,
2244 4724 2459 4804 tandem
2487 4723 2671 4804 ecella
2695 4723 2923 4804 expulit,
2942 4723 3429 4804 mansuetudinem
3455 4732 3511 4804 e‘t
3543 4725 3867 4789 modestiam
3905 4727 4201 4781 traducere
4226 4740 4397 4784 cona-

1153 4807 1293 4861 tur;
1335 4796 1479 4875 dum
1506 4793 1555 4873 ei
1588 4803 1749 4874 tanta:
1774 4796 2040 4875 superbia:
2068 4809 2267 4875 causas
2301 4802 2358 4847 et
2379 4793 2828 4875 .fontesexponit
2860 4811 2871 4846 :
2903 4793 3163 4847 nimirum
3190 4832 3204 4853 .
3240 4794 3384 4875 quod
3416 4793 3517 4847 sub
3550 4793 3747 4848 nullius
3777 4795 4060 4863 disciplina
4084 4838 4098 4859 ,
4138 4797 4233 4851 sed
4267 4808 4392 4853 tan-

1153 4808 1293 4861 tur;
1335 4808 1479 4875 dum
1506 4808 1555 4873 ei
1588 4808 1749 4874 tanta:
1774 4808 2040 4863 superbia:
2068 4809 2267 4873 causas
2301 4808 2358 4847 et
2379 4808 2577 4875 .tontes
2603 4808 2828 4859 exponit
2860 4811 2871 4846 :
2903 4808 3163 4847 nnmrum
3190 4832 3204 4853 .
3281 4808 3384 4847 nou
3416 4808 3517 4847 suo
3550 4808 3747 4848 nunms
3777 4808 4060 4863 disciplina
4084 4838 4098 4859 ,
4138 4808 4232 4851 sed
4267 4808 4392 4853 tan-

1151 4880 1337 4948 quam
1371 4862 1483 4948 sibi
1506 4878 1605 4948 ipsi
1636 4872 1937 4948 praeceptor
1956 4904 1971 4927 ,
1998 4874 2314 4948 monasticae
2341 4873 2466 4948 vitae
2494 4863 2798 4948 institutum
2825 4872 3065 4948 sectatus
3090 4879 3105 4928 ;
3132 4808 3386 4948 quodque
3406 4904 3419 4927 ,
3451 4865 4274 4948 cumcremitamprofiteretur
4293 4908 4308 4929 ,
4336 4872 4394 4925 in

1151 4932 1353 4993 media
1385 4941 1573 5007 tamen
1602 4932 1734 4986 urbe
1784 4940 1840 4985 et
1882 4932 2605 5007 saeculariummultitudine
2645 4934 2810 4986 vitam
2833 4932 3178 5007 _traduceret.
3223 4932 3426 5007 Igitur,
3455 4948 3521 5007 ne
3559 4934 3839 5007 singulare
3870 4932 4085 4989 vivendi
4111 4952 4283 5007 genus
4308 4955 4397 4995 se-

1149 5014 1401 5079 quatur,
1438 5001 1898 5082 admonet}.un
1926 5018 2089 5073 quam
2112 5002 2475 5082 perniciosum
2505 5002 2608 5068 sit,
2632 5001 3413 5082 monachorum__quo_rumdam
3441 5003 3584 5058 tristi
3605 5001 3755 5057 eiitu
3788 5004 4002 5073 probat.
4038 5001 4397 5063 Discretionis

1148 5070 1411 5157 quoque
1444 5070 1605 5157 fregto.
1634 5070 1964 5157 cohibendas
1993 5070 2125 5157 esse
2144 5073 2534 5157 monachorum
2576 5073 2819 5157 actiones
2848 5070 3104 5157 ostendit.
3145 5074 3224 5154 Ac
3250 5073 3465 5154 demum
3486 5115 3499 5137 ,
3548 5088 3618 5128 ne
3671 5070 3954 5157 de'seipso
3998 5084 4105 5129 tam
4136 5076 4398 5145 praeclare

1149 5140 1613 5227 sentiens,‘ali‘9s
1639 5150 1971 5227 cpntem'tjat,
1989 5143 2309 5227 ’ῆι-1010801
2338 5145 2696 5227 quorumdam
2722 5153 2851 5227 ante
2877 5142 3065 5197 oculos
3086 5144 3260 5227 ponit,
3291 5143 3385 5224 qui
3425 5152 3607 5197 tamen
3627 5140 4028 5227 _modestissimi
4070 5140 4228 5199 erant
4252 5186 4267 5211 ,
4291 5161 4395 5202 nec

1149 5158 1449 5227 sentiens,
1480 5158 1613 5195 altos
1639 5158 1971 5207 contemnat,
2001 5158 2309 5223 Virtutes'et
2338 5158 2696 5223 quorumdam
2722 5158 2851 5197 ame
2877 5158 3065 5197 OCUIOS
3124 5158 3260 5207 onn,
3291 5158 3383 5211 qut
3425 5158 3607 5197 tamen
3640 5158 4028 5199 modestissimi
4070 5158 4228 5199 erant
4252 5186 4267 5211 ,
4291 5161 4394 5202 nec

1148 5214 1485 5345 ἲξτξὲξέοδξ
1502 5209 1817 5335 ﬁgegfmﬁ'
2117 5221 2174 5268 υ(
2203 5226 2256 5269 ⁸⁸
2280 5212 2607 5269 Ῐλ¹³¹Π¹¹¹ί³ίί⁵
2632 5213 2943 5283 “emplum
2972 5158 3234 5282 PFT—gem:
3268 5213 3482 5268 Veniam
3506 5214 3575 5268 ab
3605 5213 3699 5270 illo
3727 5214 3890 5284 petit,
3914 5216 3960 5270 si
3990 5216 4121 5285 Quid
4143 5216 4394 5285 asperius

1174 5296 1423 5344 ῠῑιαεεο
1452 5296 1485 5334 a
1510 5296 1569 5334 SC
1600 5296 1807 5335 motum
1838 5296 2109 5337 νιαθίιιιιτ.

1151 5421 1392 5479 Domno
1455 5411 1693 5469 Tanaum
1720 5414 1961 5470 eremitae
1985 5414 2200 5473 Penus
2222 5421 2480 5487 peccator
2516 5427 2703 5472 mona-
2725 5424 2780 5485 Ι)
2804 5416 3058 5487 stringat.
3094 5413 3231 5469 Nam
3258 5414 3385 5471 dum
3416 5414 3635 5471 sibimet
3661 5416 3814 5486 quasi
3843 5429 3911 5471 ex
3942 5417 4142 5473 virtute
4178 5416 4390 5487 patien-

1075 5509 1226 5569 chus
1256 5502 1625 5565 resumendae
1650 5504 1935 5561 charitatis
1961 5506 2232 5563 aculeum.
2807 5506 2897 5561 tia:
2949 5503 3224 5571 consulit,
3283 5504 3434 5576 lapso
3480 5505 3635 5561 fratri
3688 5507 3982 5562 salutiferae
4034 5510 4395 5579 correptionis

1148 5598 1351 5656 linus
1386 5608 1459 5651 se
1486 5593 1788 5664 proximum
1820 5610 2008 5651 amare
2034 5596 2408 5663 convincitur,
2448 5597 2541 5669 qui
2572 5612 2698 5667 pero
2806 5612 3029 5653 manum
3077 5596 3359 5666 porrigere
3407 5598 3781 5667 parvipendit;
3830 5598 4068 5668 dumque
4114 5601 4393 5669 patientia

1073 5690 1209 5748 lata
1251 5682 1519 5745 Iasionis
1547 5683 1803 5754 iniuriam
1842 5686 2001 5742 sicin
2045 5696 2324 5743 auctorem
2354 5687 2698 5758 expostulare
2806 5687 4393 5753 immoderatzedeservit,imminutzecharitatissententiam

1072 5778 1419 5843 dissimulat
1442 5815 1463 5845 ,
1502 5783 1559 5834 ut
1584 5776 1804 5835 omnino
1845 5792 1903 5834 se
1949 5777 2049 5834 sub
2085 5778 2285 5838 silentii
2312 5791 2540 5839 censura
2568 5792 2698 5838 con-
2804 5797 2915 5840 non
2941 5781 3147 5840 evadit.
3192 5780 3309 5839 Non
3354 5782 3498 5840 enim
3532 5782 3661 5839 dicit
3683 5783 3972 5840 Dominus:
4002 5782 4058 5840 Si
4082 5784 4391 5854 peccaverit
