5882 6636
122 15 2215 266 Vx

2508 518 2603 578 75t
2969 516 3027 570 S.
3055 512 3260 570 PETRI
3289 505 3567 567 DAMIANI
3603 503 3754 563 OPP.
3795 500 4030 561 ’1⁸011ῐῖ5
4061 499 4192 559 SEU
4229 497 4410 556 PARS
4444 497 4531 556 111.
4565 525 4636 541 -
4658 496 5018 555 OPUSCL'LA
5054 494 5287 554 VARIA.
5633 495 5733 554 753

2507 645 2562 698 in
2619 649 2668 694 te
2700 637 2842 705 quis,
2870 642 3051 702 patere
3093 638 3145 683 et
3173 639 3321 691 tace;
3376 623 3488 685 sed,
3518 629 3562 677 si
3591 619 3895 692 peccaverit
3917 619 3970 672 in
3994 626 4068 681 te,
4107 623 4148 678 Α
4179 625 4291 670 tum
4320 628 4402 670 est
4443 626 4622 671 utrum
4649 617 4759 686 ipse
4787 614 5116 671 Romualdus
5161 625 5253 670 aut
5301 623 5424 668 tunc
5471 616 5733 669 exstiterit

2505 730 2702 799 inquit,
2727 726 2892 778 frater
2913 732 3052 781 tuus,
3097 717 3228 769 vade
3253 725 3305 770 et
3329 714 3537 780 corripe
3553 727 3699 772 eum,
3748 721 3804 762 ut
3830 707 4074 761 videlicet

2507 795 2786 885 correptus
2823 814 2888 866 ad
2914 827 3007 866 cor
3030 811 3301 868 redeat.et
3325 799 3985 872 corrigensquoderravit.
4007 795 4071 848 ad

2501 912 2643 981 ejus,
2670 906 2810 960 unde
2839 900 3194 972 pessundatus
3223 897 3418 956 fuerat,
3454 907 3643 945 rursus
3671 890 3952 943 charitetis
3975 886 4073 939 celo

2501 977 2793 1055 situdinetn
2820 989 3177 1045 convalescat.
3203 987 3338 1039 Sunt
3365 982 3624 1048 siquidem
3648 979 3773 1039 duo,
3810 977 3991 1042 lapsus
4021 981 4075 1027 et

2499 1086 2684 1141 laesus.
2719 1079 2968 1135 Charitas
2997 1090 3143 1144 ergo,
3173 1088 3290 1141 qua:
3320 1072 3456 1124 inter
3480 1078 3764 1133 utrumque
3796 1064 4071 1129 diiudicat,

2498 1175 2581 1230 sic
2629 1171 2789 1226 debet
2812 1167 3032 1235 iustitia:
3067 1166 3244 1216 lances
3280 1158 3577 1230 appendere
3603 1199 3614 1213 .
3648 1157 3727 1208 sic
3755 1155 4076 1206 inconcusso

2501 1262 2759 1318 examine
2781 1256 3046 1326 aequitatis
3078 1255 3215 1306 inter
3255 1266 3345 1303 eos
3378 1249 3496 1314 jura
3526 1260 3761 1307 servare,
3813 1252 4076 1310 quatenus

2499 1369 2609 1408 non
2640 1352 2798 1405 modo
2827 1347 3034 1403 enixius
3062 1330 3292 1405 studeat,
3321 1356 3386 1395 ne
3409 1341 3586 1401 laesus,
3620 1335 3763 1405 quod
3787 1335 3946 1391 absit.
3980 1346 4076 1399 per

2501 1438 2895 1512 impatientiam
2944 1443 3177 1496 corruat,
3235 1445 3395 1498 quam
3451 1437 3508 1482 ut
3551 1441 3647 1495 per
3690 1421 4078 1478 satisfactionis

2502 1532 2681 1604 digna:
2723 1524 3136 1587 commercium,
3188 1532 3240 1576 et
3289 1523 3336 1576 is
3374 1533 3588 1590 quoque
3624 1517 3714 1585 qui
3754 1515 3932 1583 lapsus
3960 1521 4072 1576 est,

2505 1629 2716 1694 surgat.

3022 1701 3246 1759 CAPUT
3280 1695 3566 1756 PRIMUM.

4175 714 4412 768 sanctus,
4445 706 4528 759 vel
4557 721 4698 759 nunc
4723 707 4790 759 sit
4830 707 4881 757 in
4915 706 5164 772 paradiso
5203 716 5463 772 receptus.
5521 704 5585 757 Et
5613 705 5730 760 licet

4175 805 4360 846 contra
4403 795 4560 847 fidem
4609 795 4767 848 totius
4805 793 5058 847 Ecclesia;
5094 804 5394 848 nostrarum
5431 794 5729 860 provincia-

4178 899 4293 934 rum
4344 884 4456 936 hrec
4514 886 4580 937 de
4633 896 4818 939 sancto
4874 885 4990 937 viro
5034 886 5256 953 quaestio
5311 884 5729 939 movereturzad

4177 975 4522 1026 astruendam
4554 982 4730 1027 tamen
4761 974 4929 1043 partis
4956 983 5154 1027 nostrae
5182 973 5653 1034 ses:tentiam,illos
5678 974 5728 1026 in

4179 1063 4545 1115 testimonium
4581 1075 4797 1118 sanctus
4820 1063 5163 1125 adscivimus,
5192 1078 5414 1130 quo.mn
5443 1062 5726 1115 celeberri-

4180 1169 4263 1205 ma
4315 1161 4366 1205 et
4391 1163 4544 1205 vetns
4566 1155 4745 1220 ()pisric
4769 1157 4927 1206 etiam
4953 1154 5090 1221 apud
5123 1153 5354 1220 plebeios
5375 1152 5637 1220 quoslibet
5677 1159 5728 1203 ct

4182 1248 4393 1314 ignaros
4417 1255 4606 1296 nutare
4639 1262 4742 1296 non
4771 1247 4937 1313 possit
4967 1264 4978 1296 :
5011 1245 5240 1299 Leonem
5285 1245 5544 1304 videlicet,
5575 1253 5728 1310 atque

4180 1336 4516 1404 Gregorium,
4551 1336 4876 1388 Citlt‘lS‘illlltm
4899 1336 5025 1387 olim
5055 1335 5307 1387 ltomanm
5345 1334 5483 1386 sedis
5522 1333 5727 1385 antisti-

4181 1437 4278 1488 tes,
4311 1444 4535 1497 quorum
4567 1429 4785 1496 quidem
4833 1424 4970 1480 alier'
5006 1425 5306 1479 authentico
5343 1438 5599 1476 canonum
5640 1422 5730 1474 de-

4179 1529 4324 1569 creta
4355 1517 4682 1585 prmuulgat;
4719 1517 4854 1568 alter
4883 1516 5175 1569 Ecclesium
5207 1513 5495 1582 perspicuis
5524 1528 5585 1565 ac
5612 1525 5728 1578 pro-

4181 1604 4360 1659 fundis
4388 1609 4619 1659 cii-lcstis
4660 1608 4977 1673 eloquentia!
5002 1607 5238 1657 fontibus
5264 1604 5465 1672 irrigat.
5506 1602 5607 1653 Sed
5655 1599 5732 1653 his

4182 1700 4491 1760 nominatis,
4526 1698 4852 1750 tantumdem
4881 1707 4981 1749 est.
5021 1695 5152 1748 Nam
5179 1705 5227 1747 et
5259 1710 5415 1761 super
5440 1692 5521 1744 his
5549 1690 5732 1744 nihilo-

5871 147 5882 240 l

2576 1825 2760 1881 Albiso
2791 1830 2838 1876 et
2865 1820 2930 1874 Β.
2965 1818 3149 1872 Petrus
3181 1813 3466 1866 Dominum
3499 1826 3610 1862 cum
3648 1817 3844 1875 quanta
3885 1813 4004 1857 sunt
4184 1794 4359 1845 minus
4390 1792 4616 1858 qiuestio
4643 1792 4946 1857 geminatur
4979 1803 4991 1839 :
5024 1786 5141 1852 Quo
5188 1795 5340 1854 pacto
5377 1785 5494 1849 quis
5536 1793 5730 1836 certum

2829 1891 3125 1957 difﬁcultate
3165 1888 3300 1936 ἱηιτα
3335 1883 3490 1933 “me”
3524 1879 3757 1929 αάηιίδείο
4185 1891 4394 1944 teneat,
4430 1897 4604 1934 utrum
4634 1891 4687 1934 et
4720 1882 4803 1932 isti
4844 1881 4973 1932 tales
5016 1878 5148 1931 [ueri

3410 1897 3490 1933 ιειι
3524 1879 3757 1929 αάηιίδείο
4185 1891 4394 1944 teneat,
4430 1897 4604 1934 utrum
4634 1891 4687 1934 et
4720 1882 4803 1932 isti
4844 1881 4973 1932 tales
5016 1878 5251 1940 fuerint,
5298 1877 5487 1942 quibus
5514 1875 5627 1927 sine
5655 1888 5733 1926 re-

2579 1984 2683 2037 PCI‘
2730 1980 2966 2049 Ῐοιιὲῖυτε
3006 1986 3054 2029 ιο
3103 1975 3403 2042 ίεηοιδτυιιι
3451 1969 3729 2037 regionum
3782 1964 3932 2025 106³,
3983 1974 4074 2030 Per
4105 1974 4146 2032 Β
4180 1973 4500 2022 tractatione
4560 1971 4754 2022 delicat
4796 1969 4924 2021 tiles
4960 1967 5370 2026 accommodari,
5423 1966 5531 2016 site
5579 1963 5732 2015 etiam

2505 2072 2802 2146 praecipitia
2852 2067 3110 2121 ηιοηιίυηὶ
3137 2105 3150 2128 ν
3186 2077 3279 2131 PCI'
3325 2075 3516 2114 8³105³
3550 2058 3761 2123 Alpium
3812 2060 4080 2122 Ρτιιϊυυῑτι
4185 2061 4328 2127 digni
4355 2061 4460 2111 sint
4486 2059 4624 2111 intra
4656 2067 4962 2111 Sanctorum
4994 2057 5293 2125 catalugum
5327 2053 5647 2124 percenseri.

2509 2145 2882 2235 quaesivimus,
2915 2154 3126 2209 tandem
3182 2159 3245 2204 ad
3293 2149 3514 2219 januam
3561 2147 3926 2214 pertingentes
3965 2150 4085 2208 post
4800 2145 5023 2200 (ςΛιιιλΤ
5066 2145 5125 2198 ιι,

2509 2232 2679 2313 multa
2704 2262 2918 2322 precum
2940 2245 3155 2314 quidem
3185 2251 3512 2301 nostrarum,
3539 2247 3748 2289 tuarum
3776 2241 3955 2285 autem
3984 2246 4080 2282 vo—
4227 2236 4426 2288 Rursus
4471 2247 4678 2303 ηιειηηε
4719 2254 4832 2302 (μυί

3378 2254 3512 2301 rum,
3539 2247 3748 2289 tuarum
3776 2241 3955 2285 autem
3984 2246 4080 2282 νο-
4227 2236 4426 2288 Rursus
4471 2247 4678 2303 uterque
4719 2253 4869 2302 qimn
4913 2238 5175 2288 inhoneste
5215 2232 5401 2300 fuerint
5437 2232 5701 2285 eliminati.

2515 2347 2723 2402 lumina
2744 2340 3172 2399 altercatiunum,
3195 2348 3316 2386 cum
3337 2333 3452 2400 jam
3471 2329 3650 2397 lapsus
3673 2339 3806 2394 pene
3828 2323 4084 2376 deficeret
4255 2327 4494 2391 (ςυιιμμιυ
4529 2327 4639 2377 ιΙίυυ
4664 2334 4716 2378 ει
4747 2326 4838 2379 πελ,

3410 2347 3452 2384 gn
3471 2329 3650 2397 lapsus
3673 2339 3806 2394 pene
3828 2323 4084 2376 deficeret
4255 2327 4494 2391 Cumque
4529 2327 4639 2377 luet:
4664 2334 4716 2378 et
4747 2326 4844 2379 alia
4893 2325 5038 2392 plura
5081 2324 5132 2376 in
5163 2322 5620 2377 sermucinatiouis
5652 2322 5733 2375 de-

2511 2435 2734 2507 spiritus
2755 2473 2768 2495 ,
2799 2433 2889 2483 vix
2920 2428 3132 2481 demum
3164 2434 3418 2492 tanquam
3445 2416 3737 2487 importuni
3764 2413 3953 2480 capitis
3983 2411 4083 2465 bo-
4184 2432 4343 2470 cursu
4373 2416 4708 2483 itttpttdt'lllrr
4739 2416 5049 2478 mitterent,
5099 2430 5216 2482 qure
5251 2430 5354 2467 non
5394 2413 5548 2465 modo
5597 2413 5736 2465 illum

2511 2500 2688 2582 mines
2741 2517 2960 2573 admissi
3024 2529 3209 2568 sumus
3271 2510 3542 2579 (dominus
3589 2505 3732 2559 enim
3780 2500 3914 2556 mihi
3958 2507 4085 2552 ιυιιο
4188 2501 5739 2572 fructumiedificatiouis,adquemgliscebamus,atfeirent,

2515 2616 2705 2672 Albizo
2726 2606 3084 2674 adhaerebat);
3114 2604 3302 2658 intenti
3325 2612 3506 2655 autem
3535 2607 3717 2652 etnon
3747 2592 4087 2648 mediocriter
4188 2599 4279 2651 sed
4325 2611 4712 2664 supervacuam
4764 2595 4942 2662 potius
4983 2593 5456 2664 interminabilium
5499 2593 5738 2660 quastio-

2514 2703 2656 2760 avidi
2682 2697 3046 2754 :ediﬁcationis
3083 2695 3401 2748 documenta
3424 2688 3725 2756 suscipere,
3753 2682 4000 2752 protinus
4032 2681 4087 2733 in
4188 2705 4317 2742 num
4346 2687 4627 2756 caliginem
4659 2702 4837 2754 gener:

3424 2688 3725 2756 suscipere,
3753 2682 4000 2752 protinus
4032 2681 4087 2733 in
4188 2705 4317 2742 num
4346 2687 4627 2756 caliginem
4659 2695 5007 2754 generarent;
5039 2687 5250 2740 tandem
5286 2687 5579 2742 recidentes
5620 2687 5736 2739 illud

2515 2796 2634 2866 ipso
2661 2798 2858 2846 mutua:
2900 2783 3269 2841 collocationis
3299 2781 3520 2835 exordio
3549 2777 3720 2832 coacti
3753 2789 3939 2828 sumus
3965 2771 4088 2839 jur-
4189 2795 4294 2849 quo
4317 2780 4512 2832 dicitur
4542 2795 4554 2831 ;
4593 2797 4610 2830 ι
4653 2776 4838 2831 γρτδυε

3415 2781 3520 2833 rdio
3549 2777 3720 2832 coacti
3753 2789 3939 2828 sumus
3965 2771 4088 2839 jur-
4189 2795 4294 2849 quo
4317 2780 4512 2832 dicitur
4542 2795 4554 2831 :
4593 2797 4610 2830 ι
4653 2776 4886 2832 Verbum
4913 2777 5278 2832 abbreviatuni
5310 2778 5466 2832 faciet
5494 2777 5738 2830 Dominus

2513 2861 2682 2953 giosis
2721 2877 3043 2951 quibusdam
3082 2873 3514 2929 contentionibus
3555 2867 3858 2931 deservire;
3899 2873 3952 2920 et
3997 2861 4087 2933 qui
4192 2870 4324 2941 (lmi
4352 2872 4427 2939 ι),
4470 2889 4486 2921 ι
4526 2870 4678 2938 quasi
4713 2869 4781 2923 de
4804 2884 4836 2933 si

3419 2874 3514 2927 bus
3555 2867 3858 2931 deservire;
3899 2873 3952 2920 et
3997 2861 4087 2933 qui
4192 2870 4324 2941 (lsai
4352 2872 4427 2939 x),
4470 2889 4486 2921 ι
4526 2870 4678 2938 quasi
4713 2869 4781 2923 de
4804 2869 5040 2936 spumosi
5070 2867 5559 2936 ntarisprocL‘llosis
5584 2865 5742 2918 turbi-

2518 2970 2881 3046 gestiebamus
2925 2965 2994 3023 de
3048 2962 3314 3034 spirituali
3351 2953 3649 3016 certamine
3694 2955 3913 3010 subtilia
3941 2970 4089 3021 quan
4193 2964 4348 3014 "ibus
4371 2970 4733 3030 emergentes,
4771 2959 4836 3012 ad

3420 2953 3649 3014 t'tamille
3694 2955 3913 3010 summa
3941 2970 4089 3021 ίιυλεπ
4193 2964 4348 3014 nibus
4371 2970 4733 3030 emergentes,
4771 2959 4836 3012 ad
4887 2959 4982 3012 tuti
5031 2967 5218 3026 portus
5259 2957 5432 3011 sinuin
5481 2957 5742 3024 appliiare

2514 3045 2640 3125 dam
2693 3075 2748 3120 et
2793 3061 3001 3118 occulta
3048 3060 3313 3113 discutere
3341 3095 3354 3118 ,
3398 3055 3486 3106 vix
3534 3050 3750 3104 tandem
3784 3045 4093 3101 suffecimus
4195 3052 4518 3111 ειηιςιυξηιηε,
4559 3053 4773 3104 dumde
4797 3052 4837 3103 ει

3420 3055 3486 3106 rix
3534 3050 3750 3104 tandem
3784 3045 4093 3101 δυσϐεὶιιιυε
4195 3052 4518 3111 szuduitnus,
4559 3054 4684 3103 dum
4708 3053 4773 3104 de
4797 3052 5083 3112 cliaritate,
5123 3050 5174 3102 in
5206 3064 5305 3118 qua
5349 3048 5486 3101 nulla
5530 3049 5743 3117 quzrstio

2513 3159 2800 3230 perplexas
2829 3151 3150 3222 quaestiones
3183 3158 3343 3215 atque
3380 3143 3595 3198 inutiles
3639 3149 3954 3209 arroganter
3993 3138 4093 3191 ob-
4197 3145 4496 3206 videbatur,
4532 3142 4707 3194 adorsi
4739 3157 4940 3194 sumus.
4973 3141 5099 3194 Erat
5128 3143 5320 3208 quippe
5345 3141 5479 3192 inter
5504 3148 5552 3190 te
5576 3148 5628 3192 et
5658 3139 5748 3190 ab-

2511 3229 2724 3322 iectas,
2759 3247 2950 3312 ineptae
2997 3239 3239 3294 videlicet
3267 3238 3376 3290 litis
3417 3234 3692 3287 materiam
3738 3230 4088 3299 propulsare:
4197 3234 4371 3285 batetn
4433 3233 4505 3285 tui
4562 3232 4870 3284 monasterii
4951 3245 5055 3284 non
5141 3229 5352 3284 ferenda
5408 3229 5646 3283 simultas
5697 3235 5745 3281 ε’

2517 3313 2715 3409 ἒιυῐρρθ
2745 3345 3168 3388 οοῐινεηθιτιηιυδ
3196 3328 3361 3381 Ellam
3382 3366 3396 3388 ν
3427 3323 3508 3376 νει
3539 3322 3762 3375 Paullum
3808 3322 3992 3372 Videre
4036 3318 4088 3370 in
4121 3313 4163 3371 C
4200 3323 4498 3374 inveterata
4529 3319 4820 3374 discordia.
4863 3319 4954 3373 llle
4989 3319 5150 3388 igitur
5175 3328 5353 3390 utpote
5381 3319 5462 3370 vir
5493 3318 5656 3380 mitis,
5689 3330 5749 3370 ac

2519 3443 2704 3486 eremo
2753 3424 3027 3481 humiliter
3057 3420 3353 3473 latitantem
3379 3457 3393 3481 ,
3433 3415 3571 3469 citra
3609 3427 3757 3482 spem
3799 3412 4096 3480 reperimus
4200 3412 4458 3480 simplicis
4485 3411 4668 3472 animi,
4701 3426 4842 3479 spon:

3433 3415 3571 3469 citra
3609 3427 3757 3482 spem
3799 3412 4096 3480 reperimus
4200 3412 4458 3480 simplicis
4485 3411 4668 3472 animi,
4701 3411 5078 3479 sponsionibus
5109 3411 5219 3464 suis
5251 3420 5438 3464 cuncta
5466 3411 5637 3476 digna:
5667 3421 5749 3460 sa-

2520 3515 2918 3590 quodammodo
2959 3511 3312 3565 Xenocratem
3344 3507 3398 3560 in
3430 3504 3710 3574 gymnasio
3741 3501 4096 3572 grandiloque
4200 3503 4520 3556 tisfuctiouis
4569 3510 4622 3555 et
4670 3502 4843 3555 ιιιιιηίιῑ

3430 3504 3710 3574 gymnasio
3741 3501 4096 3572 grandiloque
4200 3503 4520 3556 tisfactionis
4569 3510 4622 3555 et
4670 3501 4986 3556 humilitatis
5027 3501 5150 3570 jura
5197 3500 5549 3559 transcendit,
5593 3495 5751 3566 790

2518 3609 2686 3682 789
2714 3611 3134 3677 proponentem:
3175 3599 3282 3652 imo
3323 3597 3516 3665 quibus
3560 3609 3712 3646 mens
3752 3600 3872 3644 erat
3908 3590 4094 3643 imita-
4199 3604 4253 3646 et
4281 3609 4376 3646 nos
4400 3591 4662 3661 sequestri
4690 3591 4906 3644 fmderis
4934 3591 5071 3644 inter
5123 3606 5180 3645 se
5224 3600 5278 3643 et
5327 3599 5376 3643 te
5417 3599 5753 3642 exsecutores

2525 3678 2692 3756 tio—nis
2726 3696 2899 3767 gratia
2929 3706 3123 3761 agnum
3152 3689 3467 3758 conspicere
3494 3686 3701 3745 mitem,
3733 3681 3966 3734 ferocem
3999 3693 4095 3746 po-
4203 3685 4452 3738 insumit,
4481 3684 4676 3736 verum
4704 3697 4801 3736 ηοε
4825 3683 4848 3735 ιι

3430 3702 3467 3740 '8
3494 3686 3701 3745 mitem,
3733 3681 3966 3734 ίετοεειιι
3999 3693 4095 3746 Ρο-
4203 3685 4452 3738 instituit.
4481 3684 4676 3736 Verum
4704 3697 4801 3736 nos
4825 3683 4948 3735 dum
4981 3683 5168 3736 alienis
5193 3682 5440 3735 amicitiis
5461 3678 5753 3733 inconsulte

2526 3787 2636 3849 tius
2661 3766 2872 3844 taurum
2910 3782 3237 3837 incurrimus
3275 3776 3530 3832 cornibus
3572 3770 3879 3826 immaniter
3922 3767 4096 3820 venti-
4201 3773 4564 3834 consulimus,
4599 3772 4649 3825 in
4709 3771 5046 3840 implacabile
5097 3771 5276 3826 odium
5324 3770 5518 3838 proprii
5565 3766 5756 3835 capitis

2522 3876 2904 3936 lantem.lnter
2928 3874 3068 3942 ipsas
3093 3881 3269 3924 tamen
3291 3866 3645 3936 qumstionum
3670 3859 4102 3914 contentionutn-
4201 3863 4435 3918 devoluti
4467 3877 4652 3916 sumus
4677 3875 4692 3913 :
4725 3863 4852 3929 quin
4891 3862 5067 3928 potius
5095 3863 5145 3914 in
5175 3860 5490 3914 oblatrantis
5517 3858 5753 3927 Charyb-

2523 3989 2628 4045 que
2655 3969 3007 4026 densissimas
3028 3962 3340 4034 grandines.
3369 3969 3527 4029 Ρΐουι
3557 3956 3805 4017 licuerat.
3837 3951 3983 4004 milis
4013 3948 4100 4002 ille
4201 3957 4283 4008 dis
4310 3954 4449 4006 latus
4473 3953 4782 4015 incidimus,-
4812 3953 4903 4019 qui
4932 3967 5030 4006 nos
5074 3951 5309 4020 Scyllam:
5345 3949 5606 4017 voraginis
5627 3964 5754 4001 nan-

2525 4038 2846 4133 predicator
2867 4055 2934 4111 ad
2964 4053 3274 4108 meltloriam
3300 4048 3631 4110 recurrebalv.
3655 4044 3839 4098 dicens
3865 4062 3877 4094 ἐ
3915 4059 3933 4092 ι
3957 4039 4101 4094 διυΙο
4201 4043 4431 4112 fragium
4461 4043 4696 4094 evasisse
4725 4040 5078 4092 credebamus
5115 4058 5126 4091 :
5160 4041 5352 4093 dehinc
5377 4040 5556 4107 paucis
5604 4038 5754 4106 quasi

2531 4129 2636 4219 tas,
2681 4150 2877 4219 inquit,
2920 4156 2974 4200 et
3016 4146 3130 4198 sine
3169 4140 3448 4209 disciplina
3500 4135 3830 4204 quzesuones
3878 4131 4057 4185 devita
4086 4168 4099 4186 .
4205 4133 4505 4188 rationibus
4541 4132 4852 4186 ίινιοοιίοιιιιω

3432 4154 3448 4190 ι
3500 4135 3830 4204 (ιυωειίοιιθε
3878 4131 4057 4185 devita
4086 4168 4099 4186 ς
4205 4133 4505 4188 rationibus
4541 4131 4979 4186 irrationabiliter
5006 4131 5245 4193 redditis,
5300 4129 5684 4198 etcuntjuigiu
5705 4139 5755 4182 et

2531 4218 2710 4301 sciens
2745 4218 2869 4308 quia
2921 4241 3179 4304 generant
3217 4231 3366 4293 lites;
3412 4242 3625 4281 servum
3669 4232 3848 4276 autem
3891 4218 4103 4273 Domini
4205 4226 4764 4294 iimoreimpaiic..icr
4791 4223 4854 4276 οι]

3430 4242 3625 4281 νει-νυιη
3669 4232 3848 4276 autem
3891 4218 4103 4273 Domitii
4205 4228 4399 4280 timore
4424 4226 4764 4294 impatienter
4791 4223 4990 4285 effusis,
5023 4223 5086 4275 ad
5121 4224 5320 4276 ttabale
5347 4223 5546 4276 scilicet
5578 4225 5753 4276 odium

2530 4352 2639 4392 non
2669 4340 2880 4402 oportet
2911 4330 3137 4397 litigare,
3167 4324 3258 4378 sed
3292 4330 3630 4376 mansuetum
3667 4329 3786 4370 esse
3814 4314 3880 4367 ad
3915 4325 4105 4366 omnes
4207 4337 4309 4374 ηοη
4335 4319 4700 4383 malignum",
4739 4319 4829 4371 sed

3430 4330 3630 4374 suetum
3667 4329 3786 4370 esse
3814 4314 3880 4367 ad
3915 4325 4105 4366 οιηηεε
4207 4337 4309 4374 non
4335 4319 4700 4383 evellendum,
4739 4319 4829 4371 sed
4866 4317 5077 4371 enixius
5121 4315 5494 4376 radicandum;
5547 4313 5753 4366 tandem

2531 4426 2616 4498 (II
2656 4424 2790 4478 Tim.
2824 4419 2906 4488 n).
2943 4438 2960 4470 ι
2996 4417 3058 4470 Et
3085 4417 3275 4470 iterum
3303 4429 3314 4463 :
3346 4430 3363 4463 ι
3395 4409 3508 4462 Noli
3533 4407 3709 4462 verbis
3739 4403 4100 4459 contendere:
4203 4428 4301 4480 per
4341 4410 4671 4464 semicinmiu
4709 4423 4854 4462 mm

3440 4409 3508 4462 Oli
3533 4407 3709 4462 verbis
3739 4403 4100 4459 (ἐοιιῑθηάοτθε
4203 4428 4301 4480 per
4341 4410 4671 4464 semicinCtia
4709 4409 4964 4476 correpti.
4995 4406 5259 4461 violenter
5307 4403 5675 4466 excindimar,
5707 4410 5758 4457 et

2534 4493 2666 4572 nihil
2687 4515 2829 4568 enim
2858 4509 2984 4563 utile
3016 4515 3125 4569 est.
3177 4505 3280 4558 niSi
3332 4503 3398 4556 ad
3434 4498 3838 4555 ευδνθτείοηθηι
3873 4493 4101 4546 ίλυάίεη-
4205 4517 4313 4572 pra:
4335 4503 4601 4555 damnatis
4634 4499 4836 4551 furibus
4861 4497 5125 4552 familiare
5170 4495 5486 4562 colloquium
5537 4493 5758 4546 ulterius

2533 4608 2667 4660 tium
2694 4599 2900 4672 (lbid.).
2941 4616 2956 4646 ι
2997 4594 3126 4648 lllud
3162 4607 3374 4662 quoque
3402 4605 3504 4644 non
3536 4601 3756 4658 prorsus
3783 4585 4098 4639 exciderat:
4133 4647 4181 4672 ῃ
4209 4608 4311 4646 μοι,
4344 4606 4635 4644 meremur.
4675 4589 4837 4657 Digna

3437 4605 3504 4644 οη
3536 4601 3756 4658 prorsus
3783 4585 4098 4639 θιείάεΐθιε
4133 4647 4181 4672 h
4209 4608 4311 4646 non
4344 4606 4635 4644 meremur.
4675 4589 4837 4657 Digna
4871 4587 5124 4640 nimirum
5166 4584 5363 4638 ultione
5411 4580 5648 4643 multati,
5705 4590 5759 4634 ut

2537 4718 2554 4749 ί
2591 4695 2825 4751 Profana
2881 4699 3060 4743 autem
3117 4695 3171 4739 Cl
3193 4701 3326 4739 vana
3379 4683 3589 4751 eloquia
3631 4679 3848 4732 devita:
3877 4675 4102 4728 multum
4134 4672 4181 4706 υ
4210 4683 4301 4751 qui
4335 4683 4386 4732 in
4414 4680 4854 4733 ευιιιιιιριιιιηιιιιςε

3432 4683 3589 4751 uquia
3631 4679 3806 4732 devita
3834 4691 3848 4728 ε
3877 4675 4102 4728 multum
4134 4672 4181 4706 υ
4210 4683 4301 4751 qui
4335 4683 4386 4732 in
4414 4680 4854 4733 conuueudamlze
4891 4676 5173 4729 rltarilatis
5210 4674 5410 4727 crimen
5445 4672 5755 4726 incidimus.

2533 4791 2678 4842 enim
2721 4782 3008 4854 proficiunt
3052 4779 3116 4832 ad
3155 4779 3485 4845 impietatem
3529 4767 3737 4839 (Ibid-)-
3777 4787 3796 4820 ι
3843 4766 3998 4828 Haec.
4051 4773 4106 4818 et
4213 4781 4267 4825 et
4288 4768 4429 4839 quod
4459 4770 4509 4821 in
4534 4768 4829 4820 homicidas
4860 4767 5049 4820 durum
5075 4775 5174 4827 est,
5202 4771 5451 4832 perpetuo
5475 4759 5760 4831 digniodio

2534 4851 2842 4944 ltltjttSttiOdi
2881 4869 3033 4922 nobis
3077 4869 3236 4920 tacite
3279 4861 3713 4924 conferentibus,
3763 4857 3888 4911 illud
3939 4855 4105 4908 etiam
4214 4873 4578 4913 censerentur,
4616 4857 4857 4909 Υρτιιιηιε

3439 4861 3713 4924 rentibus.
3763 4857 3888 4911 Ῐηυά
3939 4855 4105 4908 etiam
4214 4873 4578 4913 censeremur.
4616 4857 4994 4909 Verumtamen
5019 4871 5084 4908 ne
5119 4855 5183 4907 de
5225 4853 5306 4906 bis
5352 4851 5536 4905 leviter
5591 4851 5759 4904 ridere

4215 4951 4510 5011 videamur,
4545 4965 4661 5017 qtae
4693 4947 4792 5015 piis
4825 4946 5088 5000 mentibus
5119 4945 5351 4996 fraterna
5376 4951 5496 4995 sunt
5523 4955 5760 5008 compas-

0 6411 845 6636 »μ

2537 4986 2658 5024 eum
2689 4965 2875 5020 eodem
2901 4960 3174 5029 Apostolo,
3203 4959 3436 5011 clamoso
3460 4955 3691 5025 quodam
3716 4951 3948 5014 silentio,
3978 4964 4107 5003 con-

2535 5057 2761 5113 scientia
2788 5052 3180 5122 respondebat:
3217 5071 3231 5100 ‹
3274 5048 3329 5102 Si
3364 5048 3504 5116 quis,
3535 5047 3776 5112 inquam,
3829 5043 3939 5094 vult
3979 5054 4106 5094 con—

2537 5149 2798 5200 tentiosus
2821 5158 2956 5204 esse,
3010 5157 3106 5195 nos
3152 5137 3454 5207 hujusnmdi
3500 5132 3947 5190 consuetudinem
3997 5144 4105 5184 non

2541 5237 2800 5291 habemus
2829 5235 2876 5301 (1
2904 5234 3023 5286 Cor.
3054 5232 3148 5300 xi).
3189 5252 3206 5283 ι
3249 5232 3384 5297 Quid
3416 5230 3564 5298 plura
3589 5228 3610 5280 ?
3640 5226 3877 5281 Tandem
3904 5239 4024 5278 cum
4054 5221 4106 5276 in

2543 5341 2692 5382 arcto
2753 5327 2909 5396 positi
2959 5324 3326 5391 multiplicium
3374 5323 3737 5392 objectionum
3782 5318 4111 5371 vallaremur

2543 5419 2829 5489 angustiis,
2858 5416 2944 5469 ubi
2973 5415 3324 5469 ratiocinandi
3345 5415 3495 5481 copia
3526 5421 3811 5481 suppetere
3838 5411 4016 5472 desiit,
4042 5407 4110 5462 ad

2546 5517 2853 5563 sanctorum
2885 5522 3005 5560 mox
3028 5505 3270 5573 exempla
3294 5505 3628 5572 confugimus
3648 5546 3661 5567 ,
3702 5511 3752 5556 ut
3782 5503 3886 5556 illis
3918 5501 4106 5556 saltcm

2548 5598 2682 5652 fides
2718 5598 2978 5652 habeatur
3033 5611 3258 5665 quorum
3298 5597 3589 5650 auctoritas
3631 5598 3696 5649 ad
3738 5594 4108 5664 probationem

2548 5687 2913 5756 cujuscunque
2943 5687 3138 5755 negotii
3168 5688 3545 5740 incunctanter
3571 5686 3895 5739 admittitur.
3944 5684 4108 5737 Cum-

2546 5794 2654 5849 que
2682 5792 2844 5846 super
2887 5778 3114 5843 quodam
3155 5777 3562 5845 disceptationis
3612 5776 3838 5830 articulo
3891 5784 4112 5830 sanctus

2553 5866 2881 5924 Romualdus
2903 5867 2954 5921 in
2983 5866 3342 5924 testiinonium
3374 5868 3678 5934 duceretur,
3703 5875 3896 5938 praesto
3922 5867 4115 5937 quaesi-

4215 5043 4365 5095 sione
4419 5038 4669 5108 legenda,
4749 5039 5040 5091 illltOlICSlZB
5091 5032 5419 5090 confusionis
5483 5031 5758 5086 historiam

4212 5134 4487 5202 hucusque
4519 5131 4858 5185 contexuisse
4887 5128 5135 5182 subiciat.

4827 5240 5050 5296 CAPUT
5085 5238 5170 5292 111.

4215 5337 4365 5403 Quod
4393 5335 4657 5390 monachis
4686 5333 4738 5385 in
4767 5333 4890 5384 urbe
4919 5332 5235 5454 :torantibus
5262 5329 5570 5396 arrogantia:
5599 5338 5760 5380 tamcr

4887 5418 4915 5454 ο
4955 5412 5112 5454 rapat.

4887 5412 5112 5471 obrepat.

4281 5498 4432 5552 Nunc
4460 5497 4599 5550 unde
4619 5494 4708 5548 tibi
4736 5493 4889 5561 hujus
4909 5494 5059 5565 origo
5082 5492 5334 5548 morbida:
5368 5488 5501 5542 tabis
5513 5489 5756 5556 obrepse-

4212 5593 4311 5654 rit,
4339 5589 4711 5641 tantummodo
4739 5593 4790 5639 te
4820 5585 4863 5639 si
4896 5584 4966 5638 sit
4993 5582 5244 5654 possibile
5269 5579 5451 5633 audire
5481 5579 5755 5648 patienter,

4211 5694 4311 5749 ego
4341 5693 4446 5732 non
4479 5676 4746 5746 gravabor
4772 5687 5057 5744 exponere.
5107 5671 5256 5725 Nulla
5306 5667 5562 5736 siquidem
5603 5664 5754 5720 disci-

4213 5772 4359 5841 plina
4381 5812 4394 5835 ,
4431 5780 4489 5824 ut
4508 5768 4731 5830 dicitur,
4762 5768 5072 5822 monasticae
5113 5762 5464 5819 institutionis
5516 5761 5721 5813 attritus
5742 5793 5755 5818 ,

4216 5863 4316 5918 sub
4344 5862 4486 5916 nulla
4510 5859 4770 5927 majorum
4803 5858 5039 5915 custodia
5072 5864 5393 5919 maceratus,
5422 5853 5475 5908 in
5505 5854 5616 5920 ipso
5641 5863 5757 5903 con-
