5882 6608
933 432 1030 492 753

1939 430 2183 488 UPUSC.
2226 426 2309 484 LI.
2341 455 2411 467 —
2440 424 2530 481 DE
2571 420 2728 482 VITA
2769 424 3162 481 EREMITICA.

4086 422 4195 477 75‘

928 545 1189 601 versionis
1220 559 1372 599 nova:
1402 544 1651 599 tironicio
1699 542 1874 599 adhuc
1914 548 2082 599 durus
2154 556 2209 597 et
2260 541 2465 611 rigidus
2486 578 2500 603 ,
2531 547 2582 603 Α
2606 537 2776 594 lustra
2803 554 2910 593 non
2945 538 3170 608 prodiit,
3204 532 3297 591 sed
3332 549 3507 606 neque
3534 535 3757 606 capillos
3790 536 4053 603 totondit,
4096 553 4199 593 ne-

931 635 1090 702 bujns
1117 634 1378 702 propositi
1416 635 1517 687 iter
1545 632 1835 702 arripiens,
1878 641 2003 686 ante
2052 633 2263 700 cwpisti
2313 630 2508 685 docere

930 740 1087 794 quam
1117 724 1353 786 discere,
1408 722 1560 791 prius
1592 724 1907 791 depromere
1950 738 2110 791 quam
2144 722 2320 789 legum
2356 734 2509 773 man-

926 817 1047 870 data
1084 829 1329 868 servare.
1388 813 1504 868 Huc
1544 815 1753 869 accedit
1783 815 1924 883 quod
1974 813 2308 868 eremiticam
2340 811 2504 866 vitam

922 920 1027 961 non
1052 904 1104 957 in
1143 916 1330 957 eremo
1356 941 1371 965 ,
1410 902 1503 956 sed
1537 903 1677 955 intra
1708 903 1979 972 populoszr.
2002 902 2151 953 urbis
2184 902 2378 956 moenia
2407 901 2505 954 du-

922 1008 1043 1047 cere
1072 991 1361 1046 decrevisti
1387 1007 1399 1049 ;
1427 990 1513 1043 ubi
1548 992 1801 1043 nimirum
1826 990 2082 1059 quidquid
2109 1004 2136 1041 a
2163 988 2502 1057 tantmagni-

922 1080 1008 1134 fici
1042 1080 1279 1133 nominis
1305 1090 1528 1132 auctore
1549 1078 1877 1147 praecipitur,
1910 1078 1987 1131 sic
2029 1078 2347 1146 arripiatur,
2379 1086 2500 1131 tan-

916 1187 1076 1239 quam
1092 1172 1133 1223 si
1151 1186 1180 1222 a
1196 1170 1447 1239 Sibyllino
1461 1169 1605 1223 aditu
1626 1169 1861 1223 vaticinii
1880 1169 2157 1221 oraculum
2177 1176 2445 1236 reportetu
2455 1184 2497 1221 r.

918 1261 1045 1323 Sel,
1072 1275 1281 1329 quaeso.
1314 1260 1357 1313 si
1388 1260 1684 1312 monachus
1708 1271 1786 1319 es,
1810 1258 1939 1326 quid
1970 1259 2063 1311 tibi
2096 1272 2217 1309 cum
2244 1258 2501 1311 urbibus?

921 1349 977 1402 Si
1004 1349 1257 1411 eremita,
1286 1348 1413 1416 quid
1455 1347 1546 1399 tibi
1573 1362 1693 1399 cum
1716 1347 1910 1399 civium
1939 1347 2167 1400 cuneis?
2190 1346 2327 1411 Quid
2353 1348 2498 1400 enim

918 1437 1085 1499 cellas.
1113 1439 1197 1492 vel
1231 1438 1344 1491 fora
1369 1438 1688 1505 strepentia,
1717 1437 1802 1493 vel
1830 1440 2023 1491 turrita
2052 1438 2341 1492 conferunt
2377 1453 2499 1506 pro-

918 1528 1444 1596 pugnaculaiEuim
1478 1542 1605 1580 vero
1651 1528 1775 1595 qui,
1829 1539 2083 1597 tanquam
2123 1529 2498 1583 deficientibus

917 1618 1083 1679 silvis,
1108 1618 1454 1671 solitudinem
1490 1618 1542 1671 in
1568 1619 1794 1671 urbibus
1838 1628 2107 1685 qumrunt.
2169 1620 2298 1688 quid
2353 1619 2497 1675 aliud

915 1706 1244 1761 credendum
1289 1718 1395 1771 est,
1446 1706 1549 1760 nisi
1598 1707 1740 1775 quod
1791 1707 2046 1760 solitariae
2074 1706 2198 1761 vitai
2233 1723 2339 1762 non
2372 1724 2496 1777 per-

916 1792 1226 1857 fectionem,
1263 1796 1355 1849 sed
1382 1794 1621 1849 favorem
1660 1795 1841 1864 potius
1863 1805 1918 1851 et
1946 1796 2173 1865 gloriam
2204 1812 2498 1866 aucupan-

2608 644 2713 697 que
2737 630 2963 682 barbam
3003 628 3159 683 rasit.
3192 626 3305 682 Hoc
3338 627 3603 696 siquidem
3646 634 3700 681 et
3739 627 3840 695 ipsi
3868 628 4049 683 crines
4080 628 4197 682 evi-

2606 718 2797 771 denter
2837 726 3109 780 asserunt,
3155 718 3246 785 qni
3276 716 3500 785 jamjatn
3547 715 3685 772 forte
3726 716 4051 786 prolixiores
4099 715 4195 773 ilio

2608 807 2879 861 talotenus
2926 805 3117 861 ﬂuunt.
3166 806 3484 875 Quanquam
3531 822 3625 859 nos
3678 806 3780 861 hoc
3833 806 4194 863 districtionis

2605 912 2774 965 genus
2802 897 3021 952 minime
3052 897 3364 966 probemus.
3407 896 3575 966 Hujus
3612 899 3793 967 itaque
3818 899 4078 954 continuo
4110 907 4194 953 te-

2606 1004 2737 1044 nore
2766 990 2889 1043 talis
2914 998 2997 1044 est
3025 990 3157 1053 vita,
3183 1000 3242 1044 ut
3269 990 3442 1045 tribus
3463 1006 3558 1059 per
3581 991 3974 1045 hebdomadam
3997 992 4193 1047 diebus

2603 1077 2679 1131 nil
2704 1078 2920 1146 penitus
2951 1078 3220 1142 comedat,
3244 1079 3418 1133 tribus
3442 1090 3622 1135 autem
3654 1080 3944 1147 quamdam
3976 1093 4195 1134 mensu-

2607 1184 2720 1223 ram
2748 1169 2903 1235 panis
2932 1184 3055 1223 cum
3082 1184 3221 1239 aqua
3252 1171 3547 1240 percipiat;
3582 1171 3878 1226 Dominicis
3913 1180 4096 1226 autem
4134 1176 4193 1225 et

2604 1260 2893 1329 praecipuis
2926 1258 3081 1314 festis
3103 1276 3209 1315 non
3238 1262 3455 1330 quidem
3485 1260 3844 1330 pulmentum,
3872 1262 3988 1317 sive
4013 1262 4189 1333 liqua-

2605 1362 2726 1401 men
2749 1348 2984 1416 aliquod,
3013 1350 3107 1404 sed
3130 1352 3419 1419 quamdam
3448 1351 3549 1406 sibi
3580 1350 3841 1406 frixuram
3872 1355 4027 1422 quasi
4055 1353 4191 1410 edu-

2602 1436 2731 1490 lium
2762 1446 3052 1507 praeparat.
3077 1439 3249 1506 Quam
3280 1455 3412 1495 sane
3432 1442 3649 1505 vidisse,
3682 1453 3735 1497 et
3772 1459 3879 1498 non
3913 1444 4185 1515 tetigisse,

2600 1530 2989 1597 propemodum
3020 1530 3373 1585 retectionem
3398 1531 3675 1597 ducimus;
3705 1542 3955 1601 gustasse
3978 1542 4185 1603 autem,

2601 1617 2684 1669 vel
2714 1619 2878 1671 etiam
2908 1617 3185 1683 olfecisse,
3218 1628 3426 1689 partem
3469 1624 3803 1691 pmnitentite
3840 1624 4185 1693 deputamus.

2599 1704 2771 1761 Porro
2802 1717 2981 1762 autem
3013 1709 3121 1763 duo
3154 1710 3208 1763 in
3241 1708 3359 1779 ejus
3390 1710 3586 1767 cellula
3628 1722 3908 1783 serpentes
3941 1713 4053 1781 jam
4086 1728 4186 1783 per

2600 1795 2781 1864 piures
2804 1812 2997 1863 annos,
3030 1809 3088 1853 ut
3120 1800 3315 1865 fertur,
3348 1800 3689 1857 familiariter
3726 1804 4052 1873 spatiantur.
4080 1803 4189 1871 Qui

917 1883 1039 1935 tur?
1083 1884 1198 1937 Illic
1228 1886 1409 1953 igitur,
1436 1894 1653 1952 captato
1685 1886 1827 1955 vulgi
1860 1886 2063 1949 favore,
2112 1886 2456 1941 circumfluus
2478 1926 2492 1951 ,
2530 1880 2573 1940 Β
2603 1886 2785 1949 etiam,
2817 1894 2871 1939 ut
2898 1887 3011 1956 ipse
3048 1888 3267 1952 fatetur,
3300 1890 3424 1944 dum
3447 1889 3534 1944 ille
3562 1891 3677 1945 solo
3705 1902 4011 1961 prostratus
4058 1892 4183 1947 lita-

914 1970 1041 2037 quid
1066 1972 1160 2025 tibi
1198 1987 1349 2026 mens
1382 1973 1465 2026 vel
1509 1974 1797 2043 improvisa
1828 1976 2139 2038 dictaverit,
2164 1977 2387 2044 proprio
2410 1974 2498 2043 ju-

912 2056 1054 2112 dicio
1078 2059 1162 2113 lex
1188 2061 1445 2126 habetur;
1479 2064 1739 2133 quidquid
1767 2080 2006 2133 princeps
2034 2064 2213 2134 lingua
2241 2069 2498 2122 decurre-

914 2148 1006 2211 rit,
1030 2153 1295 2205 sententia
1325 2153 1634 2222 deputatur.
1670 2156 1780 2211 Nec
1817 2169 1867 2211 te
1906 2158 2118 2211 metiris
2145 2158 2301 2225 juxta
2345 2160 2498 2214 testi-

914 2241 1151 2295 monium
1179 2246 1411 2312 propria:
1436 2248 1803 2311 conscientiae,
1836 2249 1929 2301 sed
1964 2250 2259 2302 secundum
2286 2250 2498 2319 opinio-

912 2347 1034 2386 nem
1066 2335 1247 2401 potius
1285 2339 1659 2392 assentalricis
1688 2342 1891 2402 turbze,
1933 2339 2072 2407 apud
2116 2355 2278 2407 quam
2308 2340 2497 2394 videli-

914 2430 999 2473 cet
1018 2424 1223 2476 venalis
1252 2424 1420 2491 pallor
1453 2426 1505 2479 in
1534 2428 1706 2490 vnitu,
1732 2438 1786 2481 et
1817 2428 2055 2481 auditum
2090 2443 2284 2482 nomen
2303 2427 2494 2497 jeiuuii

913 2519 1185 2576 stuporem
1224 2516 1491 2569 mentibus
1521 2516 1737 2585 ingerit.
1778 2516 1968 2570 Vinum
2004 2533 2238 2586 namque
2280 2520 2331 2572 in
2362 2521 2495 2573 urbe

913 2600 1143 2660 nescire,
1172 2602 1474 2671 prodigium
1506 2615 1616 2669 est;
1656 2607 1708 2658 in
1738 2620 1921 2659 eremo
1944 2606 2153 2669 bibere,
2182 2609 2313 2662 satis
2333 2609 2495 2677 igno-

910 2688 1035 2741 bile.
1093 2690 1283 2744 Oleum
1342 2692 1394 2744 iu
1445 2708 1628 2747 eremo
1665 2711 1872 2764 magnae
1909 2695 2145 2759 deliciae;
2200 2697 2252 2749 in
2300 2697 2495 2765 popqu

910 2785 1113 2839 autem,
1143 2781 1235 2845 qui
1280 2780 1467 2833 saltem
1498 2783 1686 2834 arvina
1721 2798 1825 2837 non
1852 2784 2112 2847 vescitur,
2154 2784 2495 2839 abstinentia:

912 2863 1088 2931 palma
1111 2868 1365 2920 dcuatur.
1398 2869 1647 2923 Cilicium
1673 2872 1725 2924 in
1755 2886 1938 2925 eremo
1964 2874 2347 2928 vestimentum
2374 2915 2388 2938 ,
2439 2874 2492 2929 in

908 2955 1041 3009 urbe
1068 2959 1457 3024 spectaculum.
1474 2960 1737 3015 (Jruribus
1760 2962 2091 3031 pedibusque
2113 2965 2327 3018 nudatis
2347 2967 2494 3019 ince-

908 3043 1032 3098 dere
1068 3045 1121 3099 in
1144 3062 1326 3101 eremo
1354 3052 1571 3116 quidem
1600 3051 1781 3119 regula
1803 3092 1816 3112 ,
1844 3053 1898 3105 in
1924 3052 2043 3107 foro
2064 3063 2243 3107 autem
2272 3053 2491 3110 atllictio

906 3137 1145 3189 cernitur
1175 3137 1487 3191 indiscreta.
1520 3138 1575 3191 ln
1609 3154 1792 3193 eremo
1839 3150 2069 3193 stratum
2103 3142 2261 3195 molle
2295 3142 2492 3210 juncus

904 3235 1008 3286 est,
1058 3226 1138 3279 vel
1190 3243 1447 3297 papyrus,
1492 3230 1633 3283 inter
1686 3232 1833 3285 cives
1872 3232 2215 3301 applauditur
2266 3245 2492 3291 centone
2521 3218 2563 3279 C

905 3324 1210 3367 contentus.
1230 3317 1381 3382 Quod
1410 3318 1551 3370 enim
1589 3318 1697 3373 illic
1728 3322 2070 3374 conversatio
2096 3336 2221 3375 rara
2248 3323 2493 3378 mirabile

906 3402 1100 3465 reddit,
1132 3404 1221 3457 hic
1252 3407 1483 3460 societas
1508 3407 1666 3477 791
1696 3407 1933 3462 fraterna
1962 3426 2270 3466 commune.
2292 3412 2369 3467 Ac
2396 3429 2491 3481 per

904 3486 1002 3543 hoc
1029 3493 1171 3558 quod
1196 3492 1303 3545 illic
1332 3496 1601 3561 praeconio
1626 3496 1799 3549 laudis
1829 3496 2114 3561 attollitur,
2152 3500 2238 3553 hic
2265 3514 2489 3571 genera-

904 3574 1025 3630 liter
1054 3578 1283 3633 inditum
1312 3580 1539 3649 gloriam
1572 3600 1677 3637 non
1711 3595 1973 3639 meretur.

1519 3675 1749 3729 CAPUT
1792 3678 1877 3731 IV.

1143 3760 1220 3814 De
1256 3763 1569 3817 abstinentia
1609 3768 1960 3834 quorumdam
2002 3769 2249 3835 fratrum.

973 3847 1106 3912 Sed,
1137 3867 1171 3905 o
1199 3854 1403 3906 utinam
1433 3871 1672 3922 prmsens
1697 3858 1939 3923 adesses,
1966 3863 2164 3927 etquid
2196 3863 2247 3914 in
2286 3863 2371 3917 his
2400 3865 2491 3918 sil-

902 3938 985 3995 vis
1003 3942 1071 3994 ab
1095 3944 1295 4012 ignotis
1316 3953 1477 4014 atque
1499 3948 1767 4015 despectis
1788 3959 2001 4018 agatur,
2016 3953 2174 4005 oculo
2189 3953 2486 4021 judicante,

899 4033 1289 4098 perpenderes!
1321 4036 1522 4089 Tamen
1556 4046 1615 4090 ut
1643 4053 1720 4101 se,
1761 4039 1806 4092 si
1838 4038 2088 4095 fortassis
2134 4042 2272 4096 inest
2310 4054 2490 4100 tumor

900 4123 1243 4189 arrogantiae,
1299 4125 1589 4193 deprimat,
1645 4129 1727 4181 vel
1782 4129 2018 4182 breviter
2068 4132 2269 4200 aliquid
2329 4141 2380 4187 te
2424 4136 2490 4189 de

902 4205 1112 4260 iilorum
1147 4215 1653 4268 conversationibus
1674 4217 1891 4269 erudire
1927 4233 2030 4270 non
2067 4220 2266 4287 pigeat.
2313 4220 2485 4287 Nam,

900 4305 957 4349 ut
999 4301 1249 4354 omittam
1306 4304 1369 4355 de
1419 4307 1672 4360 continua
1720 4307 2068 4377 frugalitate.
2148 4322 2201 4365 et
2264 4316 2487 4381 penuria

900 4390 1150 4453 vestium,
1179 4397 1244 4444 de
1288 4395 1463 4460 rigore
1506 4397 1731 4461 silentii,
1769 4400 1835 4452 de
1876 4402 1989 4468 jugi
2025 4401 2279 4454 instantia
2313 4418 2488 4457 remo-

901 4475 1080 4543 tiouis,
1140 4483 1378 4534 nonnulli
1431 4486 1571 4553 apud
1625 4502 1723 4541 nos
1769 4498 1893 4540 sunt
1934 4491 2051 4557 qui,
2108 4492 2249 4543 inter
2289 4504 2484 4547 czetera

898 4566 1573 4644 districtionisimpendia,
1614 4588 1759 4631 tanta
1810 4596 2035 4633 censura
2086 4598 2114 4635 a
2149 4584 2258 4635 viui
2302 4600 2488 4653 peree-

897 4658 1079 4725 ptioue
1103 4678 1161 4715 se
1190 4663 1465 4728 cohibent,
1489 4676 1545 4719 ut
1570 4667 1683 4733 jam
1707 4684 1841 4737 pene
1861 4685 1955 4737 per
1978 4671 2404 4737 decennium,ne
2432 4676 2484 4730 in

897 4751 1237 4814 paschalibus
1297 4756 1514 4823 quidem
1575 4759 1769 4816 feetis.
1829 4762 1895 4814 de
1959 4763 2216 4830 lil‘tBtiit‘lO
2278 4766 2486 4834 liquore

895 4842 1265 4908 gustavcrint;
1298 4862 1525 4912 quorum
1551 4849 1801 4903 viielicet
1839 4852 1927 4903 alii
1959 4862 2083 4905 sunt
2108 4855 2335 4921 juvenili
2361 4860 2480 4911 .ad-

896 4928 1000 4983 huc
1025 4930 1157 4985 ﬂore
1184 4948 1495 4999 vernantes,
1528 4939 1616 4991 alii
1639 4940 1752 5008 jam
1783 4942 1849 4993 ad
1880 4946 2201 4997 venerandae
2230 4956 2481 5001 senectu-

896 5020 963 5073 tis
986 5024 1280 5079 maturiora
1312 5041 1618 5099 vergentes,
1654 5032 1744 5084 alii
1770 5033 1935 5086 etiam
1975 5035 2091 5087 [Hi5
2135 5046 2188 5087 et
2238 5046 2391 5092 aceto
2420 5052 2479 5093 se

896 5108 1245 5167 nihilominus
1283 5118 1527 5184 privant;
1571 5121 1816 5190 plerique
1847 5130 2023 5176 autem
2055 5125 2279 5194 saginis,
2325 5128 2474 5194 ovis,

890 5203 946 5253 ct
966 5213 1128 5255 casco
1168 5212 1421 5271 tanquam
1455 5210 1710 5264 carnibus
1740 5213 2037 5268 abstinent.

1515 5296 1745 5352 CAPUT
1787 5300 1850 5352 ν.

1374 5383 1451 5438 De
1488 5384 1723 5442 Martino
1764 5388 1993 5445 Storaci.

962 5464 1262 5533 Quemdam
1295 5473 1557 5530 habemus
1596 5479 1649 5532 in
1681 5480 1874 5535 cellula
1910 5485 2171 5539 rusticum
2210 5488 2430 5544 idiotam
2457 5532 2473 5557 ,

895 5557 978 5610 vix
1010 5561 1402 5629 quinquaginta
1440 5568 1675 5635 psalmos
1724 5580 1997 5640 utcunque
2041 5574 2428 5633 balbutientem
2456 5622 2471 5644 ,

895 5649 1107 5703 eosdem
1140 5659 1315 5705 tamen
1342 5670 1437 5724 per
1475 5658 1588 5711 dies
1634 5659 1873 5729 singulos
1896 5702 1911 5724 ,
1960 5664 2221 5733 subjectis
2259 5682 2473 5738 semper

894 5734 1350 5801 litauiis.fscuties
1386 5746 1693 5804 iterantem.
1723 5750 1822 5817 Qui
1847 5750 1959 5818 jam
2008 5768 2105 5823 per
2156 5755 2257 5811 tria
2304 5734 2471 5818 ferme-

2599 1978 2812 2028 uiarum
2861 1978 3002 2031 votis
3063 1978 3286 2045 insistit,
3339 1981 3483 2035 circa
3533 1990 3693 2051 caput
3729 1982 3845 2050 ejus
3896 1984 4021 2039 hinc
4060 1984 4189 2040 inde

2598 2065 2794 2120 blanda
2826 2068 2986 2123 mites
3017 2069 3278 2125 allusione
3301 2070 3643 2139 discurrunt;
3688 2082 3743 2128 et
3771 2075 3937 2128 virosi
3968 2090 4185 2131 morsus

2598 2156 2770 2221 obliti,
2804 2166 3061 2227 tauquam
3092 2159 3467 2229 patrifamilias
3504 2162 3715 2226 domus,
3753 2163 4061 2219 clientelam
4087 2165 4186 2220 de-

2598 2254 2737 2301 vota:
2760 2248 3064 2305 sedulitatis
3089 2251 3423 2320 impendunt.
3442 2253 3603 2317 Ecce,
3627 2264 3681 2309 et
3697 2267 3975 2311 venenatae
3999 2257 4191 2313 bestia:

2599 2336 2739 2390 inter
2780 2350 2843 2391 se
2894 2338 2946 2391 in
2990 2340 3297 2395 exhibendo
3329 2344 3612 2398 monachis
3655 2345 3919 2411 obsequio
3963 2360 4191 2401 concor-

2598 2426 2749 2493 dant,
2774 2443 2897 2481 cum
2923 2429 3173 2485 videlicet
3204 2432 3305 2499 ipsi
3330 2434 3583 2488 monachi
3616 2436 3857 2504 viperina
3891 2437 4118 2492 invicem
4150 2454 4183 2493 a

2596 2533 2674 2583 se,
2703 2518 2841 2586 proh
2880 2519 3065 2573 dolor!
3101 2522 3437 2579 immanitate
3479 2527 3743 2581 resiliant.
3784 2528 3975 2583 Mirum
4000 2532 4185 2599 ,quod

2598 2617 2808 2663 tantum
2834 2610 3061 2667 fetorem
3085 2628 3151 2668 eo
3181 2614 3303 2679 loci,
3339 2633 3612 2686 nunquam
3640 2621 3917 2687 querulus,
3948 2621 4141 2676 tolerat
4168 2638 4182 2675 :

2596 2702 2813 2765 mirum,
2846 2704 2987 2770 quod
3019 2704 3339 2760 lutulentam
3364 2711 3431 2763 ad
3455 2710 3744 2765 bibendum
3769 2729 3961 2783 aquam
3985 2729 4081 2783 per
4108 2722 4187 2769 tot

2597 2789 2711 2843 dies
2745 2789 2795 2841 in
2826 2791 2967 2845 dolio
2999 2792 3141 2847 velut
3166 2796 3436 2850 sentinam
3464 2810 3666 2862 servat,
3701 2803 3991 2860 mutatoria
4029 2820 4183 2859 num-

2595 2892 2757 2945 quam
2786 2879 2952 2943 lavat,
2999 2894 3177 2938 vestes
3211 2901 3487 2954 nunquam
3523 2897 3731 2953 mutat,
3779 2891 3883 2945 nisi
3926 2892 4183 2949 euchari-

2596 2968 2754 3021 SIiam
2792 2980 3147 3039 percepturus
3180 2990 3192 3025 :
3232 2988 3369 3041 quas
3402 2984 3581 3031 tamen
3606 2993 3732 3033 mox
3756 2980 3924 3045 exuit,
3953 2990 4009 3036 et
4036 2984 4102 3039 ad
4134 2985 4188 3038 id

2595 3074 2791 3113 munus
2821 3072 3041 3131 propter
3080 3066 3403 3121 munditiam
3458 3070 3511 3123 in
3569 3071 3729 3140 792
3781 3080 3897 3128 tuto
3948 3077 4181 3145 reponit.

2596 3149 2709 3203 Nisi
2759 3162 2883 3220 post
2936 3155 3068 3209 solis
3107 3171 3363 3213 occasum
3408 3175 3685 3231 nunquam
3728 3166 3926 3233 accipit
3963 3167 4183 3233 cibum,

2596 3248 2810 3293 servata
2844 3250 3025 3297 tamen
3049 3244 3239 3299 diebus
3270 3248 3565 3304 Dominicis
3604 3253 3940 3319 reverentia,
3983 3255 4035 3309 in
4069 3259 4187 3325 qui-

2595 3328 2695 3382 bus
2723 3330 2980 3385 videlicet
3014 3334 3160 3387 circa
3198 3344 3407 3390 sextam
3439 3338 3651 3401 horam,
3676 3356 3839 3396 unam
3861 3358 3928 3398 ex
3955 3345 4039 3399 his
4061 3359 4185 3417 quae

2594 3435 2694 3488 pro
2722 3426 3081 3480 sacramentis
3139 3426 3301 3491 ﬁunt,
3353 3427 3776 3487 oblatiunculam
3815 3436 4071 3507 percipit,
4131 3447 4189 3492 et

2595 3511 2675 3565 sic
2706 3522 2925 3581 propter
2954 3516 3197 3586 regulam
3222 3518 3482 3588 jejunium
3517 3522 3696 3577 solvit.
3730 3525 4032 3595 (8.83am.
4053 3525 4183 3598 Reg.

2595 3616 2642 3655 c.
2677 3602 2745 3656 38
2794 3612 2847 3656 et
2890 3604 3005 3673 41.)
3060 3608 3199 3673 Quid
3249 3617 3427 3663 autem
3480 3612 3547 3666 de
3604 3613 3895 3683 inopinatis
3933 3617 4051 3686 ejus
4103 3620 4186 3673 vi-

2593 3690 2738 3760 giliis
2766 3692 3041 3748 dixerim?
3070 3700 3509 3768 quandoquidem
3553 3703 3687 3757 mihi
3743 3704 3856 3774 ipse
3900 3710 4180 3777 retulerit;

2594 3780 2679 3833 die
2709 3782 2951 3849 quidem,
2983 3785 3256 3854 inquiens,
3288 3789 3433 3844 nullo
3465 3800 3707 3859 tempore
3739 3797 3975 3864 quietem
4005 3816 4181 3854 mem-

2591 3869 2706 3923 bris
2731 3870 3017 3942 indulgeo;
3045 3891 3272 3945 vespere
3298 3889 3476 3933 autent
3502 3881 3740 3951 psallens
3762 3894 3815 3939 et
3837 3902 4025 3953 orans,
4054 3898 4183 3946 tunc

2593 3962 2811 4015 demum
2853 3968 3035 4032 sopori
3078 3969 3287 4023 viscera
3326 3970 3544 4040 fatigata
3590 3976 3849 4042 concedo,
3903 3994 4022 4034 cum
4066 3979 4181 4049 jam

2587 4050 2703 4120 jam
2728 4064 3010 4109 nocturna:
3037 4062 3259 4128 synaxis
3285 4062 3571 4117 articulum
3603 4068 4061 4138 propinquantem
4089 4089 4181 4128 co-

2590 4157 2816 4211 gnosco,
2846 4155 3119 4214 quatenus
3146 4165 3289 4209 mox,
3322 4162 3379 4206 ut
3404 4168 3603 4221 corpus
3640 4171 3803 4226 sopor
3846 4161 4061 4219 irruens
4098 4174 4181 4221 to-

2592 4232 2660 4285 tis
2691 4234 2895 4288 viribus
2931 4248 3185 4307 occupat.
3219 4251 3441 4309 repente
3472 4244 3642 4312 illum,
3668 4250 3824 4317 quasi
3850 4251 4183 4310 tintinnabu-

2590 4324 2699 4377 lum
2727 4324 2946 4391 feriens,
2974 4331 3042 4382 ab
3072 4333 3293 4387 audacis
3320 4334 3590 4390 violentice
3618 4338 3895 4395 invasione
3922 4344 4175 4414 depellat.

2591 4416 2744 4484 Smpe
2793 4429 3013 4486 rogatus
3064 4432 3122 4475 ut
3149 4438 3248 4490 pro
3298 4427 3712 4483 necessitatibus
3750 4432 4138 4491 ecclesiasticis
4164 4479 4178 4503 ,

2590 4504 2673 4558 vel
2727 4505 3039 4563 fin-iuranda
3072 4526 3207 4580 pace
3242 4517 3624 4583 procederem,
3669 4535 3796 4576 cum
3836 4525 3970 4580 mihi
4014 4528 4181 4583 detri-

2591 4606 2830 4651 mentum
2861 4615 2983 4655 esse
3012 4618 3414 4671 pernoscerem,
3469 4608 3595 4663 licet
3650 4611 3771 4667 aliis
3822 4619 4177 4687 proveniret,

2590 4687 2734 4740 hunc
2764 4688 2990 4744 fratrem
3020 4706 3083 4745 ea
3112 4693 3216 4746 [ide
3254 4698 3498 4750 consului
3518 4737 3538 4763 ,
3583 4709 3643 4754 ut
3689 4701 3765 4756 illi
3794 4705 3971 4759 divina
4002 4711 4177 4778 gratia

2588 4776 2906 4847 dignaretur
2933 4781 3220 4839 infundere
3250 4786 3379 4854 quid
3401 4788 3531 4842 mihi
3554 4789 3870 4849 decerneret
3897 4776 4173 4867 expiadire.

2587 4864 2842 4923 Protinus
2881 4880 3068 4926 sancta
3101 4874 3423 4944 simplicitas
3464 4880 3531 4949 ad
3567 4881 3619 4936 id
3653 4886 3796 4952 quod
3837 4864 4176 4958 propositum

2584 4967 2740 5023 erat,
2798 4962 3197 5030 compendiosa:
3255 4968 3625 5037 responsionis
3680 4972 3977 5029 clausulam
4035 4978 4172 5037 fixit.

2586 5046 2746 5114 Quid,
2780 5049 2974 5120 inquit,
3006 5054 3245 5110 candehe
3282 5059 3536 5127 prodest,
3570 5062 3614 5117 si
3652 5063 3772 5119 aliis
3807 5064 4002 5134 luceat,
4039 5068 4171 5125 dum

2584 5154 2643 5193 se
2668 5140 2882 5194 interim
2911 5143 3049 5196 edax
3078 5146 3295 5200 ﬂamma
3321 5153 3645 5206 consumat?
3684 5153 3797 5210 Hoc
3824 5171 4168 5227 responsum,

2582 5224 2774 5291 fateor,
2810 5228 2964 5284 lzetus
2994 5233 3232 5301 arripui,
3270 5244 3324 5289 et
3362 5245 3616 5308 tanquam
3656 5224 3931 5299 divinitus
3950 5224 4167 5315 datum,

2581 5314 2729 5368 salva
2780 5320 3153 5376 tantummodo
3203 5322 3469 5381 charitate
3523 5336 3579 5383 et
3612 5331 3917 5389 obedientia
3949 5314 4172 5394 servare

2582 5401 2817 5459 decrevi.

3198 5502 3427 5562 CAPUT
3468 5507 3552 5563 Vl.

2749 5586 2829 5641 De
2854 5586 3024 5643 Leone
3052 5589 3260 5659 Sitriw,
3288 5605 3335 5648 et
3360 5596 3481 5651 aliis
3512 5599 3677 5655 tribus
3708 5605 3999 5659 monachis.

2650 5676 2755 5729 Sed
2789 5680 2915 5732 dum
2972 5682 3026 5733 in
3073 5682 3234 5740 unius
3280 5686 3383 5741 viri
3439 5689 3730 5749 virtutibus
3784 5700 4167 5761 enumerandis

2580 5766 2844 5834 prolixius
2867 5768 3150 5841 immorer,
3172 5775 3241 5831 ab
3261 5776 3383 5833 aliis
3407 5778 3490 5835 vel
3514 5794 3886 5843 summotenus
3907 5792 4168 5860 perstrin-
