5882 6660
242 24 1911 245 -νν

2435 491 2540 549 753

2894 496 2949 551 5.
2987 494 3183 551 PETRI
3218 494 3501 553 DAMlANI
3534 497 3685 555 OPP.
3719 500 3952 557 TOMUS
3989 502 4117 559 εει]
4159 503 4339 562 PARS
4377 507 4549 563 lll.--
4584 507 4945 567 OPUSCULA
4984 511 5211 567 VARIA.

5559 513 5656 571 756

2433 606 2645 683 gendis,
2674 614 2830 676 longa
2859 620 3009 660 mora
3036 608 3336 676 prodiente,
3365 608 3639 675 retardor;
3667 611 3882 666 veniam
3906 625 3998 666 au-
4025 616 4072 675 Α
4103 629 4207 669 non
4237 617 4502 687 subjacnit
4521 660 4536 684 ,
4580 620 4672 675 sed
4702 630 4757 675 et
4809 630 5062 690 tanquam
5095 639 5257 680 carne
5300 634 5611 693 praemortua
5635 670 5652 695 ,

2435 705 2544 750 tem
2568 696 2632 749 ad
2661 696 2933 749 dominum
2964 712 3139 750 meum
3167 698 3431 761 Leonem,
3473 708 3530 752 et
3564 714 3691 753 vere
3722 700 3956 754 Leonem
3985 741 4000 766 ,

2434 784 2527 853 qui
2553 784 2828 851 antiquum
2862 788 3171 849 draconem,
3197 796 3356 855 caput
3376 788 3602 849 scilicet,
3620 800 4003 859 auctoremque

2436 870 2677 935 malitiae,
2710 873 2977 927 continuis
3004 874 3067 926 ad
3108 873 3305 927 bellum
3347 878 3845 931 concertationibus
3878 894 4003 946 pro-

2431 965 2621 1030 vocat';
2650 976 2703 1020 et
2739 964 2804 1018 ah
2845 967 2958 1035 ipso
3008 967 3299 1035 impuberis
3336 969 3711 1024 adolescentiae
3758 970 4003 1023 tirocinio

2430 1067 2605 1125 usque
2628 1054 2692 1108 ad
2722 1063 3032 1124 provectam
3054 1058 3168 1123 jam
3200 1068 3559 1123 senectutem,
3588 1068 3841 1127 tanquam
3874 1074 4001 1110 con-

2430 1143 2598 1199 sertis
2621 1148 2866 1200 cominus
2894 1146 3079 1205 armis,
3115 1147 3369 1201 adversus
3403 1147 3550 1201 illum
3596 1148 4001 1216 infatigabiliter

2430 1241 2656 1301 pugnat.
2692 1233 2849 1296 Vere,
2884 1233 3119 1302 inquam,
3146 1233 3273 1297 Leo,
3294 1236 3382 1302 qui
3406 1244 3460 1287 et
3487 1237 3745 1290 mundum
3778 1238 3999 1306 pervigil

2432 1321 2655 1384 dormit,
2683 1331 2738 1375 et
2767 1324 2959 1376 divinm
2983 1323 3455 1391 contemplationis
3491 1326 3886 1393 quodammodo
3915 1342 4001 1380 so-

2428 1421 2652 1479 pnratus
2693 1412 2938 1466 intendit.
2982 1412 3119 1477 Quid
3165 1414 3303 1465 ultra
3344 1413 3410 1467 de
3439 1414 3541 1467 hoc
3574 1415 3689 1469 tiro
3718 1416 3998 1469 dicendum

2424 1510 2537 1566 est,
2562 1517 2722 1571 quam
2752 1503 2894 1570 quod
2930 1503 3173 1557 videmus
3200 1503 3348 1557 illum
3396 1513 3450 1558 et
3484 1506 3684 1561 mundo
3730 1516 3997 1560 mortuum

2423 1599 2483 1649 et
2501 1594 2647 1649 cruci
2670 1593 2886 1647 Christo
2914 1594 3221 1648 conﬁxum?
3250 1594 3348 1649 llic
3370 1610 3562 1665 nempe
3592 1596 3843 1665 perfectae
3864 1613 4002 1652 mor-

2424 1680 2739 1736 tiﬁcationis
2769 1693 2851 1737 est
2892 1699 3080 1737 norma
3106 1724 3120 1747 ,
3164 1685 3253 1739 hic
3296 1686 3583 1755 singularis
3614 1688 3738 1740 vita:
3770 1688 3955 1755 regula
3982 1728 3997 1753 ,

2426 1774 2517 1827 hic
2555 1773 2622 1826 ad
2661 1771 3007 1841 perfectionis
3045 1775 3253 1843 apicem
3297 1774 3677 1831 festinantibus
3724 1778 4000 1833 imitabilis

2426 1863 2731 1935 disciplina.
2800 1865 3067 1933 Quidquid
3120 1866 3234 1920 fere
3298 1866 3685 1932 districtionis,
3741 1868 3999 1937 quidquid

4108 702 4310 757 nullum
4370 708 4596 763 ulterius
4644 712 4696 762 in
4748 725 4806 763 se
4860 711 5095 769 libidinis
5150 715 5417 770 stimulum
5469 721 5647 776 sensit.

4107 789 4417 849 Sciscitanti
4478 807 4656 851 autem
4714 800 4839 851 mihi
4916 803 5036 869 quis
5085 802 5171 857 ille
5221 805 5379 859 luerit
5443 804 5650 873 frater,

4105 878 4247 932 Nihil
4302 897 4422 937 mea
4472 885 4731 943 interesse
4782 891 5073 956 respondit.
5123 890 5301 961 Longe
5343 906 5467 947 vero
5494 904 5647 961 post,

4106 983 4223 1021 cutn
4268 969 4379 1035 jam
4424 973 4621 1027 oblivio
4646 976 4905 1043 potuisset
4951 978 5210 1045 obrepere
5238 1021 5250 1043 ,
5288 981 5425 1034 inter
5471 990 5649 1036 cetera

4103 1062 4329 1114 conveni
4393 1063 4661 1117 hominem
4716 1081 4730 1120 :
4778 1064 5024 1134 Nunquid
5077 1083 5183 1121 non
5217 1108 5231 1130 ,
5282 1072 5533 1141 inquam,
5582 1070 5650 1123 mi

4102 1159 4287 1217 pater,
4324 1154 4427 1206 tale
4453 1154 4650 1218 aliquid
4684 1156 4776 1209 tibi
4812 1158 5070 1211 accidisse
5099 1160 5364 1227 professus
5396 1162 5489 1216 es?
5514 1161 5654 1217 Tunc

4104 1236 4191 1291 ille
4218 1256 4280 1292 ex
4309 1241 4594 1308 improviso
4612 1254 4927 1308 conventus,
4951 1248 5089 1313 quod
5119 1248 5315 1302 dixisse
5333 1264 5391 1302 se
5411 1250 5652 1314 credidit,

4102 1330 4403 1396 negandum
4432 1345 4549 1383 esse
4578 1346 4685 1385 non
4725 1331 4895 1386 duxit.
4928 1334 5032 1389 Sed
5066 1352 5162 1391 cur
5200 1352 5297 1406 ego
5340 1338 5390 1391 in
5434 1336 5651 1408 singulis

4101 1417 4380 1485 immorer,
4415 1422 4504 1489 qui
4540 1430 4744 1475 tantam
4773 1424 5007 1479 virorum
5034 1427 5312 1481 illustrium
5340 1429 5648 1482 densitatem

4100 1506 4230 1559 mihi
4263 1508 4543 1564 imminere
4583 1511 4952 1579 contemplor?
4980 1516 5245 1571 Praetereo
5289 1518 5446 1586 igitur
5489 1518 5649 1572 domi-

4100 1610 4226 1650 num
4276 1612 4453 1652 meum
4504 1601 4708 1669 Lupum
4736 1642 4750 1666 ,
4780 1617 4923 1657 verte
4965 1606 5217 1663 videlicet
5243 1610 5649 1665 mansuetudinis

4101 1700 4318 1755 agnum.
4352 1689 4450 1753 Qui
4484 1690 4724 1758 profecto
4747 1702 4795 1746 et
4826 1702 5111 1763 antequam
5140 1711 5198 1752 se
5226 1690 5423 1753 carceri
5448 1739 5463 1763 ,
5498 1713 5646 1769 quem

4099 1787 4199 1840 pro
4230 1784 4429 1827 aeterna
4456 1776 4703 1832 libertate
4725 1795 4866 1835 nunc
4893 1781 5095 1847 incolit,
5127 1785 5385 1854 perpetim
5412 1785 5651 1841 inclusis-

4100 1872 4203 1925 set.
4245 1879 4342 1931 per
4373 1868 4534 1921 trium
4582 1870 4805 1923 circiter
4834 1887 5095 1928 annorum
5127 1878 5429 1930 continuata
5483 1877 5650 1932 curri-

2424 1952 2771 2005 cnntincntim
2797 1954 3041 2020 superius
3081 1954 3280 2007 dictum
3308 1962 3418 2018 est,
3442 1954 3495 2008 in
3520 1956 3622 2009 hoc
3658 1956 3776 2009 viro
3805 1970 3996 2010 conse-
4026 1955 4071 2015 B
4101 1948 4222 2003 συιδ
4265 1954 4441 2007 Vitium
4499 1970 4603 2009 ηοη
4652 1956 4789 2011 ὺίὺὶῐ
4820 1998 4835 2023 9
4893 1961 5202 2031 nullumque
5253 1965 5351 2019 sibi
5401 1965 5647 2034 pulmenli

2423 2052 2655 2109 quenter
2682 2043 2914 2113 intellige
2938 2062 2953 2109 ;
2985 2045 3254 2114 praecipue
3277 2052 3455 2100 tamen
3481 2046 3531 2099 in
3556 2060 3622 2101 eo
3643 2046 3995 2112 charitatem,

2424 2130 2783 2186 humilitatem
2848 2142 2903 2186 et
2973 2134 3438 2189 mansuetudinem
3489 2150 3769 2189 venerare.
3808 2134 3999 2189 Sermo

2424 2222 2659 2289 denique
2680 2223 2795 2291 ejus
2816 2221 2985 2277 dulcis
3008 2224 3072 2276 ad
3095 2224 3266 2278 instar
3308 2224 3479 2279 mellis
3510 2225 3713 2278 solatur
3741 2234 3962 2278 mmstos
3980 2264 3993 2287 ,

2426 2311 2584 2363 ducet
2627 2311 2847 2375 inscios,
2880 2314 3177 2366 concordat
3220 2314 3403 2368 iratos.
3438 2314 3570 2379 Quis
3614 2315 3758 2367 enim
3814 2330 3998 2369 corre-

2422 2398 2626 2467 ptionis
2650 2400 2789 2454 illius
2816 2403 3132 2455 austeritate
3154 2402 3443 2457 deterritus
3465 2418 3571 2457 non
3602 2404 3780 2457 redire
3811 2403 3996 2471 dispo-

2422 2488 2574 2540 suit?
2611 2488 2719 2543 lruo
2741 2489 2863 2557 quis
2888 2490 3221 2558 quantalibet
3250 2492 3609 2562 ingruentium
3639 2493 3993 2547 tentationum

2421 2591 2645 2644 pressus
2694 2577 2920 2646 caligine
2970 2578 3085 2633 sine
3135 2580 3504 2635 consolatione
3544 2582 3809 2635 recessit?
3854 2580 3997 2633 Bene

2421 2666 2688 2736 siquidem
2771 2668 3113 2722 currentibus
3185 2669 3486 2735 blandum,
3558 2669 3998 2740 delinquentibus

2414 2769 2482 2811 se
2528 2765 2730 2824 pra-oet
2776 2765 3072 2811 austerum.
3123 2756 3231 2812 Sed
3277 2758 3379 2813 hoc
3421 2761 3610 2822 modo,
3652 2767 3712 2812 ut
3748 2768 3802 2812 et
3842 2760 3996 2813 blano

2416 2843 2605 2901 ditiam
2632 2845 2686 2898 in
2720 2846 3097 2899 auctoritatem
3128 2847 3415 2901 austeritas
3440 2848 3635 2918 erigat,
3670 2857 3723 2901 et
3749 2850 3995 2903 eamdem

2415 2936 2786 2991 austeritatem
2831 2935 3025 2989 blanda
3060 2952 3248 2991 rursus
3286 2940 3641 2993 mansuetudo
3666 2949 3993 3006 compescat.

2420 3026 2591 3096 [ligor
2635 3035 2813 3081 autem
2862 3027 3205 3082 abstinentia
3259 3028 3312 3081 in
3362 3043 3428 3084 eo
3471 3037 3652 3083 tantus
3688 3037 3792 3095 est,
3833 3038 3893 3083 ut
3943 3032 3994 3084 in

2420 3117 2538 3185 eius
2600 3117 2738 3172 facie
2795 3118 2971 3188 imago
3029 3117 3211 3189 potius
3271 3134 3432 3187 quam
3483 3120 3709 3173 viventis
3762 3119 3995 3175 hominis

2421 3207 2584 3277 793
2658 3207 2989 3276 corpulentia
3073 3207 3339 3261 videatur.
3413 3208 3791 3262 Percunctanti
3863 3208 3991 3262 olim

4102 2039 4368 2109 liquamen
4428 2044 4665 2100 indulsit.
4704 2048 4944 2105 Transeo
4992 2051 5208 2106 Petrum
5242 2094 5257 2114 .
5314 2056 5402 2121 qui
5456 2054 5650 2109 nullum

4100 2131 4290 2185 cubilis
4320 2134 4370 2186 in
4400 2134 4531 2188 cella
4562 2151 4653 2188 sua
4680 2139 4879 2204 patitur
4897 2155 5179 2209 superesse
5206 2143 5479 2211 vestigium
5506 2182 5521 2207 ,
5559 2146 5651 2199 sed

4100 2218 4300 2271 nudum
4326 2220 4525 2290 jugitcr
4549 2224 4701 2286 terit,
4728 2225 4840 2277 sive
4868 2227 5092 2282 hiberno
5118 2269 5131 2293 ,
5160 2231 5272 2284 sive
5304 2231 5488 2285 mstivo
5515 2239 5650 2286 tem—

4098 2322 4247 2375 pore,
4277 2312 4659 2378 pavimentum.
4678 2313 4911 2371 Leonem
4934 2333 5144 2388 quoque
5170 2337 5273 2376 non
5301 2337 5533 2387 numero,
5562 2324 5649 2393 qui

4098 2395 4306 2452 lumbos
4350 2414 4475 2454 suos
4520 2415 4681 2471 super
4735 2407 4933 2459 nudum
4988 2406 5161 2461 ferrea
5215 2424 5421 2479 semper
5467 2419 5650 2465 catena

4097 2487 4410 2552 circumdat,
4466 2506 4533 2544 ne
4575 2492 4882 2548 sobrietatis
4927 2495 5147 2551 limitem
5174 2500 5529 2568 supergressio
5555 2500 5651 2555 im-

4098 2576 4389 2633 moderata:
4419 2580 4727 2637 refectionis
4764 2586 5009 2639 excedat.

4692 2672 4917 2728 CAPUT
4959 2675 5067 2732 Vll.

4446 2758 4523 2813 De
4552 2759 4719 2815 Leone
4756 2765 4970 2817 eremita
5018 2763 5301 2821 Prwunsi.

4165 2841 4271 2897 Sed
4294 2858 4420 2899 ecce
4459 2844 4565 2899 Leo
4588 2862 4773 2902 rursus
4793 2848 4928 2904 alius
4959 2854 5215 2918 occurrit,
5241 2852 5352 2921 qui,
5379 2850 5490 2921 jam
5517 2867 5651 2925 pene

4094 2944 4328 2987 emensae
4374 2936 4668 2990 senectutis
4719 2936 4954 3004 oblitus,
5000 2955 5259 2996 annosum
5296 2944 5383 2996 diu
5431 2945 5651 2999 vivendo

4097 3025 4305 3077 senium
4333 3028 4499 3095 gerit;
4532 3036 4587 3080 et
4628 3027 4751 3082 licet
4778 3032 5035 3085 emeritus
5070 3033 5222 3087 miles
5244 3032 5406 3086 divini
5436 3034 5650 3101 procin-

4096 3121 4215 3167 ctus
4246 3124 4423 3168 castra
4452 3116 4738 3181 tirocinali,
4768 3129 4825 3172 ut
4846 3119 4917 3173 ita
4949 3120 5139 3184 fatear,
5174 3122 5379 3187 fervore
5398 3125 5646 3179 custodit.

4095 3202 4194 3267 Qui
4227 3203 4480 3257 nimirum
4511 3204 4652 3259 inter
4679 3206 4839 3277 795
4859 3217 5050 3263 caetera
5077 3210 5214 3265 dona
5249 3212 5499 3265 virtutum
5520 3251 5535 3274 ,
5575 3212 5653 3266 sie

2421 3299 2580 3359 mihi,
2620 3297 2763 3367 quod
2808 3312 3020 3366 possem
3053 3298 3294 3351 invenire
3322 3298 3569 3353 solatium
3598 3340 3613 3364 ,
3648 3303 3773 3367 quia
3813 3309 3990 3353 tamen
4020 3285 4063 3345 C
4097 3293 4401 3363 vigiliarum
4430 3296 4606 3349 studio
4656 3298 4990 3365 praeminet.
5019 3308 5076 3353 ul
5122 3301 5264 3354 nulla
5289 3302 5452 3356 Mlius
5481 3302 5603 3356 εωηῖ
5629 3342 5646 3365 9

2417 3385 2627 3456 exiguae
2657 3401 2921 3459 mensurae
2948 3388 3103 3455 panis
3133 3387 3263 3441 mibi
3295 3387 3436 3442 inter
3468 3389 3577 3457 ipsa
3612 3388 3815 3457 jejunia
3844 3388 3996 3441 vide-

2417 3485 2611 3543 retur;
2662 3479 2763 3534 tale
2792 3479 3153 3547 deditpraesto
3192 3482 3471 3534 consilium
3504 3498 3517 3534 :
3557 3480 3692 3535 Aliis
3716 3520 3730 3544 ,
3774 3482 3948 3549 inquit
3979 3520 3992 3543 ,

2422 3571 2614 3626 diebus
2642 3569 2982 3625 medietatem
3017 3570 3115 3623 tibi
3152 3585 3417 3624 mensurae
3447 3570 3588 3623 illius
3620 3584 3827 3638 appone
3854 3609 3868 3631 ,
3909 3569 3994 3624 die

2422 3669 2602 3715 autem
2633 3660 2741 3725 illa,
2783 3676 2886 3728 qua
2920 3660 3162 3715 relaxare
3186 3661 3389 3729 aliquid
3420 3661 3487 3715 de
3507 3669 3777 3715 consueta:
3798 3660 3993 3729 regula:

2421 3766 2649 3805 censura
2678 3750 2927 3814 volueris,
2962 3758 3125 3805 totam
3152 3751 3245 3804 tibi
3269 3765 3531 3804 summam
3560 3749 3793 3818 prmfixre
3817 3765 3990 3819 quan-

2421 3841 2593 3894 titatis
2619 3839 2860 3909 indulge;
2895 3849 2948 3893 et
2986 3848 3109 3894 tunc
3141 3839 3409 3893 suﬂiciens
3438 3840 3545 3899 erit
3572 3854 3695 3893 raro
3724 3853 3941 3892 censum
3975 3876 3991 3903 ,

2421 3932 2565 4000 quod
2603 3944 2742 3985 nunc
2788 3928 3055 3983 modicqu
3092 3931 3299 3983 videtur
3323 3928 3689 3983 indifferenter
3731 3928 3988 3982 oblatum.

2423 4018 2537 4073 lloc
2567 4026 2742 4070 autem
2776 4016 2829 4069 in
2857 4024 3016 4069 tanta:
3042 4018 3299 4083 angustia:
3333 4015 3652 4069 necessitate
3675 4015 3991 4077 remedium,

2428 4115 2699 4172 utcunque
2726 4118 2794 4158 ex
2822 4103 3152 4157 consulentis
3179 4104 3373 4160 merito
3404 4103 3630 4171 placuit;
3666 4102 3758 4156 sed
3783 4101 3995 4155 curiosa

2426 4210 2564 4250 meae
2598 4196 2878 4249 edacitatis
2902 4195 3376 4259 intentio,fateor,
3412 4210 3515 4249 non
3546 4193 3686 4261 quod
3712 4193 3995 4261 praestola-

2419 4282 2603 4347 batur,
2635 4284 2858 4339 audivit.
2894 4282 3075 4353 Nuper
3124 4285 3286 4338 etiam
3341 4283 3471 4337 mihi
3514 4283 3656 4335 inter
3709 4282 3991 4336 familiaria

2421 4382 2623 4429 multis:
2678 4371 3046 4428 collocutionis
3106 4373 3268 4428 verba
3328 4372 3607 4426 subintulit
3665 4390 3677 4422 :
3745 4370 3933 4425 Frater
3975 4411 3988 4435 ,

2418 4459 2614 4529 inquit,
2640 4461 2735 4525 mi,
2768 4459 2963 4515 faciant
2993 4461 3079 4514 alii
3112 4476 3300 4530 magna
3334 4461 3601 4530 quaedam,
3640 4468 3797 4527 prout
3820 4460 3990 4529 gratia

2417 4550 2524 4610 Illis
2549 4551 2729 4605 divina
2772 4553 3109 4621 praestiterit;
3156 4552 3453 4605 intirmitati
3501 4562 3678 4605 autem
3719 4566 3849 4605 mea:
3886 4566 3991 4603 non

4094 3381 4179 3435 vel
4209 3384 4495 3452 perexigua
4530 3395 4704 3446 nocte,
4738 3387 4889 3455 prius
4908 3403 4937 3441 a
4970 3388 5222 3444 fratribus
5250 3390 5315 3444 ad
5344 3392 5651 3446 nocturnale

4096 3472 4449 3525 conveniatur
4478 3472 4709 3527 ollicium
4729 3514 4745 3541 ,
4784 3492 4944 3544 quam
4972 3477 5059 3530 ille
5089 3478 5395 3547 psalterium
5443 3493 5652 3533 morose

4096 3559 4319 3623 habeat,
4368 3563 4700 3617 decantando
4729 3580 4849 3618 cum
4903 3567 5014 3621 suis
5059 3567 5296 3630 litaniis,
5345 3566 5648 3635 impletum;

4094 3653 4432 3717 postmodum
4478 3666 4642 3715 vero,
4684 3654 4836 3722 juxta
4882 3670 5082 3709 morem
5120 3657 5303 3718 eremi,
5345 3656 5648 3725 psalterium

4092 3755 4191 3807 pro
4216 3740 4485 3795 defunctis
4514 3742 4765 3796 exsolvit.
4816 3743 4983 3798 Porro
5016 3753 5193 3800 autem
5225 3761 5341 3799 cum
5384 3745 5494 3811 jam
5524 3786 5540 3810 ,
5593 3757 5649 3800 ut

4093 3830 4197 3885 fert
4221 3833 4421 3900 opinio,
4459 3845 4671 3888 centum
4707 3836 5053 3905 quadraginta
5086 3837 5258 3891 aetatis
5294 3850 5458 3889 annos
5496 3852 5651 3891 exce-

4094 3920 4205 3985 dat,
4239 3933 4522 3990 postquam
4574 3937 4633 3975 se
4684 3934 4992 3977 constanter
5048 3924 5295 3986 inclusit,
5348 3924 5445 3976 bac
5489 3925 5649 3978 etiam

4096 4009 4211 4077 lege
4253 4011 4609 4073 constrinxit,
4652 4020 4711 4062 ut
4748 4011 4986 4080 quotidie
5025 4026 5083 4066 se
5122 4011 5296 4079 scopis
5324 4011 5651 4079 gravioribus

4096 4107 4361 4162 atterrat;
4401 4099 4545 4152 nullo
4580 4099 4741 4153 etiam
4775 4100 4861 4153 die
4895 4101 4994 4154 nisi
5034 4100 5409 4154 celebrioribus
5453 4098 5600 4153 festis
5627 4138 5649 4165 ,

4094 4190 4239 4243 circa
4271 4204 4547 4257 chperam
4597 4197 4801 4243 tantum
4834 4228 4847 4251 .
4880 4188 5185 4243 comedendi
5216 4189 5648 4243 consuetudinem

4093 4279 4285 4333 solvat.
4318 4280 4371 4332 ln
4401 4278 4544 4333 omni
4580 4286 4755 4333 tamen
4783 4278 4891 4333 vita
4917 4294 5011 4333 sua
5036 4294 5302 4348 nunquam
5340 4279 5646 4347 sanguinem

4091 4367 4286 4421 mmttit
4314 4408 4327 4432 ,
4356 4380 4626 4436 nunquam
4667 4368 4963 4422 antidotum
5010 4368 5253 4435 sumpsit.
5281 4366 5407 4423 lllud
5438 4379 5647 4434 quoque

4089 4458 4523 4525 praetereuntium
4555 4473 4659 4511 non
4687 4465 4793 4522 est,
4832 4459 4955 4525 quia
4999 4458 5077 4510 sic
5110 4457 5229 4509 oleo
5258 4454 5449 4508 laetitiae
5477 4455 5643 4523 gratia

4094 4545 4243 4599 illum
4271 4547 4449 4599 divina
4483 4548 4753 4613 perunxit,
4791 4556 4849 4599 ut
4878 4561 4975 4601 nec
5007 4545 5190 4599 senilis
5222 4544 5454 4613 gravitas
5478 4543 5645 4597 tristia

2420 4641 2682 4696 erubesco
2724 4620 2971 4695 sufficem.
2998 4682 3012 4705 ,
3044 4642 3085 4695 si
3116 4656 3213 4710 per
3242 4642 3355 4695 dies
3380 4640 3617 4709 singulos
3647 4640 3780 4691 duos
3822 4652 3992 4691 annos
4022 4620 4070 4678 υ
4097 4636 4195 4689 sibi
4228 4650 4321 4688 ora
4356 4638 4698 4697 contrahere,
4727 4650 4824 4689 nec
4857 4636 4960 4689 vita
5008 4636 5263 4688 remotior
5292 4634 5341 4686 in
5365 4632 5477 4700 ejus
5498 4632 5641 4687 vultu

2423 4732 2753 4802 pteuitentize
2783 4732 2951 4799 possit
2987 4732 3229 4799 implere.
3274 4732 3574 4796 Aliquando
3613 4737 3793 4781 autem
3821 4767 3833 4789 ,
3868 4727 3992 4780 dum

2423 4833 2513 4875 me
2565 4820 2948 4873 tentationibus
3006 4820 3255 4872 resistere
3309 4817 3595 4885 prudenter
3657 4818 3989 4881 instrueret,

2423 4907 2568 4975 quod
2614 4921 2769 4959 suum
2821 4914 2973 4966 erat,
3031 4904 3116 4959 alii
3149 4905 3437 4974 contigisse
3489 4904 3745 4957 narravit.
3808 4903 3934 4957 Novi
3974 4943 3988 4966 ,

2422 4997 2633 5064 inquit,
2678 4996 2899 5049 lratrem
2947 5009 3143 5063 quem,
3194 4995 3317 5049 dum
3358 4994 3726 5048 fornicationis
3771 4993 3991 5060 Spiritus

2421 5088 2657 5157 graviter
2684 5087 2931 5155 fatigaret
2978 5098 3033 5141 ct
3084 5088 3169 5144 ille
3199 5087 3403 5142 ercbris
3455 5088 3789 5141 orationibus
3829 5088 3989 5141 vehe-

2421 5185 2633 5229 menter
2680 5176 2990 5239 insisteret,
3048 5178 3259 5230 tandem
3322 5186 3475 5231 nocte
3539 5178 3767 5245 quadam
3831 5192 3991 5245 super

2425 5273 2655 5319 stratum
2694 5265 2992 5334 quiescenti
3041 5268 3257 5333 angelus
3288 5266 3378 5321 Dei
3423 5267 3665 5320 cominus
3696 5268 3864 5319 astitit
3895 5307 3907 5327 ,
3940 5276 3992 5319 et

2425 5365 2643 5423 arrepto
2690 5355 2831 5410 ferro
2860 5356 3130 5410 testiculos
3159 5355 3271 5424 eius
3317 5359 3565 5412 abscidit.
3613 5358 3854 5428 Cumque
3906 5359 3993 5413 ille

2421 5445 2652 5515 vigilare
2674 5460 2731 5499 se
2750 5446 3013 5506 crederet,
3037 5445 3129 5500 sed
3153 5447 3385 5501 numinis
3406 5450 3723 5503 auctoritate
3750 5465 3985 5516 pressus,

2421 5536 2554 5607 quid
2586 5546 2830 5605 ageretur
2871 5536 3143 5605 inquirere
3187 5553 3292 5591 non
3347 5539 3587 5602 auderet,
3619 5550 3817 5593 tantam
3846 5540 3993 5591 dolo-

2426 5626 2505 5682 ris
2522 5625 2630 5678 vim
2654 5626 2707 5679 in
2732 5626 3047 5695 genitalibus
3066 5627 3304 5695 pertulit,
3330 5643 3395 5682 ac
3422 5629 3466 5682 si
3501 5643 3682 5681 revera
3716 5628 3992 5682 materiale

2431 5717 2763 5785 chriurgium
2788 5727 2990 5787 partem
3018 5719 3259 5787 corporis
3283 5719 3561 5773 secuisset.
3594 5720 3672 5772 Ah
3719 5734 3782 5772 eo
3814 5721 3991 5787 itaque

2435 5813 2671 5875 tempore
2696 5806 2860 5862 frater
2888 5807 2975 5861 ille
3003 5825 3103 5863 izon
3135 5809 3291 5862 modo
3320 5805 3622 5880 hujusmodi
3655 5809 3993 5876 passionibus

4096 4728 4333 4796 potuerit
4386 4727 4613 4797 rigidum
4658 4727 4783 4795 quid
4822 4725 4902 4780 vel
4943 4740 5187 4793 asperum
5235 4738 5520 4793 generare;
5554 4722 5644 4777 sed

4096 4832 4307 4886 semper
4364 4816 4548 4869 hilaris
4580 4856 4593 4879 ,
4642 4830 4853 4883 semper
4915 4815 5067 4869 hctus
5099 4854 5113 4877 ,
5173 4827 5377 4881 semper
5415 4811 5645 4865 occurrit

4096 4912 4301 4959 urbana
4334 4906 4562 4975 quaxlam
4596 4908 4882 4959 serenitate
4911 4905 5153 4958 festivus.

4674 4994 4902 5049 CAPUT
4950 4993 5075 5046 Vlll.

4542 5086 4613 5139 De
4640 5085 4910 5139 Dominico
4940 5082 5199 5137 Loricam.

4171 5176 4271 5231 Sed
4306 5192 4401 5231 cur
4431 5192 4557 5243 ergo
4605 5184 4821 5227 sanctos
4847 5172 5312 5226 commemorando
5346 5171 5489 5225 viros
5513 5211 5526 5233 ,
5564 5171 5641 5224 di-

4097 5284 4248 5321 versa
4297 5269 4494 5337 passim
4540 5267 4653 5318 loca
4708 5264 5003 5333 perlustro?
5044 5262 5466 5331 quandoquidem
5510 5263 5641 5314 intra

4097 5361 4279 5424 limen,
4314 5369 4366 5413 et
4395 5374 4505 5427 prce
4553 5357 4798 5410 manibus
4830 5364 4981 5410 teneo
5006 5397 5020 5419 ,
5057 5356 5121 5409 ad
5147 5352 5297 5420 cujus
5343 5353 5497 5421 digne
5523 5350 5642 5403 effe-

4100 5452 4260 5503 renda
4312 5448 4577 5519 prmeonia
4617 5446 4785 5514 impar
4822 5446 5024 5501 viribus
5062 5460 5165 5499 non
5212 5457 5447 5509 assurgo.
5494 5441 5642 5495 Certo

4097 5543 4299 5597 cellulis
4351 5540 4670 5591 altrinsecus
4719 5536 5065 5599 constitutis,
5115 5534 5228 5587 solo
5265 5530 5492 5585 basilica:
5540 5543 5643 5581 me-

4099 5631 4292 5683 diantis
4324 5627 4614 5681 interstitio
4640 5666 4653 5689 ,
4696 5640 4795 5694 ego
4847 5626 5043 5693 illeque
5067 5625 5383 5685 dividimur;
5428 5620 5573 5689 cujus
5602 5619 5640 5669 si

4098 5719 4385 5772 virtutibus
4416 5716 4792 5769 enumerandis
4819 5714 5055 5781 invigilo,
5111 5726 5234 5766 ante
5280 5712 5391 5764 dies
5424 5710 5643 5763 elabitur

4097 5824 4255 5877 quam
4280 5805 4543 5862 scribendi
4576 5803 4796 5859 materia
4830 5803 5057 5860 deiicere
5081 5818 5235 5871 ρος-ρ
5267 5802 5515 5877 videatur.
5548 5799 5639 5851 De-
