5882 6600
932 414 1042 479 757

1945 394 2316 469 Causea-.1.-
2358 429 2427 442 —
2460 397 2550 455 DE
2592 395 2754 453 Vl'l‘A
2795 390 3189 454 EREMITICA.

4095 383 4204 441 758

934 534 1195 594 ninicum
1246 532 1368 587 dico
1396 570 1412 595 ,
1459 498 1737 584 doctorem
1786 521 2037 579 videlicet
2068 563 2083 586 ,
2134 525 2195 574 et
2236 515 2513 571 dominum
2544 514 2591 573 Δ
2618 509 2941 584 accepit‘Ul
2970 511 3091 569 Cor.
3121 510 3183 579 ι).
3224 506 3377 575 Quod
3405 506 3567 560 etiam
3616 500 3887 558 innumeri
3932 508 4205 595 martyres

937 642 1153 691 meum;
1184 623 1338 692 cujus
1366 621 1583 690 quidem
1623 618 1805 689 lingua
1857 616 2055 669 rustica
2103 621 2182 667 est
2214 650 2227 674 ,
2278 608 2372 664 sed
2400 608 2513 661 vita

936 715 1232 771 artiﬁciosa
1263 712 1397 768 satis
1423 720 1477 765 et
1510 709 1684 778 lepida
1711 748 1725 769 ,
1758 720 1880 776 qua:
1919 719 2051 759 sane
2094 702 2203 755 vita
2245 696 2379 753 satis
2404 698 2512 750 uti-

938 806 1045 860 lius
1067 805 1133 857 ad
1158 800 1567 855 aediﬁcationem
1598 797 1734 850 vivis
1762 795 2017 863 operibus
2045 790 2322 860 praedicnt,
2351 800 2514 855 quam

936 894 1141 952 sterilis
1168 891 1526 959 quorumdam
1557 889 1758 954 lingua,
1792 901 1913 955 quae
1940 894 2189 939 accurata
2224 880 2515 950 phaleratus

937 984 1264 1039 urbanitatis
1294 979 1457 1035 verba
1488 979 1670 1032 inania
1706 976 1951 1030 trutinat.
1981 974 2163 1042 Longo
2188 972 2301 1039 jam
2348 981 2516 1045 anno.

934 1088 1056 1130 rum
1102 1075 1349 1129 elabente
1393 1069 1641 1128 circulo,
1709 1067 1886 1121 ferrea
1942 1065 2009 1117 ad
2074 1076 2292 1116 carnem
2348 1060 2515 1114 lorica

934 1167 1300 1235 praecinctus,
1360 1158 1787 1216 infmderabilem
1844 1169 2076 1224 pugnam
2136 1168 2257 1207 cum
2316 1149 2515 1220 iniquis

934 1256 1220 1324 spiritibus
1270 1253 1539 1312 conserit;
1587 1263 1801 1316 semper
1856 1255 2075 1314 paratus
2117 1244 2183 1298 ad
2229 1242 2471 1312 prmlium
2499 1277 2513 1303 ,

935 1359 1045 1399 non
1101 1342 1272 1398 solum
1320 1339 1486 1394 corde
1517 1376 1533 1401 ,
1587 1338 1685 1398 sed
1736 1344 1793 1389 et
1837 1349 2069 1402 corpore
2122 1332 2511 1408 ρηίδιηιιηίιιιεζ

934 1436 1200 1490 adversus
1244 1429 1468 1484 hostiles
1506 1428 1651 1481 acies
1713 1425 1951 1479 fervidus
1998 1422 2230 1478 bellator
2294 1421 2513 1475 incedit.

936 1523 1088 1577 lianc
1136 1528 1315 1574 autem
1364 1518 1632 1573 continuae
1660 1516 1783 1568 vitae
1822 1513 2267 1568 consuetudinem
2309 1507 2516 1565 indiffe-

934 1620 1119 1669 renter
1142 1612 1340 1675 habet,
1372 1617 1433 1662 ut
1470 1608 1563 1661 vix
1605 1605 1719 1660 dies
1746 1603 1853 1658 ulla
1884 1609 2208 1672 praetereat,
2255 1600 2386 1669 quin
2412 1599 2517 1653 duo

933 1702 1190 1775 psalteria
1231 1698 1551 1755 modulanda
1582 1703 1813 1763 utraque
1854 1708 2015 1748 manu
2047 1690 2225 1760 scapis
2262 1697 2469 1743 armata
2498 1726 2513 1752 ,

934 1793 1139 1848 nudum
1184 1798 1379 1857 corpus
1430 1786 1615 1840 allitlat
1647 1824 1662 1848 ,
1695 1794 1746 1838 et
1796 1782 1901 1836 hoc
1942 1780 2240 1835 remissiori
2293 1776 2515 1847 quidem

934 1842 1394 1951 tempmmvliam
1468 1842 2027 1944 quadragesimalibus
2083 1842 2336 1931 circulis,
2400 1842 2591 1920 siveB

932 1985 1060 2028 cum
1100 1967 1474 2039 paenitentiam
1520 1963 1883 2033 peragendam
1924 1961 2088 2015 habet
2131 1960 2343 2026 (crebro
2372 1959 2517 2013 enim

929 2067 1151 2115 centum
1200 2071 1461 2110 annorum
1516 2052 1892 2123 penitentiam
1943 2049 2209 2119 suscipit),
2237 2059 2365 2105 tunc
2424 2064 2519 2118 per

934 2147 1051 2201 dies
1078 2144 1320 2212 singulos
1349 2143 1474 2196 dum
1529 2155 1589 2194 se
1619 2132 1905 2209 scoparum
1937 2138 2273 2194 tunsionibus
2310 2136 2515 2201 allicit,

932 2238 1001 2290 ad
1028 2234 1205 2289 minus
1230 2234 1333 2287 tria
1361 2230 1611 2301 psalteria
1641 2229 1954 2285 meditando
1981 2228 2259 2298 persolvit.
2288 2228 2518 2283 Centum

932 2334 1118 2379 autem
1146 2336 1408 2376 annorum
1436 2321 1775 2388 paenitentia,
1816 2320 1957 2374 sicut
1984 2320 2101 2389 ipso
2128 2326 2349 2375 auctore
2375 2318 2519 2373 didi-

932 2416 1149 2478 cimus,
1199 2414 1277 2466 sic
1310 2410 1575 2477 expletur.
1622 2411 1791 2465 Porro
1831 2425 1953 2465 cum
2014 2410 2178 2464 trium
2233 2424 2520 2478 sc0parum

935 2502 1103 2557 millia
1129 2515 1290 2554 unum
1323 2499 1654 2569 ptenitentite
1680 2514 1879 2553 annum
1910 2499 2051 2567 apud
2074 2513 2174 2553 nos
2198 2498 2520 2567 regulariter

934 2592 1219 2659 expleant,
1260 2590 1443 2643 decem
1490 2596 1666 2641 autem
1714 2588 2043 2656 psalmorum
2088 2587 2419 2651 modulatio,
2461 2596 2521 2641 ut

934 2694 1075 2750 strpe
1104 2680 1389 2749 probatum
1435 2686 1520 2732 est
1554 2716 1569 2742 ,
1621 2678 1766 2732 mille
1809 2693 2006 2748 scopas
2057 2679 2343 2741 admittat;
2391 2679 2517 2733 dum

934 2778 1154 2825 centum
1210 2771 1605 2839 quinquaginta
1635 2769 1858 2838 psalmis
1897 2778 2153 2825 constare
2202 2770 2518 2839 psalterium

933 2873 1041 2916 non
1096 2859 1426 2929 ambigitur,
1482 2859 2037 2928 quinqueannorum
2088 2862 2410 2930 paenitentia
2462 2864 2517 2915 in

935 2946 1097 3016 huius
1126 2946 1367 3015 psalterii
1399 2946 1681 3015 disciplina
1718 2955 1865 3003 recte
1907 2948 2328 3018 supputantibus
2370 2950 2519 3005 inve-

932 3034 1103 3089 nitur.
1142 3033 1250 3089 Sed
1279 3035 1394 3089 sive
1438 3036 1677 3103 quinque
1720 3036 1868 3091 vices
1912 3027 2117 3103 ducas,
2172 3038 2284 3094 sive
2327 3039 2515 3109 viginti

931 3124 1255 3195 quinquies,
1300 3131 1517 3181 centum
1558 3124 1713 3179 fiunt.
1748 3124 2114 3195 Consequitur
2170 3142 2321 3197 ergo,
2352 3128 2519 3198 795

934 3221 995 3267 ut
1036 3213 1128 3281 qui
1159 3213 1345 3282 viginti
1398 3213 1651 3282 psalteria
1700 3229 1823 3269 cum
1880 3216 2161 3287 disciplina
2221 3217 2510 3282 decantat,

933 3312 1154 3358 centum
1182 3318 1443 3359 annorum
1473 3304 1847 3371 paenitentiam
1874 3321 1933 3361 se
1953 3307 2225 3377 peregisse
2257 3308 2513 3363 contidat.

932 3394 1253 3463 Quanquam
1307 3404 1363 3450 et
1416 3396 1469 3450 iu
1503 3396 1605 3454 hoc
1641 3397 1927 3467 plerosque
1971 3408 2157 3454 noster
2206 3386 2518 3456 Dominicus

932 3494 1181 3554 superet;
1229 3487 1354 3555 quia
1385 3501 1507 3541 cum
1536 3487 1781 3541 nonnulli
1810 3503 1972 3543 unam
2005 3504 2225 3543 manum
2259 3490 2311 3543 in
2352 3490 2516 3545 disci—

933 3575 1100 3645 plinis
1133 3577 1356 3646 agendis
1400 3587 1730 3642 exerceant,
1762 3579 1863 3634 iste
1912 3588 1971 3633 ut
2013 3595 2200 3635 revera
2238 3578 2517 3649 Beniamin

933 3667 1079 3722 filius
1106 3665 1268 3737 [filius
1295 3667 1432 3723 Gera
1477 3668 1569 3723 lilii
1604 3670 1826 3741 Jemini]
1853 3680 2039 3725 contra
2086 3670 2314 3726 rebelles
2338 3672 2517 3727 carnis

933 3755 1219 3811 illecebras
1289 3768 1520 3819 utraeue
1595 3773 1755 3813 manu
1825 3756 2237 3827 infatigabiliter
2315 3770 2517 3830 pugnat

934 3842 1140 3911 (Judic.
1174 3845 1276 3914 tn).
1307 3845 1459 3900 lianc
1489 3856 1668 3900 autem
1699 3860 1917 3902 centum
1948 3862 2211 3903 annorum
2247 3850 2514 3918 paeniten-

934 3934 1066 3988 tiam
1091 3975 1106 4001 ,
1134 3944 1195 3989 ut
1240 3936 1371 3990 mibi
1420 3938 1533 4003 ipse
1570 3936 1846 4005 professus
1871 3946 1956 3993 est
1980 3978 1995 4003 ,
2023 3937 2179 3994 facile
2204 3952 2295 3995 sex
2324 3940 2514 3996 diebus

929 4038 1001 4077 ex
1033 4038 1182 4079 more
1208 4034 1570 4080 οοηςυειηηεῑ.

1547 4112 1774 4170 CAPUT
1811 4114 1902 4170 IX.

1390 4200 1467 4257 De
1508 4204 1711 4258 ratione
1742 4203 2051 4275 disciplina.

1004 4288 1221 4345 Memini
1291 4304 1505 4360 quoque
1568 4293 1693 4359 quia
1744 4292 2022 4363 cujusdam
2079 4292 2512 4366 Quadragesimae

932 4380 1266 4436 lmminentis
1290 4381 1445 4435 initio
1474 4381 1621 4437 mille
1646 4398 1815 4437 annos
1839 4384 2040 4454 imponi
2066 4385 2167 4439 sibi
2197 4401 2295 4454 per
2317 4401 2415 4443 nos
2442 4388 2513 4443 ad

932 4467 1310 4539 pmnitentiam
1350 4469 1545 4539 petiit;
1587 4484 1721 4538 quos
1759 4480 1910 4527 certe
1936 4486 2126 4527 omnes
2151 4471 2321 4530 ferme
2361 4486 2511 4530 antc-

930 4572 1096 4625 quam
1120 4555 1311 4624 jejunii
1356 4566 1568 4627 tempus
1598 4560 1988 4628 transigeretur
2021 4560 2276 4631 explevit.
2313 4561 2371 4619 Si
2422 4564 2509 4619 cui

931 4653 1115 4700 autem
1163 4646 1265 4700 boc
1309 4648 1696 4716 pmnite:;:talis
1759 4650 2055 4719 disciplinae
2112 4668 2319 4721 genus,
2384 4655 2507 4723 quia

930 4735 1143 4799 durum,
1167 4736 1412 4791 videatur
1437 4738 1600 4792 etiam
1633 4738 1861 4794 fortasse
1894 4739 2246 4811 superfluum,
2280 4752 2336 4796 et
2363 4745 2506 4813 quod

930 4822 1045 4891 ipse
1089 4822 1267 4879 facere
1308 4826 1571 4896 negligit,
1620 4827 1737 4881 fieri
1785 4829 1951 4883 etiam
2005 4830 2167 4884 nolit:
2196 4833 2324 4901 quid
2372 4834 2506 4888 mihi

928 4911 1202 4979 peccatori
1251 4927 1415 4981 super
1463 4916 1564 4970 hac
1626 4918 1895 4973 sententia
1954 4919 2247 4985 videatur,
2324 4923 2509 4989 paucis

929 4999 1205 5055 absolvam
1232 5001 1366 5073 (27).
1400 5004 1622 5061 Devotio
1653 5017 1841 5064 sancta
1870 5009 2107 5065 ﬁdelium
2158 5026 2280 5065 cum
2322 5029 2381 5067 se
2408 5028 2506 5083 pro

932 5096 1279 5154 peccatorum
1337 5105 1559 5148 suorum
1619 5097 1880 5151 memoria
1930 5098 2241 5153 verberibus
2289 5100 2501 5166 allicit,

933 5176 1336 5232 communicare
1360 5193 1417 5233 se
1441 5181 1522 5235 sui
1556 5181 1931 5253 Redemptoris
1952 5188 2290 5256 passionibus
2310 5189 2503 5243 credit.

931 5260 1066 5318 Nam
1095 5274 1149 5320 et
1172 5266 1283 5335 ipse
1308 5266 1555 5325 Salvator
1585 5285 1793 5338 noster,
1814 5275 2109 5346 Evangelia
2139 5286 2302 5343 teste,
2323 5277 2503 5348 ﬂagel-

932 5350 1003 5410 lis
1028 5369 1199 5412 caesus
1226 5366 1311 5411 est
1361 5358 1552 5427 (Marc.
1587 5378 1638 5425 t;
1685 5364 1845 5419 Joan.
1898 5365 2135 5436 x1x);'et
2178 5370 2405 5438 apostoli
2452 5371 2504 5425 in

930 5453 1222 5530 conspectu
1272 5447 1482 5501 concilii
1517 5453 1831 5510 verberibus
1878 5467 1999 5511 sunt
2049 5458 2223 5514 affecti
2253 5460 2395 5530 (Act.
2425 5460 2505 5530 1);

930 5536 991 5586 et
1046 5529 1245 5588 Paulus
1303 5535 1589 5605 quinquies
1648 5542 2022 5609 quadrareuas
2121 5563 2226 5603 una
2290 5548 2502 5614 minus,

996 5676 1121 5751 (S7)
1142 5681 1295 5737 Conf.
1324 5687 1479 5755 epist.
1518 5689 1547 5739 8
1576 5690 1664 5741 tib.
1698 5708 1725 5741 γ
1754 5703 1801 5744 et
1839 5695 1851 5743 ι
1885 5694 1972 5746 lib.
2000 5712 2072 5749 vt.

2584 2138 2587 2141 ‘
2619 2129 2836 2183 modum
2866 2170 2881 2194 ,

2618 606 2771 661 duris
2818 602 3139 671 subjacuere
3165 598 3516 663 verberibus;
3557 597 3642 652 cui
3684 603 3839 647 vacat
3873 607 4060 646 eorum
4089 591 4207 646 bis.

2617 694 2785 749 torias
2808 692 3003 761 legere,
3033 704 3139 744 non
3166 689 3366 757 poterit
3398 690 3665 756 ignorare.
3704 684 3787 736 Ab
3826 681 3931 735 illis
3971 696 4099 751 ergo
4149 689 4208 735 et

2615 786 2759 840 hunc
2780 783 3116 851 ptenitentiae
3144 778 3364 833 modum
3396 791 3495 831 nos
3526 775 3833 843 suscepisse
3861 772 4164 842 gaudemus
4191 810 4207 833 ,

2617 887 2647 924 a
2674 872 2871 937 quibus
2918 868 3173 922 nimirum
3204 865 3447 920 omnium
3490 864 3790 917 studiorum
3836 858 4211 930 spiritualium

2617 960 2979 1013 instrumenta
3013 954 3319 1010 didicimus.
3352 952 3521 1007 Parro
3566 953 3611 1007 si
3651 950 3859 1019 jejunia
3885 990 3899 1017 ,
3945 949 4160 1019 vigilias
4193 988 4209 1013 ,

2616 1049 2914 1103 nuditatem
2941 1086 2957 1110 ,
2997 1045 3197 1110 cilicia,
3227 1058 3461 1113 genuum
3489 1041 3770 1105 ﬂexiones,
3797 1052 3851 1096 et
3886 1050 4081 1095 cratera
4126 1039 4216 1094 his

2618 1138 2817 1201 similia
2843 1179 2858 1201 ,
2903 1138 3107 1192 idcirco
3140 1135 3377 1191 remedia
3402 1134 3738 1208 paenitentia:
3779 1132 4164 1189 constituimus
4194 1172 4211 1194 ,
4240 1157 4245 1161 ’

2618 1238 2682 1282 ιιι
2698 1244 2795 1299 per
2825 1230 2941 1283 hac
2978 1227 3232 1281 vitiorum
3258 1226 3544 1282 illecebras
3574 1224 3946 1294 deprimamus
3975 1263 3990 1289 ,
4028 1234 4083 1278 et
4109 1221 4208 1278 de-

2618 1318 3001 1373 lectationibus
3049 1317 3285 1371 carniste
3338 1316 3556 1371 diverso
3582 1314 4003 1369 amaritudinem
4042 1327 4211 1383 appo-

2619 1423 2813 1462 namus
2840 1423 2855 1461 :
2882 1422 3003 1476 quae
3028 1407 3169 1461 inter
3197 1407 3314 1461 haec
3334 1405 3720 1477 congruentius
3752 1404 3855 1459 dici
3885 1403 4212 1473 poenitentia

2617 1502 2824 1566 potest,
2878 1510 3040 1565 quam
3084 1511 3207 1549 cum
3248 1510 3307 1550 se
3351 1503 3606 1565 peccator
3634 1495 3837 1550 nudum
3887 1495 3970 1549 sui
4009 1493 4212 1565 judicia

2618 1585 2927 1655 conspectui
2977 1594 3368 1655 reprmsentat,
3428 1594 3483 1639 et
3543 1586 4005 1654 deprebensorum
4057 1598 4213 1639 more

2618 1672 2884 1727 latronum
2914 1713 2929 1737 ,
2976 1673 3148 1742 ipsam
3183 1688 3303 1744 quae
3340 1682 3703 1744 peccaverat,
3736 1688 3961 1728 carnem
4009 1673 4211 1741 verbe-

2618 1761 2789 1815 rando
2811 1762 3075 1832 castigat?
3130 1761 3247 1817 Huc
3269 1763 3478 1818 accedit
3500 1761 3641 1833 quod
3670 1761 3960 1817 nonnullos
3980 1760 4215 1832 legimus

2620 1866 2743 1927 post
2789 1855 3002 1927 culpam
3053 1857 3105 1911 in
3141 1858 3345 1913 exstasi
3395 1858 3462 1913 ad
3495 1856 3758 1926 judicium
3802 1865 3987 1925 raptos
4013 1896 4028 1921 ,
4072 1855 4214 1911 hanc

2618 1946 2913 2002 exsolvisse
2938 1946 3235 2002 vindictam
3278 1948 3603 2016 (HIERONYI.
3656 1948 3809 2016 epist.
3845 1946 3916 2000 22
3981 1946 4051 1999 ad
4096 1944 4216 2000 Eu-

2619 2039 2831 2110 stoch.).
2871 2038 3281 2094 Credendumne
3297 2054 3427 2109 ergo
3455 2048 3540 2095 est
3558 2039 3687 2109 quin
3718 2038 3861 2094 hunc
3882 2038 4217 2108 pmuitentia:

2938 2144 3099 2198 quem
3152 2128 3314 2185 Deus-
3351 2130 3465 2200 ipse
3500 2144 3529 2183 a
3574 2129 3881 2185 nolentibus
3926 2128 4136 2200 exigit,
4183 2144 4216 2183 a

2621 2221 2832 2277 devotis
2878 2230 2933 2277 et
2960 2222 3105 2277 ultro
3152 2218 3506 2278 oﬂ‘erentibus
3536 2223 3810 2293 suscipere
3861 2222 4217 2277 contemnat?

2620 2312 2745 2368 Haec
2774 2327 2869 2383 per
2898 2328 3183 2370 excessum
3212 2314 3657 2369 commendandae
3696 2312 3996 2381 disciplinae
4038 2311 4216 2385 gratia

2621 2405 2878 2469 diximus,
2900 2413 2961 2458 ut
2990 2405 3191 2459 teneris
3219 2413 3273 2459 et
3304 2405 3548 2460 delicatis
3584 2404 3868 2460 monachis
3894 2404 4216 2460 detrahendi

2623 2494 2904 2548 audaciam
2934 2493 3263 2551 tolleremus.
3300 2494 3455 2551 Nunc
3496 2494 3564 2549 ad
3602 2494 3750 2548 Dom‘
3782 2495 3938 2548 sicum
3966 2534 3980 2559 ,
4011 2494 4078 2548 de
4105 2509 4216 2563 quo

2621 2594 2861 2654 cmperat
2887 2624 2902 2649 ,
2934 2599 3114 2641 sermo
3146 2594 3413 2641 recurrat.
3445 2585 3603 2640 Enim
3629 2600 3760 2640 vero
3782 2601 3906 2640 cum
3936 2585 4079 2641 hunc
4103 2585 4216 2655 jam

2621 2684 2673 2729 et
2729 2676 2950 2730 incurva
2993 2686 3247 2732 senectus
3279 2678 3589 2747 deprimat,
3635 2687 3691 2731 et
3738 2678 3948 2733 crebris
3991 2679 4217 2746 insuper

2621 2762 2967 2833 languoribus
3008 2767 3402 2832 contabescat,
3458 2768 3658 2821 mirum
3713 2767 3853 2823 unde
3904 2767 3979 2821 illi
4031 2776 4214 2825 tantus

2618 2852 2803 2908 fervor
2829 2855 3101 2919 incendat,
3129 2864 3189 2909 ut
3218 2857 3270 2910 in
3302 2857 3677 2926 spiritualibus
3698 2858 3975 2913 exercitiis
3997 2872 4217 2928 semper
4250 2848 4251 2851 “

2620 2942 2900 3006 invictum,
2933 2956 3147 3014 semper
3190 2943 3580 3017 infatigabilem
3607 2959 3667 3001 se
3701 2946 3910 3023 reddat.
3944 2946 4081 3002 Nam
4129 2958 4214 3014 ut,

2620 3031 2738 3099 ipso
2788 3032 3059 3087 referente
3111 3035 3379 3105 cognovi,
3437 3049 3580 3105 saepe
3628 3038 3735 3091 duo
3784 3037 4041 3105 psalteria
4088 3054 4213 3093 cum

2623 3120 2921 3190 disciplinis
2969 3122 3162 3177 stando
3190 3124 3510 3190 continuat,
3562 3126 3636 3179 ita
3666 3133 3726 3180 ut
3769 3140 3946 3195 neque
3990 3128 4210 3185 interim

2623 3208 2850 3282 sedeat,
2906 3224 3080 3279 neque
3112 3212 3198 3266 vel
3246 3214 3314 3267 ad
3376 3223 3709 3268 momentum
3760 3230 3790 3269 a
3843 3218 4210 3285 percussioni-

2620 3296 2720 3352 bus
2750 3298 3050 3353 incredibili
3100 3300 3298 3356 mentis
3339 3302 3552 3365 fervore
3603 3304 3868 3372 quiescat.
3906 3307 4213 3376 inquirenti
4274 3376 4277 3379 ν

2622 3389 2755 3443 mihi
2802 3389 3134 3460 aliquando,
3193 3401 3376 3457 utrum
3432 3402 3615 3462 posset
3666 3409 3788 3450 cum
3844 3394 4038 3453 ferreae
4115 3412 4213 3454 ve-

2620 3478 2718 3533 stis
2784 3480 3026 3549 pondere
3078 3481 3475 3554 aliquantisper
3501 3499 3736 3555 genuum
3794 3486 4023 3543 tlexibus
4064 3488 4215 3545 insu-

2620 3567 2784 3635 dare;
2848 3571 2947 3625 sub
3013 3570 3116 3626 h‘ac
3170 3572 3302 3627 mihi
3360 3573 3508 3629 dedit
3578 3576 3909 3633 obscuritate
3982 3593 4211 3648 respon-

2618 3674 2769 3729 sum;
2799 3660 2964 3732 796
2989 3660 3122 3716 Cum
3153 3662 3495 3719 incolumitas
3527 3665 3657 3719 mihi
3688 3668 3869 3722 votiva
3901 3671 4210 3739 respondet,

2619 3749 2943 3819 quandoque
2994 3766 3093 3820 per
3139 3767 3328 3809 omnes
3398 3756 3562 3810 totius
3616 3757 3857 3826 psalterii
3910 3761 4214 3830 quindenos

2617 3838 2853 3908 psalmos
2882 3840 3087 3896 centies
3121 3856 3297 3911 genua
3346 3841 3566 3901 flectere
3595 3850 3870 3905 consuevi.
3902 3850 4057 3918 Quod
4086 3854 4211 3922 qui-

2617 3929 2740 3985 dem
2779 3939 2905 3986 tunc
2936 3946 3042 3988 non
3088 3933 3375 4005 diligenter
3423 3937 3650 4001 attendi,
3699 3946 4049 4009 postmodum
4080 3959 4211 4001 vero

2615 4020 2761 4090 quod
2800 4020 3002 4076 dictum
3050 4020 3245 4091 fuerat,
3292 4033 3475 4082 mente
3519 4028 3821 4097 revolvens,
3874 4046 3904 4085 a
3954 4033 4212 4104 depresso

2616 4107 2835 4164 homine
2861 4109 3007 4166 mille
3036 4120 3334 4187 metanteas
3362 4115 3415 4169 in
3447 4131 3554 4171 uno
3580 4118 3837 4187 psalterio
3867 4121 3984 4178 tieri
4037 4126 4213 4181 admi-

2615 4207 2767 4255 ratus
2794 4200 3010 4270 expavi.
3041 4186 3286 4268 Quadam
3321 4204 3408 4260 die
3449 4186 3911 4280 postvesperam,
3958 4214 4211 4272 cellulam

2615 4304 2791 4345 meam
2832 4292 3154 4362 ingressus:
3204 4294 3487 4367 Magister,
3539 4299 3714 4368 inquit
3750 4302 3876 4373 (hoc
3924 4305 4068 4360 enim
4122 4306 4207 4361 in-

2615 4379 2776 4466 digno
2804 4382 3068 4438 vocabulo
3111 4399 3199 4438 me
3227 4400 3295 4439 ex
3334 4386 3641 4443 humilitate
3670 4392 4003 4465 compellat),
4041 4394 4206 4453 hodie

2617 4466 2719 4523 feci
2782 4471 2926 4540 quod
2974 4471 3239 4529 hactenus
3284 4490 3372 4532 me
3422 4476 3616 4535 fecisse
3658 4496 3766 4537 non
3808 4485 4053 4551 memini,
4084 4497 4212 4547 octo

2614 4572 2809 4627 nempe
2842 4558 3275 4629 psalteriainter
3307 4564 3450 4621 diem
3494 4575 3549 4621 et
3599 4578 3815 4625 noctem
3864 4574 4208 4634 modulanter

2612 4647 2842 4717 explevi.
2889 4650 3186 4707 Videbatur
3209 4662 3392 4711 autem
3423 4666 3550 4713 tunc
3583 4667 3727 4716 totus
3757 4662 3937 4720 vultus
3982 4666 4099 4737 ejus
4133 4668 4207 4730 ita

2613 4737 2791 4805 scopis
2821 4739 3059 4808 attritus,
3106 4757 3171 4798 ac
3214 4744 3549 4803 sulcantibus
3580 4751 3901 4819 quibusdam
3940 4754 4208 4814 vibicibus

2599 4826 2913 4896 livefactus,
2950 4826 3203 4902 tanquam
3239 4836 3283 4889 si
3306 4837 3413 4907 pila
3452 4836 3636 4906 fuerit,
3661 4842 3997 4911 ptisanarum
4030 4862 4201 4915 more,

2613 4928 2889 4976 contusus.
2919 4921 3223 4978 Psalmodia
3250 4941 3381 4981 sane
3410 4928 3485 4982 illi
3518 4929 3724 4993 idcirco
3752 4940 3858 4987 tam
3890 4933 4049 4992 facile
4076 4952 4203 5007 pro-

2613 5012 2784 5077 venit,
2815 5013 2941 5082 quia
2987 5030 3093 5070 non
3145 5024 3252 5073 tam
3288 5020 3477 5086 verba,
3526 5031 3586 5077 ut
3629 5023 3742 5092 ipse
3774 5027 3987 5091 asserit,
4020 5029 4201 5100 lingua

2611 5109 2984 5169 perstrepente
3032 5105 3276 5172 revolvit,
3307 5124 3466 5178 quam
3509 5126 3727 5167 sensum
3762 5116 3958 5170 mentis
3992 5118 4201 5175 vivaci-

2614 5196 2722 5241 tate
2767 5192 3053 5257 percurrit.
3082 5192 3383 5262 Aliquando
3412 5213 3443 5252 a
3490 5213 3576 5253 me
3607 5186 3845 5257 remotus
3876 5204 4155 5263 habitabat
4184 5226 4196 5272 ;

2614 5291 2844 5370 cumque
2873 5280 2938 5332 ad
2968 5296 3053 5334 me
3086 5284 3388 5351 ingressum
3437 5290 3633 5357 quibus
3666 5300 3791 5348 tunc
3829 5311 3888 5351 se
3919 5296 4041 5350 vita:
4070 5296 4202 5370 legi-

2610 5364 2712 5420 bus
2754 5377 2937 5436 ageret
2971 5369 3349 5441 inquisissem,
3390 5381 3667 5448 respondit
3712 5396 3777 5436 se
3801 5385 4096 5439 carnaliter
4122 5364 4201 5439 vi-

2611 5467 2756 5521 vere,
2786 5464 2839 5509 et
2864 5456 3087 5525 quintis,
3120 5475 3335 5533 semper
3362 5464 3509 5519 feriis
3534 5482 3658 5523 cum
3688 5468 4197 5529 Dominicis'diebus

2610 5558 2639 5598 a
2696 5546 2853 5604 solito
2898 5563 2957 5605 se
3004 5552 3344 5613 abstinentia)
3391 5557 3573 5630 rigore
3627 5562 3829 5617 laxare.
3884 5564 4199 5633 Requisitus
