5882 6648
0 0 1937 238 '—

0 6308 953 6648 ,ιι

2506 422 2610 475 759
2935 421 2993 475 S.
3029 420 3229 476 PETRI
3268 420 3541 475 DAMIAN!
3577 420 3729 475 OPP.
3768 421 4002 478 TOMUS
4033 422 4161 477 SEU
4198 422 4374 478 PARS
4413 423 4495 479 III.
4538 455 4608 467 —
4635 425 4989 483 OPUSCULA
5031 428 5249 483 VARIA.
5626 433 5734 488 760

2504 542 2689 588 utrum
2715 532 2988 601 pulmento
3006 532 3263 599 quolibet,
3314 533 3429 586 ovis
3444 530 3528 585 vel
3552 546 3713 585 caseo
3734 540 4070 585 vesceretur:
4105 537 4152 595 Α
4179 546 4337 594 rium,
4369 547 4468 586 nec
4496 534 4718 587 multum
4759 535 4962 595 timeas,
5011 535 5054 588 si
5103 535 5272 589 solita:
5299 535 5578 591 servitutis
5627 554 5733 592 non

2504 624 2743 694 negavit.
2779 623 2984 675 Rursus
3010 624 3057 675 si
3089 622 3326 690 piscibus
3354 632 3448 676 aut
3476 622 3695 691 pomis?
3748 623 3953 686 Pisces,
3982 622 4079 686 ait,

2504 724 2563 770 et
2584 728 2761 783 poma,
2792 712 2836 765 si
2863 726 2969 779 qua
2998 721 3140 775 sunt,
3169 713 3554 779 aegrotantibus
3588 714 3820 781 prtebeo.
3853 727 4081 779 quorum

2505 817 2614 857 non
2650 801 2925 855 minimam
2964 802 3357 855 multitudinem
3397 801 3578 869 jacere
3624 802 3679 853 in
3728 801 3928 853 nostris
3961 814 4082 867 par-

2507 889 2651 943 tibus
2696 888 3007 956 ingemisco.
3055 889 3297 957 Cumque
3345 890 3492 943 illum
3546 890 3710 942 durus
3754 898 3976 941 exactor
4027 889 4080 941 in

2507 985 2739 1045 angusto
2764 975 3161 1035 concluderem.
3186 977 3399 1030 dicens:
3429 976 3579 1029 Unde
3605 990 3734 1043 ergo
3764 975 3866 1027 illis
3894 974 4081 1028 diebus

2510 1064 2791 1117 remissius
2816 1064 2969 1126 vivis,
2995 1064 3038 1115 si
3069 1064 3201 1116 nihil
3222 1077 3404 1116 eorum
3433 1063 3668 1117 comedis
3710 1078 3829 1129 quae
3858 1078 4079 1116 necesse

2508 1150 2578 1205 sit
2610 1150 2691 1204 vel
2728 1151 2938 1219 ignibus
2977 1152 3221 1218 decoqui,
3263 1151 3344 1203 vel
3395 1151 3448 1203 in
3482 1149 3762 1203 arboribus
3806 1150 4079 1203 inveniri?

2506 1242 2783 1309 respondit
2832 1258 2845 1290 :
2906 1240 3187 1302 Feniculo,
3236 1239 3438 1307 inquit,
3496 1253 3616 1291 cum
3662 1253 3801 1306 pane
3853 1240 4080 1291 libenter

2506 1342 2722 1382 vescor.
2749 1325 2867 1379 Mox
2898 1327 3146 1379 nimirum
3173 1327 3340 1395 perite
3363 1326 3582 1394 cognovi
3608 1340 3767 1395 quam
3794 1326 4081 1379 carnaliter

2508 1416 2672 1469 homo
2705 1415 2929 1479 viveret,
2964 1415 3055 1483 qui
3092 1430 3215 1468 snas
3248 1415 3467 1469 delicias
3510 1414 3564 1467 in
3609 1414 3838 1468 feniculo
3885 1413 4079 1467 consti-

2504 1508 2719 1559 tuisset.
2768 1504 2939 1558 liabet
2982 1506 3137 1572 plane
3172 1506 3392 1559 uberem
3437 1504 3795 1573 lacrymarum
3827 1502 4075 1569 gratiam,

2503 1591 2597 1646 sed
2642 1592 2923 1645 alternam.
2976 1592 3109 1645 Cum
3140 1592 3281 1645 enim
3332 1592 3573 1645 reclusus
3600 1592 3698 1645 sub
3729 1592 3976 1643 districto
4021 1606 4079 1644 se

2504 1678 2717 1734 silentio
2750 1680 3009 1748 reprimit,
3054 1690 3273 1743 mox,ut
3323 1681 3567 1740 voluerit,
3600 1679 3879 1733 afﬂuenter
3922 1679 4075 1747 plan-

2508 1770 2625 1837 git:
2655 1778 2711 1820 at
2739 1768 2783 1822 si
2824 1767 3089 1835 colloquio
3116 1766 3504 1835 frequentetur,
3531 1766 3712 1821 ﬂetum
3750 1781 3807 1820 se
3835 1767 4080 1821 amisisse

2503 1856 2875 1925 conqueritur.
2910 1854 3042 1908 Nam
3090 1866 3144 1919 et
3194 1870 3292 1924 ego
3329 1855 3402 1909 illi
3449 1870 3589 1924 saepe
3625 1856 3906 1923 penuriam
3950 1869 4079 1908 mea:
4108 1839 4152 1898 Β

2503 1943 2775 1997 tarditatis
2805 1943 3127 2013 impropero,
3161 1945 3387 1997 dicens:
3438 1944 3579 1997 Heu!
3615 1944 3853 2011 inquam,
3890 1945 3957 1997 ini
3991 1960 4081 2011 pa-

2502 2040 2617 2096 ter,
2654 2033 2770 2085 ista;
2824 2041 2927 2085 tuae
2980 2034 3229 2102 lacryme
3265 2033 3565 2086 infecunda:
3605 2043 3750 2093 sunt,
3789 2049 3906 2101 qua:
3950 2034 4082 2085 alias

2505 2124 2710 2177 orando
2735 2123 3001 2193 lacrymas
3021 2140 3210 2192 parere
3242 2136 3527 2193 nequeunt.
3548 2127 3797 2193 Optarem
3826 2140 4079 2193 namque,

2503 2209 2648 2276 quod
2700 2224 3034 2278 consequens
3086 2221 3187 2274 est,
3244 2214 3518 2275 nimirum,
3566 2224 3624 2263 ut
3672 2213 3810 2265 sicut
3852 2221 3905 2265 tu
3949 2214 4077 2266 ntihi

2502 2305 2658 2368 pater
2685 2312 2765 2363 es,
2808 2298 2879 2349 ita
2915 2297 3264 2351 nihilominus
3304 2308 3359 2352 et
3396 2307 3499 2351 tua:
3542 2298 3796 2368 lacryma:
3840 2314 4079 2352 mearum

2506 2400 2722 2457 quoque
2750 2386 3109 2455 lacrymarum
3136 2388 3325 2441 fierent
3352 2388 3660 2456 genitrices.

3124 2475 3349 2529 CAPUT
3388 2475 3457 2528 Χ.

2672 2564 2926 2619 Τεηεηάιε
2951 2565 3274 2619 discretionis
3298 2566 3583 2619 admonitio
3608 2582 3919 2620 necessarta.

2574 2656 2796 2711 Possem
2826 2655 2916 2708 tibi
2941 2655 3114 2709 adhuc
3140 2655 3303 2709 multa
3327 2657 3562 2723 quidem,
3590 2668 3644 2709 et
3674 2658 3775 2709 alia
3806 2673 3907 2709 non
3936 2658 4082 2725 igno-

2501 2744 2698 2800 biliora
2735 2744 2803 2797 de
2848 2744 2953 2806 his,
2988 2744 3076 2811 qui
3125 2744 3277 2797 nobis
3308 2744 3418 2797 noti
3464 2754 3608 2807 sunt,
3652 2745 3907 2798 fratribus
3944 2745 4079 2797 scri-

2502 2834 2716 2899 bere,si
2742 2850 2847 2889 non
2866 2850 3185 2903 magnopere
3211 2834 3535 2889 luxuriantis
3556 2836 3677 2903 styli
3708 2835 3975 2887 fastidium
3998 2838 4083 2889 de-

2509 2926 2980 2981 vitarem.Vereor
2995 2926 3157 2978 etiam
3172 2942 3235 2979 ne
3257 2925 3449 2993 pagina
3476 2925 3587 2977 haec
3607 2926 3659 2976 in
3678 2940 3864 2976 manus
3898 2939 4082 2976 eorum

2511 3016 2577 3070 de
2607 3014 2795 3083 quibus
2821 3013 3054 3081 loquitur
3102 3014 3313 3075 veniat;
3338 3021 3391 3065 et
3412 3027 3595 3065 eorum
3620 3012 3844 3071 animos,
3872 3012 3958 3076 qui
3979 3011 4085 3062 lau-

2509 3102 2626 3156 dari
2658 3102 2710 3154 itt
2751 3101 2850 3154 hac
2886 3102 2994 3151 vita
3036 3099 3375 3152 laudabiliter
3405 3106 3774 3157 exsecrantur,
3826 3097 4079 3149 offendat.

2510 3190 2640 3245 “me
2657 3198 2832 3242 autem
2860 3189 3058 3240 idcirco
3078 3188 3169 3240 tibi
3196 3187 3438 3255 exempla
3470 3186 3739 3252 proposui,
3761 3193 3817 3236 ut
3840 3186 3961 3235 dum
3982 3198 4088 3236 ma-
4116 3160 4159 3219 Ε
4193 3188 4333 3255 quod
4385 3160 4516 3240 dicis
4563 3206 4574 3238 :

2506 3276 2629 3348 jora
2657 3275 2904 3330 fortassis
2921 3275 3147 3327 aliorum
3170 3274 3309 3327 bona
3328 3274 3656 3334 consideras,
3689 3281 3776 3323 tua
3799 3271 4088 3340 dijudices;

2512 3378 2571 3425 et
2611 3378 2868 3422 tumorem
2917 3364 3301 3433 singularitatis
3346 3363 3623 3429 objiciens,
3664 3377 3785 3414 cum
3829 3361 4011 3415 multis
4043 3370 4092 3415 te

2515 3461 2639 3514 aliis
2660 3461 2712 3513 in
2740 3472 2908 3511 sacrm
2928 3456 3125 3508 militire
3145 3455 3317 3509 stadio
3336 3466 3556 3506 currere
3577 3467 3681 3505 non
3712 3452 3942 3519 ignores.
3971 3450 4091 3505 Mox

2514 3560 2579 3604 ut
2591 3550 2843 3603 dicuntur
2857 3562 2919 3599 ea
2941 3546 3056 3605 Job,
3073 3560 3190 3613 qmc
3204 3546 3448 3612 proprias
3470 3544 3609 3593 vires
3630 3542 3909 3602 excedant,
3934 3540 4094 3608 proti~

2517 3656 2622 3695 nus
2643 3642 2708 3692 ad
2727 3636 3053 3707 pmnitentize
3077 3635 3431 3703 patrocinium
3453 3632 3696 3686 convolat
3714 3631 3834 3700 (Job
3872 3632 4085 3695 tum),

2517 3729 2679 3801 797
2714 3727 2784 3781 ita
2820 3736 2878 3779 ut
2906 3727 3067 3779 etiam
3097 3725 3175 3776 ori
3215 3739 3310 3777 suo
3342 3724 3569 3791 digitum
3610 3730 3970 3790 superponat,
4004 3722 4088 3774 di-

2517 3833 2684 3874 cens:
2727 3836 2744 3868 (
2777 3817 2988 3870 Leviter
3012 3816 3221 3869 locutus
3251 3830 3369 3868 smn
3401 3814 3449 3883 (1
3483 3813 3611 3882 Reg.
3640 3814 3720 3882 χ).
3747 3831 3765 3863 ι
3800 3812 4089 3880 Postquam

2520 3918 2669 3962 certe
2717 3905 2921 3959 audivit
2990 3904 3133 3957 Elias
3192 3914 3395 3971 septem
3449 3902 3613 3956 millia
3670 3902 3911 3954 virorum
3968 3911 4092 3956 ante

2520 3997 2655 4051 Baal
2685 4010 2855 4067 genua
2888 4010 2994 4047 non
3031 3994 3262 4057 ﬂexisse,
3295 3993 3482 4046 didicit
3506 3992 3616 4057 jam
3660 4006 3763 4045 non
3806 3992 3871 4045 de
3912 3991 4091 4059 singu-

2522 4088 2739 4143 laritate
2767 4096 3084 4147 tumescere,
3115 4085 3235 4137 dum
3268 4084 3451 4151 plures
3478 4083 3797 4135 innocentiae
3827 4097 3931 4151 su.:_r
3963 4096 4091 4135 con-

2522 4186 2698 4233 sortes
2726 4176 2967 4229 haberet.
3006 4175 3071 4227 Et
3103 4175 3137 4226 ii
3182 4190 3329 4233 sane,
3384 4189 3611 4241 quorum
3660 4173 3906 4241 superius
3935 4188 4089 4225 men-

2523 4272 2724 4325 tionem
2754 4266 2878 4333 feci,
2920 4284 3023 4321 non
3049 4268 3202 4330 clari,
3248 4283 3354 4321 non
3386 4267 3598 4329 famosi,
3632 4283 3733 4319 non
3771 4276 3917 4320 certe
3949 4264 4089 4333 vulgi

2526 4361 2776 4429 opinione
2805 4358 3101 4421 notabiles;
3160 4358 3252 4411 sed
3276 4357 3626 4425 despicabiles
3664 4367 3718 4410 et
3756 4355 3983 4425 pannosi
4016 4358 4090 4409 ita

2529 4460 2587 4500 se
2611 4447 2766 4499 bonis
2793 4445 3039 4497 omnibus
3071 4444 3352 4499 inferiores
3387 4445 3651 4511 judicant,
3694 4454 3751 4497 ut
3796 4446 3955 4497 etiam
3996 4459 4090 4496 no-

2526 4533 2612 4586 bis
2660 4546 2735 4594 se,
2782 4532 3088 4599 nostrisque
3134 4530 3399 4584 similibus
3446 4531 3683 4597 quolibet
3723 4533 4092 4587 conversionis

2525 4621 2724 4675 iudicio
2770 4634 2873 4673 non
2926 4627 3262 4687 praeponam.
3308 4618 3467 4672 Nobis
3496 4630 3672 4671 autem
3718 4620 3923 4673 scilicet
3966 4637 4089 4674 con-

2527 4720 2809 4765 vescentes
2853 4724 2960 4762 non
3010 4706 3370 4777 dedignantur
3397 4708 3668 4763 communi
3701 4723 3887 4761 mensa
3928 4710 4093 4777 parti-

2530 4802 2727 4867 cipare,
2756 4800 2861 4852 imo
2886 4809 3139 4867 tanquam
3167 4813 3427 4869 suppares
3450 4812 3611 4852 omne
3638 4798 3791 4852 nobis
3817 4799 4094 4852 charitatis

2529 4887 2765 4941 olIicium
2798 4886 3129 4940 familiariter
3166 4887 3439 4942 exhibent.
3476 4887 3553 4939 Tu
3583 4901 3793 4955 quoque
3832 4888 3875 4940 si
3924 4898 4091 4951 recte,

2533 4977 2580 5030 si
2610 4977 2863 5039 diserete,
2916 4976 2959 5029 si
2999 4976 3271 5030 fructuose
3299 4993 3397 5046 per
3424 4977 3566 5029 viam
3601 4977 3683 5029 vis
3726 4992 3852 5031 vere
3886 4978 4097 5047 religio-

2533 5067 2619 5121 nis
2646 5066 2915 5130 ineedere,
2938 5067 3015 5120 sic
3050 5067 3357 5135 tibimetipsi
3388 5067 3462 5121 sis
3486 5079 3736 5121 austerus
3771 5078 3825 5121 et
3871 5069 4094 5135 rigidus,

2531 5166 2591 5212 ut
2628 5155 2747 5209 aliis
2790 5155 3024 5211 videaris
3064 5156 3247 5211 hilaris
3284 5166 3338 5211 et
3383 5159 3667 5221 remissus;
3725 5157 3802 5210 sic
3850 5158 3986 5211 intra
4022 5167 4093 5211 te-

2534 5247 2822 5315 metipsum
2870 5247 3085 5300 studeas
3124 5246 3177 5299 in
3224 5247 3561 5301 rectitudinis
3597 5262 3722 5299 arce
3768 5248 4095 5315 praecellere,

2534 5347 2596 5390 ut
2641 5337 2858 5391 noveris
2909 5344 2959 5391 te
3007 5345 3061 5390 ct
3099 5336 3323 5390 infirmis
3373 5336 3627 5391 fratribus
3677 5339 4098 5392 misericorditer

2538 5426 2825 5491 inclinare;
2858 5426 2935 5480 sic
2976 5426 3027 5480 in
3069 5426 3316 5480 tribunali
3347 5428 3541 5480 mentis
3569 5435 3669 5481 ture
3690 5427 3913 5494 justitia:
3948 5427 4093 5481 frena

2537 5514 2779 5581 dispone,
2824 5524 2881 5567 ut
2923 5524 3097 5569 tamen
3138 5516 3571 5583 delinquentibus
3612 5532 3713 5570 non
3745 5518 4095 5581 ohdurescas,

2538 5603 2820 5657 venialiter
2846 5604 3182 5673 indulgendo.
3218 5604 3300 5659 Sit
3334 5605 3387 5658 in
3428 5604 3588 5659 corde
3616 5622 3833 5672 maeror,
3864 5608 3914 5659 in
3950 5608 4093 5659 vultu

2543 5687 2754 5754 laetitia;
2786 5689 2836 5742 in
2878 5689 3056 5743 fratris
3085 5691 3309 5745 adventu
3340 5705 3466 5743 caro
3514 5700 3601 5743 tua
3646 5693 3841 5744 sentiat
3878 5692 4095 5761 refrige—

4184 620 4405 689 impleas
4430 636 4673 688 pensum.
4702 623 4950 676 Pulsante
4979 622 5218 676 cellulam
5247 633 5385 677 tuam
5417 625 5587 679 fratre
5611 641 5740 694 pro-

4180 712 4328 763 tinus
4369 712 4553 765 tristes
4585 728 4727 783 rngze
4773 714 5067 776 discedant,
5108 722 5377 769 contracta
5413 731 5469 769 se
5503 731 5608 770 ora
5649 730 5737 773 re.

4178 802 4409 867 solvant,
4452 818 4641 856 serena
4692 804 4850 856 facies
4884 813 5147 867 occurrat,
5183 804 5367 858 festina
5400 804 5547 859 frons
5590 806 5741 860 ἰτεῑὶ-

4180 891 4307 944 tiam
4350 892 4619 960 praeferat.
4672 893 4954 945 Peccatum
5002 900 5053 946 in
5100 903 5149 947 te
5197 897 5383 948 mortis
5430 896 5735 963 periculum

4179 980 4399 1046 deputa,
4427 981 4477 1033 in
4508 981 4627 1033 aliis
4654 981 4996 1049 fragilitatem
5027 983 5341 1036 conditionis
5370 985 5600 1052 appella.
5634 984 5737 1037 De-

4177 1080 4337 1119 cerne
4373 1068 4531 1121 alium
4580 1068 4744 1120 ferula
4788 1069 5027 1135 dignum,
5071 1069 5209 1123 unde
5256 1081 5305 1123 te
5353 1072 5736 1138 scorpionibus

4178 1155 4457 1208 arbitraris
4514 1156 4822 1209 obnoxium.
4882 1155 4996 1208 Non
5064 1159 5139 1211 sis
5199 1157 5390 1225 justior
5437 1157 5626 1225 justo;
5681 1171 5735 1214 et

4177 1244 4267 1309 qui
4312 1245 4465 1296 times
4503 1252 4716 1311 peccata
4747 1244 5105 1307 committere,
5139 1260 5241 1299 non
5283 1245 5489 1298 dubites
5515 1247 5735 1299 veniam

4176 1333 4518 1398 peccantibus
4565 1331 4856 1397 impertire.
4889 1329 5001 1383 Non
5048 1340 5129 1384 est
5171 1332 5257 1384 illa
5301 1343 5440 1385 recta
5479 1329 5723 1398 iustitia.

4177 1432 4295 1485 quae
4329 1419 4379 1471 in
4413 1419 4803 1486 desperationis
4829 1417 5036 1471 foveam
5082 1429 5285 1473 mentes
5309 1422 5571 1489 pertrahit
5600 1420 5734 1473 alie-

4177 1522 4293 1560 nas.
4343 1506 4457 1560 Non
4490 1517 4574 1560 est
4618 1507 4877 1561 medicina
4928 1508 5223 1570 laudabilis,
5272 1524 5387 1577 quae
5411 1509 5488 1561 sic
5515 1509 5735 1577 putrida

4177 1603 4422 1658 resecat,
4471 1605 4529 1647 ut
4562 1595 4719 1648 simul
4770 1596 4929 1648 etiam
4970 1610 5098 1648 sana
5146 1605 5471 1663 corrumpat.
5526 1595 5737 1650 Noxius

4178 1683 4317 1751 ignis
4352 1692 4452 1747 est,
4482 1685 4571 1751 qui
4609 1685 4685 1737 sic
4712 1685 4899 1737 nititur
4926 1699 5111 1751 vepres
5140 1699 5388 1746 exurere,
5431 1694 5490 1737 ut
5529 1684 5737 1739 insiliat

4178 1773 4338 1824 etiam
4385 1773 4573 1826 domos
4625 1773 4794 1840 globis
4838 1772 5135 1826 furentibus
5179 1771 5520 1839 canflagrare.
5576 1772 5734 1826 Enim

4181 1876 4331 1925 vero,
4382 1862 4473 1928 qui
4518 1862 4744 1914 aliorum
4794 1862 4923 1915 vitia
4973 1876 5037 1914 ex
5084 1876 5227 1915 more
5266 1862 5489 1915 libenter
5538 1862 5735 1929 carpit,

4180 1953 4382 2021 peccati
4415 1952 4619 2006 macula
4652 1967 4756 2005 non
4799 1952 5020 2013 evadet;
5062 1953 5183 2020 quia
5232 1953 5349 2005 licet
5379 1952 5491 2004 zelo
5510 1950 5739 2017 justitiae

4180 2041 4407 2103 ferveat,
4449 2042 4735 2109 aliquando
4781 2055 5000 2095 necesse
5040 2050 5123 2093 est
5174 2052 5228 2091 ut
5278 2041 5327 2093 in
5377 2040 5601 2105 laqueos
5644 2041 5736 2091 de-

4182 2129 4465 2182 tractionis
4489 2127 4970 2197 impingat..Plane,
4995 2127 5098 2181 nisi
5126 2128 5345 2180 multum
5374 2138 5556 2179 nostra
5584 2127 5737 2179 nobis

4179 2218 4287 2270 vita
4339 2217 4773 2285 splendesceret,
4826 2231 4930 2267 non
4994 2224 5267 2283 tantopere
5319 2215 5513 2267 nostris
5568 2212 5737 2268 oculis

4180 2305 4352 2358 aliena
4380 2303 4720 2357 conversatio
4758 2303 5084 2371 displiceret.
5119 2304 5173 2355 Si
5213 2302 5435 2355 distriCti
5464 2306 5610 2355 circa
5643 2316 5737 2353 nos

4180 2406 4448 2453 essemus,
4494 2400 4553 2443 ut
4599 2392 4815 2458 dignum
4852 2400 4953 2454 est,
4978 2390 5204 2456 judices,
5255 2404 5358 2442 non
5391 2398 5496 2442 tam
5535 2390 5735 2458 rigidos

4181 2480 4523 2547 experiretur
4566 2480 4741 2533 aliena
4779 2479 4931 2549 culpa
4965 2494 5241 2541 censores;
5274 2480 5324 2531 in
5372 2478 5503 2531 alios
5533 2477 5737 2531 scilicet

4182 2566 4475 2637 disciplina:
4498 2577 4692 2621 nostra:
4718 2568 4865 2635 vigor
4889 2568 5212 2630 extenditur,
5230 2569 5353 2619 dum
5379 2568 5519 2620 circa
5552 2582 5739 2619 exces—

4183 2672 4273 2711 sus
4307 2659 4547 2726 proprios
4574 2657 4681 2709 sola
4706 2656 4920 2724 pietatis
4946 2667 5000 2709 et
5028 2656 5443 2709 mansuetudinis
5470 2657 5588 2723 jura
5619 2670 5733 2708 ser-

4180 2757 4395 2801 vantur.
4416 2747 4520 2799 Sed
4548 2762 4801 2814 quorsum
4825 2747 4923 2799 ista
4939 2746 4960 2797 ’ἰ
4976 2745 5106 2811 Quia
5124 2745 5314 2797 diceris
5335 2759 5518 2797 omnes
5542 2742 5737 2796 fratrrs

4185 2847 4303 2890 tuos
4342 2846 4447 2888 tam
4496 2846 4735 2895 austera,
4769 2843 4873 2887 tam
4906 2832 5249 2901 supereiliosa
5292 2831 5583 2899 diiudicare
5611 2844 5733 2881 sen-

4188 2927 4376 2987 tentia,
4423 2934 4479 2975 ut
4509 2938 4602 2989 per
4640 2924 4802 2975 totius
4834 2922 4958 2974 anni
5004 2921 5258 2973 circulum
5297 2920 5505 2972 nonnisi
5553 2920 5733 2977 semel,

4184 3023 4237 3065 et
4271 3023 4393 3065 tunc
4452 3028 4557 3065 non
4612 3027 4639 3063 a
4696 3012 4771 3063 tui
4828 3010 5135 3064 monasterii
5190 3009 5591 3068 sacerdotibus,
5648 3010 5736 3057 sed

4193 3102 4405 3153 aliunde
4434 3101 4690 3167 quaesitis,
4720 3100 4899 3152 divina
4938 3100 5201 3167 percipias
5226 3108 5579 3149 sacramenta.
5615 3098 5737 3148 Dico

4636 3187 4767 3253 Quis
4830 3188 4969 3240 hunc
5020 3186 5382 3253 presbyterum
5432 3182 5735 3235 ordinavit?

4194 3279 4599 3345 Respondetur,
4648 3277 4735 3329 ille
4783 3276 5082 3345 episcopus.
5132 3272 5196 3325 Et
5250 3272 5453 3339 ipsum,
5503 3272 5625 3331 ais,
5674 3271 5737 3319 ad

4193 3369 4532 3434 episcopatus
4580 3364 4809 3420 oﬂicium
4854 3362 5106 3432 qualiter.
5151 3371 5240 3415 aut
5284 3360 5401 3427 quis
5438 3357 5735 3427 promovit?

4194 3457 4339 3525 Papa
4371 3458 4609 3519 scilicet;
4655 3457 4886 3524 qualiter
4916 3465 5115 3513 autem,
5154 3453 5250 3520 ipsi
5288 3451 5549 3512 viderint;
5589 3462 5731 3499 Inox-

4192 3562 4297 3617 que
4348 3546 4624 3615 subjungis
4673 3563 4685 3596 :
4764 3544 4890 3597 Esto
4946 3545 5159 3596 tandem
5206 3541 5343 3608 quod
5392 3554 5522 3607 papa
5575 3535 5735 3606 gratis

4191 3635 4495 3703 episcolmm
4539 3632 4904 3695 consecravit;
4952 3629 5190 3697 nunquid
5234 3639 5285 3679 et
5329 3642 5458 3693 papa
5508 3625 5619 3693 ipse
5669 3620 5732 3674 ad

4190 3724 4493 3792 apostolica:
4523 3721 4664 3775 sedis
4698 3721 4901 3789 apicem
4935 3720 5101 3790 gratis
5138 3716 5408 3771 ascendit?
5434 3714 5543 3768 llac
5573 3714 5730 3781 igitur

4193 3815 4334 3867 inter
4374 3812 4699 3865 mirabilium
4746 3812 5099 3879 quaestionum
5149 3808 5441 3875 perniciosa
5489 3805 5729 3871 caligine.

4191 3912 4449 3972 quantum
4501 3901 4553 3953 in
4608 3910 4659 3953 te
4707 3908 4807 3961 est,
4849 3898 5101 3953 saaeulum
5152 3909 5309 3947 omne
5347 3892 5642 3951 confundis,
5686 3900 5733 3941 et

4191 3988 4335 4042 velut
4370 4003 4547 4050 mare,
4588 3988 4653 4039 de
4691 3986 4971 4053 temetipso
5005 3992 5364 4051 tempestatem
5393 3980 5555 4049 798
5582 3992 5732 4047 gene-

4192 4092 4340 4141 rans,
4373 4094 4471 4131 nec
4521 4078 4631 4146 ipse
4675 4075 4927 4143 quiescis,
4967 4089 5066 4127 nec
5099 4073 5232 4125 alios
5278 4072 5453 4123 vivere
5500 4071 5552 4122 in
5594 4080 5733 4121 trau-

4192 4170 4464 4239 quillitate
4501 4169 4788 4237 permittis.
4820 4166 4911 4219 llis
4942 4166 5087 4219 enim
5129 4173 5183 4217 et
5217 4162 5508 4229 hujusmodi
5553 4160 5732 4226 impiis

4193 4246 4622 4313 hmsitationihus
4660 4259 4891 4311 haereses
4927 4270 5065 4323 sa‘pe
5101 4263 5155 4309 et
5187 4254 5463 4307 schismata
5493 4253 5734 4319 pestilen-

4193 4357 4275 4403 ter
4322 4356 4637 4416 emergunt,
4686 4361 4803 4413 qua:
4854 4346 5095 4397 incautas
5148 4342 5414 4395 hominum
5464 4340 5666 4391 animas
5705 4354 5730 4387 a

4194 4439 4459 4493 catholica
4520 4438 4723 4489 unitate
4774 4434 5085 4504 praecidunt.
5138 4431 5209 4486 Ut
5269 4431 5407 4484 enim
5463 4429 5636 4483 verbis
5688 4438 5731 4478 te

4195 4526 4503 4597 apostolicis
4529 4524 4807 4589 alloquar:
4854 4543 4869 4573 ι
4900 4521 4976 4574 Tu
5007 4522 5125 4589 quis
5155 4535 5235 4582 es,
5263 4518 5350 4585 qui
5371 4517 5578 4583 judicas
5616 4516 5732 4568 alie-

4195 4633 4325 4671 num
4378 4616 4631 4667 servum?
4664 4614 4772 4664 Suo
4817 4612 4958 4664 enim
4995 4609 5209 4663 domino
5260 4615 5395 4666 stat,
5442 4614 5533 4657 aut
5579 4604 5727 4659 cadit,

4194 4705 4358 4758 stabit
4382 4714 4559 4755 amem
4592 4720 4603 4753 :
4640 4710 4829 4769 potens
4866 4708 4947 4751 est
4987 4698 5126 4751 enim
5175 4696 5309 4749 Dous
5338 4704 5568 4748 statuere
5596 4692 5726 4745 illam

4198 4793 4376 4864 (Rom.
4423 4792 4591 4850 arvi.»
4627 4789 4738 4843 Non
4764 4804 4949 4842 omnes
4976 4789 5064 4856 qui
5096 4788 5145 4841 in
5187 4784 5429 4854 praetorio
5452 4792 5593 4847 sunt,
5623 4794 5729 4849 pro-

4199 4883 4374 4935 mendi
4421 4880 4704 4947 judiciales
4749 4878 4983 4931 calculos
5012 4875 5379 4929 archisterinm
5409 4872 5724 4925 sortiuntur;

4203 4987 4374 5035 nrqnc
4413 4986 4600 5024 omnes
4628 4969 4715 5035 qui
4758 4977 4882 5020 sunt
4915 4968 5049 5019 intra
5095 4963 5405 5023 Ecclesium,
5439 4961 5615 5014 claves
5641 4956 5725 5010 Ec-

4201 5062 4378 5116 clesia:
4418 5068 4785 5126 susceperunt.
4834 5057 4965 5110 Cum
5007 5052 5071 5107 ad
5114 5053 5281 5107 aliena
5306 5050 5585 5119 jmlicanda
5620 5046 5724 5115 quis

4199 5159 4514 5219 arroganter
4542 5146 4865 5201 extenditur,
4900 5146 4963 5198 ad
4989 5159 5050 5197 ea
5085 5142 5319 5211 profecto
5360 5135 5721 5193 consideranda

4199 5254 4317 5306 qua:
4353 5254 4445 5291 sua
4474 5246 4615 5295 sunt,
4649 5234 4890 5286 obtusior
4915 5232 5201 5285 invenitur.
5237 5228 5381 5281 Tune
5406 5229 5546 5280 enim
5574 5224 5721 5279 socia—

4200 5328 4264 5380 lis
4302 5330 4419 5380 vit-.e
4468 5332 4823 5393 congruenter
4864 5330 4945 5375 est
4985 5321 5115 5374 ordo
5155 5318 5459 5387 dispositus.
5506 5319 5547 5369 si
5584 5325 5721 5367 unus-

4199 5417 4424 5487 quisque
4464 5413 4663 5484 proprii
4704 5412 4845 5480 juris
4890 5410 5056 5462 limite
5087 5410 5155 5463 sit
5184 5416 5497 5460 contentus:
5538 5404 5619 5459 ubi
5646 5414 5719 5453 au-

4200 5517 4305 5560 tcnt
4358 5506 4494 5558 alter
4536 5503 4756 5556 alterius
4789 5500 5073 5553 terminum
5112 5495 5528 5565 supergreditur,
5574 5486 5720 5544 omnis

4200 5598 4441 5665 ρι’(ιῖνςιο
4460 5604 4613 5649 recte
4639 5592 4845 5646 vivendi
4869 5592 5003 5645 linea
5028 5602 5245 5644 necesse
5267 5595 5346 5640 est
5368 5582 5714 5639 confundatur.

4202 5688 4441 5742 Sufficiat
4490 5701 4617 5756 ergo
4662 5684 4813 5739 nobis
4845 5682 5183 5738 considerare
5230 5694 5345 5747 qum.
5392 5684 5568 5730 nostra
5597 5674 5714 5725 sunt.
