5882 6588
1195 425 1293 488 761

2173 411 2416 470 OPUSC.
2456 411 2544 468 ιι.
2570 440 2639 451 --
2679 410 2769 467 DE
2808 406 2961 466 VlTA
3004 401 3399 462 EREMITICA.

4360 384 4467 441 769

1196 558 1268 602 ne
1306 541 1434 597 dum
1475 538 1651 595 aliena
1686 535 2036 593 immoderate
2076 530 2478 603 persequimur,
2522 542 2553 582 a
2598 526 2771 581 nostri
2802 530 2850 589 Α
2875 521 3092 578 nomine
3116 514 3471 590 paenitentiae,
3504 507 3883 603 obrigescebat
3918 502 3971 603 in
3996 499 4249 603 sensibus
4274 510 4469 603 sopore

1198 630 1403 686 laboris
1449 627 1626 681 fructu
1681 634 1735 679 et
1777 624 1937 693 digna
1978 620 2225 675 mercede
2261 632 2574 673 vacuemur.
2624 633 2643 666 ι
2668 614 2771 680 Qui

1199 720 1347 776 enim
1401 726 1563 771 totam
1608 716 1776 785 legem
1820 712 2152 772 servaverit,
2196 709 2433 762 offendat
2484 716 2668 761 autem
2719 705 2774 758 in

1200 824 1328 873 uno,
1365 806 1540 863 factus
1564 817 1647 860 est
1675 805 1915 859 omnium
1943 816 2068 856 reus
2099 798 2239 869 (Jac.
2270 804 2350 864 ιι).
2388 818 2405 849 ι
2442 798 2506 851 Et
2532 796 2732 851 Paulus
2759 812 2772 848 :

1207 916 1225 950 ι
1260 895 1545 958 Modicum,
1572 895 1777 961 inquit,
1826 894 2149 947 fermentum
2187 897 2352 942 totam
2387 901 2622 942 massam
2652 900 2775 939 cor-

1174 985 1405 1056 rumpit
1433 982 1517 1051 (II
1546 982 1668 1035 Cor.
1695 982 1770 1052 ν).
1796 1000 1813 1033 ι

1793 1068 2019 1124 CAPUT
2058 1067 2147 1121 Xl.

1550 1162 1625 1215 De
1662 1160 1914 1215 monacho
1953 1159 2168 1227 ﬂumine
2206 1166 2435 1210 onerato.

1272 1250 1394 1306 Vidi
1422 1266 1613 1319 nempe
1644 1248 1967 1303 monachum
1998 1247 2281 1317 eremitam
2342 1246 2507 1297 vitam
2536 1242 2782 1297 districta

1205 1342 1341 1398 satis
1372 1350 1424 1396 et
1468 1342 1639 1411 rigide
1686 1338 2087 1409 perferentem:
2132 1339 2222 1405 qui
2253 1336 2505 1389 nimirum
2539 1343 2593 1387 et
2632 1334 2780 1387 vultu

1202 1431 1466 1505 pallidus,
1501 1441 1826 1500 et'corpore
1873 1430 2221 1483 vehementer
2263 1428 2515 1491 amictus,
2566 1428 2689 1481 fixis
2726 1427 2781 1480 in

1206 1529 1410 1576 terram
1458 1519 1654 1583 oculis,
1706 1519 1903 1571 mundo
1934 1527 2179 1572 mortuus
2208 1519 2531 1580 videbatur;
2596 1518 2780 1569 vinum

1202 1626 1418 1681 quoque
1470 1624 1566 1679 per
1610 1608 2003 1663 undecenninm
2057 1624 2163 1663 non
2220 1618 2550 1672 gustaverat.
2585 1607 2710 1673 Sed,
2750 1621 2784 1659 ο

1208 1701 1447 1755 terribile
1494 1702 1585 1755 Dei
1616 1701 1899 1768 judicium,
1936 1710 1991 1753 et
2038 1699 2360 1768 profundum
2402 1714 2625 1752 summm
2675 1699 2785 1752 dis-

1205 1793 1474 1846 trictionis
1522 1792 1805 1863 abyssuml
1876 1791 2059 1845 Τωάρῐ
2105 1790 2305 1843 dicere.
2347 1790 2443 1842 llic
2493 1788 2784 1857 aliquando

2875 622 3181 681 correptus,
3226 609 3397 663 donec
3439 601 3721 658 horrendae
3773 596 3935 653 morti
3963 595 4219 653 traditus,
4245 591 4314 645 ad
4342 604 4469 644 eum

2878 705 2965 759 cui
3022 701 3353 756 deditionem
3402 694 3609 749 fecerat
3666 699 3753 745 est
3822 685 4115 741 infeliciter
4159 681 4467 737 devolutus.

2877 794 3227 850 Postmodum
3281 801 3407 843 vere
3460 800 3560 855 per
3593 783 3776 855 plures
3822 787 4012 833 noctes
4065 776 4224 845 nigra
4274 784 4472 826 canum

2882 887 3039 939 turba
3070 899 3175 938 non
3204 879 3454 936 cessabat
3475 875 3770 945 sepultura:
3800 870 3917 938 ejus
3938 868 4215 927 assistere,
4239 872 4292 917 et
4312 861 4469 929 quasi

2883 978 3182 1049 depositum
3224 971 3521 1033 custodire,
3571 969 3647 1022 ita
3696 975 3757 1019 ut
3807 979 3911 1017 non
3943 960 4169 1014 minimo
4224 956 4474 1049 videntes

2883 1044 3109 1129 horrore
3156 1072 3530 1121 concuterent.
3555 1060 3669 1115 Heu
3700 1072 3865 1127 quam
3912 1052 4215 1124 perniciosa
4243 1062 4334 1102 res
4362 1044 4477 1114 spi—

2879 1162 3016 1207 ritus
3044 1160 3339 1205 contumax
3384 1157 3439 1203 et
3463 1147 3731 1217 litigiosus
3758 1143 3811 1197 in
3844 1141 4144 1195 monacho!
4174 1137 4273 1191 Hic
4296 1135 4469 1203 enim,

2879 1243 3007 1312 quia
3057 1239 3407 1309 temporalem
3450 1238 3655 1292 habere
3680 1248 3871 1304 pacem
3906 1246 4028 1285 cum
4062 1234 4175 1283 suis
4205 1228 4472 1281 fratribus

2881 1336 3076 1398 notuit,
3121 1345 3336 1388 aeterna:
3362 1331 3511 1400 pacis
3532 1328 3812 1399 gaudium,
3859 1326 3915 1379 in
3964 1332 4228 1378 tartarum
4261 1322 4473 1374 demer-

2881 1442 2994 1489 sus,
3026 1426 3230 1479 amisit.
3274 1424 3387 1477 lloc
3431 1430 3608 1475 autem
3638 1428 3694 1473 et
3739 1418 3782 1472 si
3819 1413 4072 1486 praesenti
4104 1412 4244 1478 stylo
4274 1424 4475 1479 usque-

2882 1531 3093 1586 quaque
3120 1531 3224 1570 non
3250 1523 3537 1584 congruat,
3566 1511 3768 1565 idcirco
3795 1518 3975 1562 tamen
4005 1506 4277 1560 interluec
4305 1501 4475 1570 apici-

2881 1610 2983 1663 bus
3011 1608 3269 1661 mandare
3297 1606 3634 1666 curavimus,
3676 1611 3736 1654 ut
3778 1615 3891 1653 rem
3941 1596 4377 1657 memorabilem,
4406 1605 4477 1646 ne

2883 1700 3084 1755 oblivio
3118 1698 3360 1759 tolleret,
3389 1696 3544 1764 quasi
3574 1695 3639 1747 ad
3670 1692 3929 1761 paxillnm
3963 1690 4206 1744 funiculo
4238 1687 4481 1757 stringe-

2887 1806 3101 1854 remus;
3128 1799 3288 1857 atque
3321 1789 3409 1842 hic
3431 1786 3677 1855 quisquis
3702 1784 3977 1853 inquietus
3998 1781 4205 1837 ediscat
4226 1778 4291 1833 ad
4314 1788 4480 1848 quem

1205 1881 1260 1936 in
1289 1881 1597 1950 phrenesin:
1631 1882 1904 1944 decidens,
1938 1892 2101 1948 atque
2130 1881 2181 1933 in
2215 1880 2433 1934 bellnini
2460 1881 2657 1937 furoris
2692 1897 2781 1933 ra-
2815 1876 2855 1934 Β
2886 1881 3048 1935 ﬁnem
3073 1879 3138 1933 lis
3168 1879 3410 1932 animosa
3437 1876 3717 1947 perducat.

1201 1971 1344 2026 biem
1376 1971 1686 2024 immaniter
1715 1969 2001 2029 efferatus,
2050 1984 2118 2022 ex
2165 1969 2414 2024 manibus
2464 1970 2515 2021 in
2565 1971 2778 2022 diversa

1203 2058 1512 2121 nitentium,
1547 2068 1599 2110 et
1635 2058 1862 2111 vinculis
1890 2059 2086 2127 quibus
2128 2058 2447 2111 nectebatur
2476 2072 2533 2110 se
2562 2068 2782 2127 repente

1202 2147 1502 2218 proripuit;
1558 2157 1613 2201 et
1677 2147 1768 2200 ubi
1819 2148 2082 2217 plurimus
2134 2149 2413 2201 rotabatur
2460 2158 2673 2211 vortex,
2729 2150 2781 2201 in

1205 2238 1451 2307 spumosi
1496 2236 1734 2289 ﬁuminis
1781 2239 2098 2305 voraginem
2148 2252 2359 2291 mersus
2409 2238 2632 2291 interiit.
2677 2236 2782 2290 Sed

1204 2342 1513 2398 quanquam
1560 2329 1752 2395 quovis
1806 2330 1997 2382 mortis
2054 2328 2284 2382 articulo
2333 2331 2585 2382 meritum
2628 2344 2785 2381 suum

1205 2420 1405 2488 cuique
1434 2419 1614 2489 perire
1642 2435 1747 2473 non
1789 2420 1982 2488 possit,
2030 2420 2097 2473 ad
2147 2424 2262 2473 hoc:
2285 2432 2464 2474 tamen
2512 2421 2615 2474 ista
2646 2436 2786 2487 prae—

1205 2508 1486 2569 misimus,
1560 2516 1622 2561 ut
1668 2508 1718 2560 in
1764 2507 2091 2575 quibuslibet
2142 2508 2342 2561 nostris
2398 2508 2554 2560 bonis
2612 2508 2789 2576 operi-

1206 2602 1310 2658 bus
1341 2616 1613 2669 nunquam
1641 2602 1994 2669 pertinaciter
2018 2600 2383 2663 confidamus;
2415 2616 2511 2653 seu
2544 2612 2789 2653 metuen-

1207 2702 1292 2748 tes
1310 2707 1525 2760 semper
1556 2693 1684 2761 quid
1713 2708 1944 2761 superna
1977 2693 2042 2746 de
2072 2692 2226 2745 nobis
2259 2693 2527 2744 sententia
2564 2699 2786 2745 statuat.

1210 2783 1287 2837 De
1313 2782 1399 2837 his
1425 2782 1515 2849 qui
1545 2781 1824 2835 nobiscum
1852 2791 2013 2843 sunt,
2038 2779 2281 2847 judicare
2317 2796 2470 2833 mens
2498 2789 2681 2833 nostra
2717 2788 2792 2831 te-

1208 2883 1359 2926 mere
1387 2886 1491 2924 non
1539 2878 1860 2938 praesumat;
1906 2878 1960 2924 et
2008 2870 2054 2923 si
2098 2870 2241 2922 enim
2292 2869 2537 2922 videmus
2568 2868 2621 2920 in
2658 2883 2793 2937 prae-

1210 2960 1348 3016 senti
1395 2975 1501 3027 quo
1530 2960 1827 3027 gradimur,
1873 2960 2186 3030 ignoramus
2233 2968 2411 3011 tamen
2444 2974 2550 3027 quo
2596 2974 2792 3013 cursus

1210 3058 1400 3105 noster
1428 3050 1536 3104 fine
1586 3052 1888 3105 claudatur.
1935 3051 2092 3106 Patet
2140 3053 2223 3103 via
2266 3067 2383 3120 qum
2436 3051 2665 3115 teritur;
2699 3051 2793 3105 sed

1210 3139 1481 3196 occultum
1510 3149 1591 3195 est
1616 3156 1723 3209 quo
1748 3142 2080 3211 pervenitur.

1815 3232 2043 3287 CAPUT
2082 3232 2196 3285 Xll.

1300 3320 1380 3377 De
1417 3324 1673 3377 monacho
1702 3323 1790 3392 qui
1822 3323 2016 3374 diaboli
2045 3322 2396 3392 patrocinium
2437 3321 2695 3389 qumsivit.

1284 3411 1352 3465 Et
1389 3413 1513 3481 quia
1545 3427 1602 3465 se
1628 3412 1841 3465 occasio
1868 3411 2098 3480 prmbuit
2120 3450 2135 3473 ,
2174 3410 2470 3463 terribilem
2521 3408 2797 3463 nihilomi-

1215 3517 1320 3557 nus
1348 3510 1402 3556 et
1428 3501 1653 3556 alterius
1700 3502 1945 3555 monachi
1995 3515 2178 3553 casum
2212 3500 2642 3568 prretereundum
2674 3514 2797 3553 esse

1213 3607 1323 3646 non
1370 3592 1636 3652 ducimus,
1689 3592 1788 3646 etsi
1838 3606 1943 3644 non
1994 3604 2317 3659 magnopere
2366 3591 2491 3644 huic
2538 3591 2797 3659 opusculo

1214 3694 1511 3749 congruere
1535 3681 1834 3734 videamus.
1862 3680 1918 3732 In
1947 3680 2208 3733 Perusino
2232 3680 2585 3745 monasterio,
2618 3681 2794 3734 sancti

1214 3770 1462 3824 videlicet
1487 3769 1808 3833 Salvatoris,
1840 3770 1928 3824 cui
1962 3787 2133 3839 nuper
2174 3780 2230 3824 et
2261 3772 2373 3839 ipse
2420 3771 2633 3839 praefui.
2672 3772 2794 3841 qni-

1216 3859 1340 3913 dam
1371 3861 1668 3915 monachus
1698 3862 1856 3929 paulo
1890 3872 2015 3915 ante
2042 3862 2241 3922 fuerat,
2290 3865 2509 3917 nomine
2540 3863 2793 3930 Guinizo,

1215 3957 1426 4003 astutus
1454 3951 1614 4003 nimis
1661 3951 1825 4020 799
1865 3961 1916 4005 et
1952 3951 2175 4005 callidus
2197 3992 2210 4011 .
2242 3952 2593 4005 saecularibus
2638 3968 2799 4022 argu-

1216 4038 1414 4092 mentis
1472 4054 1535 4092 ac
1566 4038 1813 4107 litigiosis
1845 4039 2283 4093 contentionibus
2329 4041 2680 4093 vehementer
2717 4042 2798 4094 in-

1216 4136 1418 4183 tentus.
1461 4127 1561 4181 llic
1611 4127 1795 4195 itaque
1836 4128 1960 4180 dum
2004 4137 2059 4181 et
2104 4128 2155 4180 in
2193 4129 2467 4182 mutandis
2508 4128 2796 4183 abbatibus

1215 4227 1273 4273 ct
1307 4217 1565 4272 fratribus
1610 4216 1990 4285 perlurbandis
2038 4228 2273 4271 :estnans
2317 4234 2422 4272 non
2471 4219 2795 4288 quiesceret,

1217 4309 1285 4364 ad
1331 4310 1434 4362 hoc
1479 4322 1648 4377 usque
1697 4308 1965 4375 pervenit,
2011 4319 2069 4361 ut
2099 4307 2298 4361 diaboli
2350 4308 2418 4361 ad
2460 4310 2799 4377 superandos

1216 4401 1437 4456 amulos
1487 4400 1847 4468 patrocinium
1900 4408 2165 4470 quaereret
2212 4408 2265 4454 et
2315 4399 2432 4467 ejus
2476 4416 2534 4455 se
2578 4401 2799 4456 dictioni

1215 4491 1380 4545 etiam
1425 4488 1777 4559 corporaliter
1829 4490 2201 4557 manciparat:
2232 4490 2317 4543 cui
2368 4498 2551 4543 tamen
2636 4492 2798 4546 sedu-

3465 1962 3693 2019 CAPUT
3744 1961 3881 2016 Xlll.

3200 2056 3278 2110 De
3304 2055 3559 2125 patientia
3590 2054 3832 2106 monachi
3880 2051 4149 2104 exca’cati.

2953 2150 3097 2202 Inter
3136 2148 3317 2200 omnia
3366 2146 3531 2215 igitur
3604 2158 3723 2212 quae
3771 2141 3959 2196 divina
3989 2141 4146 2195 nobis
4198 2147 4328 2194 sunt
4365 2136 4483 2211 lege

2884 2242 3161 2302 mandata,
3194 2238 3330 2291 nihil
3366 2246 3453 2290 est
3487 2234 3756 2288 monacho
3792 2232 4118 2301 propensius
4143 2229 4480 2295 enitendum,

2888 2347 3049 2400 quam
3085 2338 3145 2383 ut
3176 2327 3494 2399 patientiam
3534 2327 3587 2379 in
3618 2324 3873 2379 omnibus
3914 2323 4141 2386 habeat,
4187 2336 4292 2389 qua
4324 2320 4484 2376 vide-

2888 2423 3011 2475 licet
3043 2420 3231 2474 alienae
3274 2418 3565 2488 pravitatis
3603 2416 3857 2483 injuriam
3903 2414 4282 2483 aequanimiter
4318 2410 4481 2465 ferat.

2891 2512 3017 2566 Haec
3043 2511 3200 2579 plane
3227 2511 3399 2563 virtus
3432 2509 3499 2561 ad
3531 2507 3882 2577 perfectionis
3906 2507 4122 2560 culmen
4153 2503 4484 2558 monachum

2891 2603 3158 2675 provehit',
3192 2610 3247 2654 et
3284 2598 3585 2660 terribilem
3626 2597 3679 2651 in
3724 2597 3816 2650 Dei
3856 2596 4103 2650 hostibus
4131 2595 4485 2647 dimicantem

2892 2693 3131 2745 animum
3160 2690 3310 2744 facit.
3350 2684 3477 2743 "me
3523 2688 3765 2743 omnium
3795 2687 4048 2740 vitiorum
4076 2684 4363 2738 victoriam
4390 2681 4490 2736 tri-

2890 2781 3031 2844 buit,
3062 2790 3117 2835 et
3145 2790 3337 2834 contra
3378 2778 3619 2832 furentes
3660 2774 3848 2831 mundi
3896 2774 4204 2844 pnecipites
4252 2774 4489 2841 impetus

2894 2872 3187 2925 humanam
3236 2854 3476 2923 mentem
3523 2865 3943 2936 insuperabilem
3993 2864 4187 2917 reddit.
4237 2862 4305 2916 Et
4354 2851 4487 2929 quid

2897 2960 3127 3027 amplius
3156 2957 3371 3011 dicam?
3420 2954 3873 3023 Quandoquidem
3922 2952 4184 3022 quidquid
4213 2951 4277 3004 de
4312 2950 4494 3027 rigore

2897 3048 3261 3108 abstinentix,
3316 3046 3577 3114 quidquid
3628 3045 3695 3098 de
3748 3056 4075 3113 quacunque
4120 3039 4366 3109 corporis
4412 3036 4494 3092 af-

2897 3136 3135 3196 ﬂictione
3163 3138 3416 3203 superius
3454 3133 3659 3187 dictum
3688 3140 3795 3196 est,
3844 3130 3933 3183 vel
3980 3129 4087 3183 dici
4128 3129 4322 3197 potuit,
4354 3141 4495 3195 pene

2820 3236 2865 3299 ο
2899 3226 3029 3279 nihil
3055 3225 3157 3288 sit,
3209 3225 3254 3278 si
3303 3225 3420 3293 ipsa
3470 3222 3729 3276 virtutum
3785 3220 3969 3275 nutrix
4013 3219 4275 3288 patientia
4329 3217 4490 3283 desit,

2900 3314 3159 3383 Apostolo
3210 3322 3445 3367 testante
3473 3352 3487 3375 ,
3536 3312 3627 3381 qui
3674 3312 3791 3365 ait:
3848 3329 3865 3361 ι
3896 3310 4235 3379 Corporalis,
4284 3308 4494 3377 inquit,

2900 3402 3223 3456 exercitatio
3266 3402 3332 3455 ad
3378 3401 3650 3455 modicum
3682 3400 3829 3454 utilis
3858 3410 3973 3464 est;
4023 3399 4285 3469 patientia
4310 3407 4494 3452 autem

2900 3493 2969 3547 ad
2996 3492 3177 3546 omnia
3202 3491 3353 3545 utilis
3380 3502 3462 3545 est
3492 3489 3542 3559 (1
3578 3490 3715 3544 Tim.
3746 3490 3844 3557 iv).
3878 3509 3896 3542 ι
3961 3480 4377 3545 Adolescentem
4407 3503 4495 3544 me

2901 3586 2954 3640 in
2985 3585 3285 3639 Faventina
3315 3584 3449 3636 urbe
3479 3581 3703 3653 propter
3737 3582 4041 3636 litterarum
4087 3581 4267 3635 studia
4299 3579 4499 3634 consti-

2900 3685 3076 3730 tutum
3100 3676 3288 3729 audire
3316 3674 3547 3743 contigit
3574 3674 3719 3741 quod
3756 3686 3974 3727 enarro.
4006 3673 4153 3726 Inter
4192 3673 4328 3726 duos
4369 3669 4502 3724 sibi-

2900 3775 3013 3821 met
3040 3758 3401 3819 convicaneos
3452 3764 3663 3818 obortis
3691 3764 3925 3817 invicem
3950 3762 4337 3826 simultatibus,
4368 3760 4501 3815 alte-

2900 3859 3014 3912 rius
3042 3858 3231 3912 oculos
3276 3859 3414 3911 alter
3440 3856 3642 3911 effodit.
3690 3856 3878 3912 Caecus
3910 3858 4091 3925 itaque
4117 3865 4404 3926 postquam
4432 3869 4494 3910 se

2902 3948 3103 4000 mundo
3134 3945 3357 3999 nimium
3398 3945 3643 3999 inutilem
3692 3945 3849 4009 vidit,
3894 3945 4284 3999 monasterium
4325 3942 4494 4013 800

2898 4040 3075 4108 petiit.
3110 4037 3462 4093 Postmodum
3490 4053 3622 4091 vero
3652 4052 3774 4091 cum
3804 4044 3861 4090 et
3901 4036 4016 4106 ipse
4052 4036 4235 4090 illator
4280 4034 4495 4103 injuria:

2900 4130 3161 4198 languore
3213 4136 3534 4195 correptus,
3596 4128 3975 4181 conversionis
4031 4126 4277 4181 habitum
4338 4127 4501 4181 anxie

2901 4226 3190 4287 quaereret,
3220 4224 3314 4271 sed
3342 4218 3406 4271 ad
3424 4218 3561 4272 idem
3591 4218 3985 4271 monasterium
4012 4216 4233 4279 deferri,
4262 4225 4485 4285 propter

2902 4310 3053 4364 illum
3117 4324 3275 4378 quem
3343 4308 3637 4363 creduliter
3683 4316 4089 4370 attrectaverat,
4139 4308 4499 4375 incongruun

2901 4399 3191 4463 iudicaret,
3222 4400 3504 4453 monachis
3531 4413 3693 4467 super
3739 4399 3843 4451 hac
3867 4412 3926 4451 re
3954 4406 4163 4451 secreto
4208 4396 4504 4453 mussitan-

2904 4488 3072 4551 tibus,
3103 4488 3321 4541 tandem
3359 4486 3505 4540 fama
3553 4486 3756 4556 negotii
3799 4486 3865 4539 ad
3910 4486 4209 4539 acutiorem
4248 4484 4505 4539 videlicet

1214 4588 1335 4634 ctor
1388 4579 1609 4648 spiritus
1657 4579 1892 4649 exigenti
1928 4590 2053 4633 ante
2106 4578 2371 4648 promisit,
2416 4580 2558 4647 quod
2608 4582 2795 4645 tertio,
2828 4568 2875 4628 D
2906 4595 3012 4633 non
3057 4577 3290 4631 videntis
3324 4578 3574 4647 pervenit
3612 4576 3881 4629 auditum.
3925 4575 4170 4643 Cumque
4203 4576 4311 4641 ille,
4356 4575 4501 4644 quod

1215 4670 1531 4739 priusquam
1598 4677 1938 4732 moreretur,
2004 4668 2134 4734 die,
2202 4683 2355 4721 suum
2422 4670 2523 4723 sibi
2592 4671 2797 4724 exitum

1216 4757 1512 4813 nuntiaret.
1559 4757 1800 4811 Credidit
1845 4757 2053 4821 infelix,
2105 4765 2159 4811 et
2204 4757 2291 4811 diu
2335 4759 2678 4827 postmodum
2716 4760 2798 4814 vi-

1218 4863 1382 4912 vens,
1424 4849 1498 4902 ita
1539 4849 1639 4903 sub
1668 4849 1770 4902 hac
1796 4849 2099 4917 deceptoria
2138 4851 2433 4905 securitate
2463 4853 2797 4921 permansit:

1218 4938 1437 4992 tandem
1484 4939 1536 4992 in
1585 4939 1954 5008 aegritudinem
1999 4940 2148 5009 lapso
2185 4941 2340 4995 adest
2372 4940 2659 5013 tidejussor
2702 4944 2802 4998 ini—

1217 5043 1379 5097 quus,
1424 5037 1481 5081 et
1526 5029 1932 5096 percndianum,
1981 5030 2123 5085 sicut
2164 5034 2549 5100 spoponderat,
2593 5035 2798 5089 obitum

1219 5120 1530 5174 innotescit.
1565 5118 1818 5176 Pretinus
1848 5122 2127 5177 advocatis
2160 5122 2247 5176 ille
2278 5122 2569 5190 fratribus,
2609 5136 2801 5181 cuncta

1219 5208 1337 5265 haec
1384 5225 1503 5278 qua:
1549 5224 1670 5263 cum
1712 5210 2046 5279 nequissimo
2089 5212 2396 5281 pepigerat,
2428 5230 2526 5283 per
2556 5216 2800 5269 ordinem

1220 5311 1430 5357 narrat.
1475 5301 1716 5369 Cumque
1746 5302 1819 5355 illi
1854 5303 2152 5365 instarent,
2200 5303 2485 5360 dicentes:
2515 5306 2642 5361 Esto
2669 5321 2800 5362 con-

1221 5393 1413 5455 fessus,
1443 5409 1543 5462 age
1576 5392 1984 5462 pmititcntiam;
2032 5403 2253 5463 repente
2288 5394 2375 5447 ille
2404 5395 2799 5463 obdormiebat,

1219 5490 1271 5536 et
1303 5483 1417 5537 sive
1451 5480 1811 5551 pulsantibus,
1846 5480 1959 5538 sive
1988 5481 2372 5547 clamantibus,
2402 5486 2665 5553 evigilare
2697 5502 2803 5540 non

1222 5579 1464 5639 poterat;
1509 5570 1551 5623 si
1591 5588 1695 5625 non
1740 5573 1812 5627 illi
1862 5574 2287 5639 obticcscerent,
2340 5578 2423 5631 vel
2474 5576 2623 5632 aliud
2677 5577 2805 5646 quid

1222 5669 1420 5729 prmter
1472 5662 1845 5730 pamitentiam
1879 5664 2019 5731 loqui
2055 5665 2273 5731 vellent,
2309 5684 2431 5722 mox
2474 5669 2567 5723 ille
2613 5682 2805 5736 exper-

1224 5747 1496 5817 gefactus,
1547 5749 1774 5805 invicem
1824 5751 2173 5819 loquebatur;
2221 5757 2318 5809 sed
2374 5772 2565 5812 rursus
2621 5756 2804 5812 audito

2907 4670 3223 4725 imminebat
3274 4669 3486 4737 plenius
3553 4667 3869 4732 didicisset,
3914 4668 4081 4736 coepit
4130 4682 4253 4721 mox
4304 4667 4503 4723 obnixe

2910 4761 3221 4829 deposcere,
3254 4770 3309 4813 et
3338 4760 3535 4828 quibus
3560 4759 3772 4813 valebat
3805 4758 4055 4827 precibus
4105 4757 4504 4813 instantissime

2908 4851 3177 4923 flagitare,
3206 4859 3265 4903 ut
3292 4850 3438 4903 illum
3468 4848 3666 4905 fratres
3695 4865 3819 4904 cum
3846 4850 3996 4904 omni
4028 4848 4297 4903 charitate
4329 4848 4504 4903 susci-

2912 4950 3133 5014 perent,
3174 4941 3524 5009 semetipsum
3574 4942 3798 5011 insuper
3836 4940 4114 4994 custodem
4150 4939 4399 5003 scilicet,
4438 4952 4505 4993 ac

2912 5034 3221 5089 ministrum
3250 5034 3370 5103 ejus
3401 5033 3676 5102 obsequiis
3710 5032 3965 5086 insudare
3992 5031 4264 5101 juberent.
4295 5030 4503 5099 Impor-

2913 5126 3059 5181 tunis
3090 5141 3220 5179 sane
3247 5126 3507 5179 insistens
3532 5126 3803 5195 precibus.
3833 5122 4049 5177 tandem
4082 5123 4333 5185 obtinuit,
4368 5131 4422 5175 et
4450 5120 4504 5176 ei

2909 5231 3069 5286 quem
3115 5216 3296 5270 carnis
3338 5215 3542 5269 lumine
3571 5215 3754 5268 videre
3786 5228 3891 5267 non
3930 5222 4175 5283 poterat,
4209 5210 4501 5281 perspicuo

2908 5304 3198 5361 charitatis
3228 5305 3384 5357 oculo
3416 5303 3778 5357 ministrabat.
3814 5301 4165 5356 Decumbenti
4202 5300 4385 5367 itaque
4416 5312 4503 5353 se-

2910 5394 3070 5450 dulus
3102 5394 3349 5447 minister
3378 5391 3657 5455 assistere,
3691 5390 4019 5459 tegminibus
4058 5388 4368 5451 confovere,
4404 5403 4503 5443 ne-

2910 5483 3149 5538 cessaria
3190 5497 3416 5551 ipseque
3446 5481 3759 5551 porrigere,
3806 5478 4169 5547 percipiendis
4206 5476 4370 5530 etiam
4398 5476 4505 5529 ali-

2910 5573 3109 5629 mentis
3148 5571 3393 5627 suasorie
3429 5585 3748 5640 provocare.
3798 5568 3933 5621 Nam
3981 5576 4037 5621 et
4083 5569 4149 5623 ad
4183 5568 4507 5637 digestionis

2911 5664 3203 5729 occultum,
3256 5674 3314 5719 ut
3357 5662 3663 5727 dicebatur,
3724 5676 3865 5730 smpe
3899 5677 3957 5716 se
4006 5662 4149 5716 ferre
4210 5669 4265 5713 et
4298 5658 4503 5718 rell-rm

2912 5756 3175 5824 gaudebat
3205 5764 3487 5824 aegrotum.
3528 5753 3617 5808 Sic
3658 5753 3933 5815 nimirum,
3977 5752 4055 5807 sic
4092 5752 4183 5829 qui
4229 5757 4505 5828 geminum
