5882 6748
0 6304 1269 6748 ’με

0 0 2801 232 τὼν

2420 366 2524 429 765
2845 370 2906 424 δ.
2940 358 3143 420 PETRI
3173 356 3451 416 DAHMNI
3479 352 3899 412 OPP.‘TOIUS
3930 351 4067 410 εει]
4100 348 4282 410 PARS
4324 348 4410 405 111.

4490 378 4519 391 -
4556 342 4917 404 ορυδευιλ
4959 341 5186 398 νΑιω.
5557 340 5674 395 ’163

2419 486 2599 539 lumen
2626 478 2806 537 carnis
2844 475 3119 537 amiserat,
3145 470 3409 525 charitate
3438 467 3597 524 simul
3623 476 3677 521 et
3703 463 3984 535 patientia,
4016 470 4068 526 Α
4092 463 4185 518 Dei
4214 469 4333 526 est,
4364 466 4507 515 sicut
4534 466 4775 530 proiecto
4804 461 5017 525 dignum
5066 462 5177 518 est,
5213 465 5316 507 non
5354 452 5407 506 in
5450 466 5523 508 eo
5549 466 5675 508 sora

2422 573 2573 643 quasi
2603 566 2819 626 duobus
2839 568 2894 622 in
2924 555 3117 620 animi;
3145 561 3284 617 facie
3315 561 3488 617 oculis
3518 558 3913 630 resplendebat.

3002 672 3229 732 CAPUT
3268 672 3406 727 XIV.

2423 754 2524 810 Ubi
2548 754 2773 823 scriptor
2807 766 2868 804 ea
2895 747 3369 865 qutedt'ctalsbtnt,
3409 739 3595 794 humili
3630 735 3991 805 satisfactione

3062 830 3184 867 conc
3211 832 3240 865 ιι
3287 823 3345 865 ιι.

2493 914 2785 983 Superiora
2828 908 2947 973 tibi,
2987 905 3168 960 Teuzo
3196 912 3368 973 pater,
3409 914 3475 953 ex
3520 896 3743 966 cpistola
3796 906 3991 963 propo-

2421 1006 2525 1069 sui,
2557 982 2619 1059 ut
2669 1002 2884 1056 desinas
2938 998 3005 1052 de
3050 993 3420 1063 singularitate
3462 999 3793 1049 tumescere;
3850 982 3991 1037 istud

2421 1103 2601 1148 autem
2635 1090 2781 1153 ideo,
2832 1096 2891 1141 ut
2918 1086 3096 1140 discas
3128 1081 3397 1152 juniornm
3448 1076 3672 1129 fratrum
3706 1073 3870 1127 etiam
3914 1069 3994 1124 of-

2421 1183 2625 1240 fensas.
2667 1180 2710 1233 si
2758 1176 2895 1231 forte
2934 1171 3282 1241 contigerint,
3322 1164 3699 1235 aequanimiter
3730 1161 3990 1225 tolerare;

2425 1272 2678 1327 nimirum
2713 1267 2858 1337 quod
2899 1263 3137 1317 moribus
3176 1260 3281 1313 tuis
3311 1258 3437 1311 duxi
3482 1255 3723 1311 maxime
3751 1266 3999 1308 necessa-

2420 1361 2583 1422 rium,
2616 1358 2718 1412 hoc
2748 1356 2801 1408 in
2838 1350 3174 1421 disputativze
3202 1347 3534 1401 narrationis
3560 1344 3751 1399 ordine
3785 1342 3993 1397 servavi

2422 1451 2817 1515 consequenter
2855 1449 3180 1497 extremum.
3231 1435 3349 1490 lam
3388 1434 3552 1505 igitur
3594 1435 3662 1488 ab
3690 1431 3775 1485 illa
3823 1430 3995 1495 rigida

2421 1536 2584 1592 nimis
2610 1544 2667 1589 et
2698 1543 2890 1587 torosa.
2917 1528 3117 1584 mentis
3154 1536 3267 1581 tuas
3309 1525 3649 1578 animositate
3692 1532 3995 1587 compesce,

2424 1637 2583 1697 teque
2611 1627 2664 1679 in
2694 1621 2954 1693 patientia
2979 1633 3101 1674 cum
3126 1615 3382 1671 fratribus
3420 1613 3523 1667 tuis
3562 1621 3615 1667 et
3642 1611 3837 1665 blanda
3869 1609 3998 1664 cha-

2424 1715 2589 1770 ritate
2615 1724 2896 1781 compone.
2924 1706 3180 1776 Quisquis
3205 1704 3348 1759 enim
3373 1715 3471 1772 per
3501 1699 3825 1755 feralitatem
3857 1697 3996 1750 ami-

4091 554 4158 608 sit
4187 553 4334 621 virga
4384 567 4502 621 qua:
4543 550 4722 614 feriat,
4766 548 4858 603 sed
4891 556 4945 601 et
4994 560 5211 611 manna,
5258 544 5399 614 quod
5446 545 5503 598 in
5553 544 5676 597 fra—

4094 654 4254 699 terna:
4279 644 4439 714 θοι
4472 643 4665 697 mentis
4693 642 4870 710 palato
4893 640 5191 705 dulcescat;
5218 654 5315 693 nec
5342 639 5394 692 in
5419 652 5487 694 eo
5512 638 5675 693 zelus

4091 738 4161 789 sit
4208 732 4617 793 amaritudinis,
4666 733 4755 799 qui
4806 730 5111 791 deterreat,
5144 729 5236 782 sed
5282 728 5429 781 zelus
5474 727 5680 796 potius

4093 823 4395 887 charitatis,
4418 822 4511 890 qui
4540 820 4828 875 salubriter
4858 817 5113 885 corrigat.
5139 816 5335 885 Sicque
5359 815 5678 883 correptio-

4094 915 4179 969 nis
4199 913 4419 968 aculeus
4440 912 4636 966 vulnus
4654 908 5073 977 delinquentium
5103 914 5323 975 pungat,
5346 915 5404 959 ut
5420 914 5475 958 et
5506 920 5674 959 man-
5708 948 5735 991 ἱ

4094 1004 4394 1060 suetudinis
4415 1003 4593 1058 oleum
4617 1000 4806 1054 leniori
4832 999 5061 1068 quodam
5086 998 5318 1052 fomento
5334 994 5675 1051 detnulceat.

4094 1094 4294 1148 Verum
4326 1108 4424 1147 nos
4449 1094 4574 1146 dum
4604 1089 4971 1145 adillcationis
4995 1088 5242 1141 fraternae
5264 1086 5438 1141 studio
5467 1087 5678 1139 arden-

4096 1194 4179 1239 ter
4214 1184 4539 1244 insistimus.
4578 1181 4792 1234 modum
4829 1178 5067 1247 epistolae
5086 1176 5411 1247 supergressi
5444 1189 5671 1237 sumus;

4097 1276 4326 1345 ideoque
4347 1274 4507 1328 etiam
4536 1270 4718 1326 titulos
4736 1278 4923 1325 contra
4949 1282 5151 1323 morem
5177 1267 5411 1337 epistolae
5439 1264 5682 1334 singulis

4098 1367 4401 1436 quibusque
4443 1360 4713 1431 periochis
4746 1367 5104 1427 congruenter
5127 1355 5409 1417 affiximus.
5444 1371 5514 1411 ne
5541 1353 5686 1409 laci-

4098 1454 4233 1508 niosi
4258 1452 4379 1522 styli
4393 1450 4694 1505 satietatem
4712 1446 4926 1502 lectoris
4942 1446 5120 1499 animo
5140 1444 5357 1514 gignere
5373 1443 5679 1498 videretur.

4169 1540 4323 1595 Nunc
4352 1539 4532 1608 igitur,
4569 1536 4917 1591 dilectissime
4945 1534 5016 1589 mi
5047 1542 5199 1601 pater
5222 1541 5277 1587 et
5304 1532 5552 1595 domine,
5583 1544 5683 1600 pe-

4100 1630 4259 1685 dibus
4290 1629 4396 1682 tuis
4420 1642 4505 1681 me
4532 1626 4781 1695 protinus
4826 1622 4892 1695 [Ῑ.
4923 1620 5245 1693 prostratus]
5292 1619 5555 1685 advolvo,
5595 1617 5685 1673 fn-

4102 1720 4284 1787 sisque
4312 1715 4566 1784 lacrymis
4595 1712 4807 1767 veniam
4832 1711 5108 1766 humiliter
5132 1718 5256 1779 peto
5290 1726 5302 1761 :
5338 1707 5594 1761 videlicet
5622 1712 5688 1762 ut

2424 1806 2505 1860 cis
2552 1803 2666 1858 suis
2711 1795 3186 1856 contubernalibus
3229 1808 3335 1848 non
3393 1791 3715 1854 concordat,
3758 1788 3996 1843 ferarum
4033 1806 4073 1863 Β
4104 1809 4187 1863 οη
4216 1820 4338 1863 meo
4365 1801 4995 1873 clememerindulgbns’
5037 1811 5092 1854 et
5126 1814 5239 1862 me,
5285 1799 5375 1868 qui
5424 1797 5522 1852 ubi
5577 1810 5685 1855 an.

2424 1908 2579 1947 more
2608 1890 2753 1945 solus
2780 1900 3003 1943 necesse
3026 1892 3110 1939 est
3139 1892 3197 1936 ut
3222 1879 3523 1937 bestialiter
3553 1879 3719 1931 vivat.
3744 1876 3845 1941 Qui
3870 1889 4000 1943 ergo

2424 1977 2801 2047 Redemptoris
2828 1976 2911 2030 sui
2942 1971 3235 2042 discipulus
3262 1985 3367 2024 non
3395 1968 3717 2036 dedignatur
3746 1967 4000 2028 existere,

2432 2072 2611 2127 discat
2667 2082 2726 2122 se
2762 2066 2944 2119 mitem
2978 2062 3239 2131 proximis
3284 2060 3397 2115 suis
3451 2067 3506 2115 et
3546 2059 3803 2113 humilem
3852 2057 4006 2111 exhi-

2424 2161 2596 2215 bere:
2637 2175 2655 2209 α
2687 2157 2886 2210 Discite
2929 2169 2957 2206 a
3004 2166 3106 2213 me,
3163 2150 3359 2219 inquit,
3409 2150 3534 2218 quia
3574 2148 3722 2202 mitis
3782 2162 3897 2201 sum
3950 2154 4005 2200 et

2426 2247 2647 2305 humilis
2688 2245 2848 2301 corde
2900 2240 3132 2312 (Matth.
3185 2242 3285 2307 xi).
3315 2258 3334 2291 ι
3390 2238 3492 2304 Qui
3540 2239 3773 2305 denique
3829 2235 4005 2289 sancti

2428 2338 2665 2409 Spiritus
2694 2335 2945 2403 templum
2977 2346 3095 2386 esse
3134 2330 3425 2394 desiderat,
3458 2338 3517 2383 ut
3550 2330 3601 2383 id
3641 2328 3815 2397 ipsum
3853 2340 4008 2395 repe-

2428 2442 2561 2494 tam,
2607 2427 2674 2481 ab
2716 2425 3016 2480 humilitate
3054 2421 3213 2476 simul
3262 2430 3317 2475 et
3347 2421 3531 2489 quiete
3580 2418 4007 2472 mansuetudinis

2430 2536 2539 2573 nou
2580 2516 2821 2571 recedat.
2871 2511 2963 2565 Ait
3003 2510 3185 2565 enim:
3239 2528 3257 2559 ε
3288 2507 3462 2575 Super
3503 2520 3663 2575 quem
3708 2506 4011 2572 requiescet

2429 2606 2666 2676 Spiritus
2690 2618 2860 2666 meus,
2892 2600 2995 2654 nisi
3020 2612 3181 2667 super
3202 2596 3455 2652 humilem
3468 2605 3523 2649 et
3542 2595 3811 2663 quietum?
3830 2612 3846 2643 ι
3869 2593 4003 2661 (lia.

2429 2704 2600 2765 LXVI.)
2668 2693 2783 2748 Non
2822 2692 2983 2762 igitur
3010 2704 3194 2743 eorum
3236 2687 3444 2740 animos
3481 2685 3830 2741 verbositatis
3859 2700 4003 2753 quae-

2427 2787 2696 2843 stionibus
2748 2782 2967 2853 pulses,
3040 2794 3144 2833 non
3196 2794 3291 2833 eos
3352 2788 3609 2847 tanquam
3679 2786 3842 2830 torva:
3888 2791 4013 2829 cer-

2429 2874 2574 2929 vicis
2626 2884 2814 2927 taurus
2851 2870 3161 2925 cornicibus
3209 2867 3471 2931 ventiles;
3513 2882 3582 2921 ne
3626 2867 3751 2921 dum
3782 2881 3809 2918 a
3845 2874 3897 2919 te
3930 2866 4013 2919 [αα

2430 2958 2601 3037 gitur,
2637 2962 2766 3015 illud
2816 2961 2869 3013 in
2912 2959 2986 3012 tui
3036 2958 3382 3026 opprobrium
3413 2956 3705 3024 jaculetur,
3757 2958 3898 3023 quod
3944 2958 4054 3011 de.

2430 3040 2575 3110 bove
2603 3059 2900 3119 cornupeta
2929 3048 3228 3115 antiquitus
3254 3046 3534 3101 dicebatur
3559 3066 3573 3097 :

2832 3138 3020 3187 Fenum
3054 3137 3202 3185 habet
3229 3138 3277 3183 in
3304 3149 3453 3185 cornu
3488 3136 3613 3195 (28).

2430 3219 2811 3290 Tranquillum
2848 3232 2977 3287 ergo
3009 3226 3060 3271 te
3098 3227 3149 3273 et
3177 3222 3419 3286 quietum
3462 3219 3672 3272 cunctis
3701 3218 4009 3277 videntibus

2432 3310 2665 3374 exhibe;
2714 3316 2769 3361 et
2804 3308 3073 3377 pracipue
3101 3308 3184 3362 bis
3220 3307 3311 3374 qui
3356 3321 3423 3360 ex
3458 3306 3566 3361 Deo
3600 3317 3745 3369 sunt,
3777 3311 3923 3364 omni
3959 3320 4012 3365 te

2433 3396 2739 3452 obedientia
2776 3406 2829 3450 et
2880 3396 3181 3450 humilitate
3234 3395 3552 3462 substerne,
3600 3407 3658 3450 ut
3707 3397 3797 3464 qui
3847 3399 3901 3453 in
3960 3410 4012 3454 te

2435 3486 2711 3542 Christum
2727 3494 2989 3553 quaerunt,
3005 3484 3276 3539 Christum
3293 3493 3689 3554 consequenter
3703 3485 4007 3550 inveniant;

2436 3584 2491 3629 et
2530 3573 2585 3627 in
2614 3574 3028 3627 mansuetudine
3058 3588 3220 3641 quam
3257 3574 3500 3628 exterius
3546 3573 3803 3635 viderint,
3833 3576 4009 3643 ipsum

2438 3669 2719 3716 auctorem
2756 3662 3185 3716 mansuetudinis
3227 3662 3387 3715 altius
3431 3663 3484 3716 in
3516 3663 3713 3716 mentis
3752 3671 3857 3716 tuae
3882 3666 4015 3718 solio

2440 3749 2731 3820 praesidere
2758 3750 3176 3820 deprehendant.
3208 3750 3372 3806 Plane
3396 3751 3442 3806 si
3476 3763 3663 3820 pectus
3696 3760 3845 3806 tuum
3888 3764 4017 3806 arca

4106 1898 4295 1953 dacter
4316 1895 4664 1967 insuggillare
4691 1892 5008 1963 praesumpsi
5046 1906 5075 1944 a
5112 1890 5393 1945 cbaritatis
5424 1898 5531 1941 tua:
5562 1884 5689 1940 dul-

4106 1990 4298 2046 cedine
4334 2002 4440 2043 non
4465 1983 4724 2055 repellas,
4756 1982 5049 2038 dummodo
5076 1995 5267 2048 nempe
5295 1979 5409 2032 haec
5433 1992 5560 2043 qua:
5593 1990 5687 2031 su-

4105 2080 4291 2148 perius
4336 2073 4725 2143 comprehensa
4771 2079 4929 2135 sunt,
4977 2070 5265 2124 salubriter
5301 2066 5685 2120 admittantnr.

4107 2168 4221 2238 Ego
4249 2181 4357 2221 non
4392 2164 4570 2217 abnuo
4600 2158 4984 2215 satisfactiouis
5009 2156 5170 2226 802
5204 2152 5397 2224 gratia,
5427 2160 5483 2205 ct
5509 2150 5692 2205 nudas

4110 2258 4297 2313 ferulae
4325 2264 4518 2309 vestra:
4543 2250 4791 2322 scapulas
4818 2250 5049 2305 subdere
5070 2290 5084 2312 ,
5115 2257 5170 2301 et
5196 2247 5259 2301 de
5282 2254 5475 2300 ctetero
5503 2252 5689 2313 pater-

4111 2349 4194 2403 nis
4207 2345 4512 2401 sanctitatis
4522 2351 4718 2397 vcstrte
4737 2340 4942 2410 legibus
4962 2346 5268 2391 reverenter
5283 2335 5597 2401 obtempera
5606 2345 5686 2385 re.

4112 2442 4285 2511 Spero
4328 2448 4510 2493 autem
4553 2435 4696 2505 quod
4746 2442 4802 2487 et
4846 2432 4961 2486 haec
4989 2446 5107 2485 mea
5138 2429 5288 2484 vobis
5333 2444 5438 2482 non
5466 2426 5577 2481 erit
5605 2426 5694 2479 in-

4112 2531 4388 2585 fructuosa
4436 2526 4735 2595 correptio;
4780 2523 4904 2592 quia
4950 2522 5075 2577 dum
5126 2520 5286 2574 menti
5327 2526 5523 2571 vestra:
5575 2522 5689 2568 tam

4112 2620 4321 2674 scilicet
4352 2616 4535 2686 gravi,
4566 2627 4672 2669 tam
4700 2620 4955 2685 maturas,
4988 2619 5095 2663 tam
5125 2616 5268 2663 certe
5304 2614 5501 2661 sancue
5538 2617 5691 2658 ama-

4114 2725 4233 2763 rum
4262 2707 4399 2761 forte
4423 2706 4594 2775 sapit,
4628 2703 4770 2771 quod
4798 2716 4929 2755 ausu
4956 2698 5187 2767 iunioris
5214 2696 5476 2765 arguitur,
5511 2692 5569 2747 in
5590 2703 5696 2747 vo-

4114 2794 4442 2862 bismetipsis
4491 2792 4695 2860 liquido
4729 2788 4955 2859 potestis
5003 2786 5307 2847 addiscere,
5356 2781 5484 2851 quid
5532 2777 5688 2833 vobis

4117 2890 4247 2941 dum
4282 2883 4624 2952 loquentibus
4648 2922 4661 2946 ,
4692 2881 4757 2935 de
4791 2879 4965 2934 alieno
4992 2878 5231 2932 debeatis
5270 2880 5429 2930 corde
5457 2870 5687 2926 sentire.

4116 2973 4268 3042 Rogo
4300 2982 4475 3026 autem
4492 3010 4507 3032 ,
4532 2968 4858 3024 venerabilis
4884 2975 5051 3034 pater,
5086 2974 5143 3019 ut
5170 2978 5268 3033 pro
5293 2977 5378 3017 me
5401 2967 5691 3031 peccatore

4118 3074 4331 3127 semper
4365 3074 4523 3113 orare
4566 3057 4819 3126 digneris.
4854 3054 4989 3121 Quia
5023 3064 5200 3108 autem
5233 3051 5421 3106 faciem
5453 3056 5690 3103 vestram

4040 3139 4086 3201 C
4120 3150 4345 3204 ulterius
4377 3151 4427 3201 in
4456 3149 4555 3201 hac
4581 3149 4689 3201 vita
4720 3146 4960 3200 visurum
4990 3160 5076 3199 me
5103 3157 5221 3198 esse
5250 3157 5353 3196 non
5381 3154 5571 3209 spero,
5604 3137 5689 3191 di-

4117 3242 4298 3293 vinam
4331 3240 4562 3308 deposco
4593 3237 4929 3292 clementiam
4951 3276 4966 3301 ,
4989 3244 5065 3298 ut,
5115 3234 5287 3289 soluto
5330 3229 5535 3286 militiae
5576 3228 5693 3282 cin-

4122 3332 4279 3403 gulo,
4306 3334 4383 3386 sic
4421 3346 4518 3385 nos
4540 3331 4593 3384 in
4623 3338 4842 3384 mutuos
4874 3334 5223 3394 rcprmsentet
5248 3330 5527 3393 aspectus,
5561 3332 5694 3387 qua-

4120 3432 4279 3476 tenus
4308 3431 4363 3475 et
4387 3435 4551 3473 unum
4579 3433 4824 3487 superna:
4860 3416 5107 3471 videlicet
5146 3410 5477 3469 Hierusalem
5516 3406 5690 3462 ascri-

4119 3514 4279 3568 batur
4309 3510 4553 3567 emeritis
4578 3507 4959 3575 municipium,
4992 3514 5046 3560 et
5084 3503 5292 3559 socialis
5323 3502 5375 3556 in
5403 3508 5692 3565 utrumque

4120 3604 4382 3674 procedat
4406 3599 4833 3667 recompensatio
4860 3598 5195 3655 meritorum.

4462 3729 4539 3785 Sit
4566 3744 4752 3783 nomen
4780 3726 4988 3781 Domini
5014 3725 5351 3779 benedictum.

2512 3896 2628 3969 (28”)
2668 3898 2739 3951 De
2770 3899 2941 3967 poetis
2988 3900 3091 3955 hoc
3134 3899 3240 3957 dici
3267 3900 3421 3970 lingit
3450 3898 3705 3956 Horatius
3748 3914 3913 3954 serm.
3947 3916 3987 3966 ι,
4028 3908 4130 3955 sat.
4164 3899 4216 3953 4.

2458 4073 5669 4111 Mm

2446 4217 2803 4291 ⁸⁰³⁴⁸⁰⁸
2844 4235 3622 4343 OPUSCULUM
3686 4241 4003 4362 QUIN
4014 4236 4450 4363 QUAGE
4470 4238 4886 4342 SIMUM
4954 4231 5683 4340 SECUNDUM.

2622 4546 2729 4605 DE
2756 4544 2971 4607 BONO
3026 4545 3431 4607 RELIGIOSI
3478 4545 3783 4607 STATUS
3837 4548 3937 4607 ET
3974 4546 4399 4609 VARIABUM
4436 4535 4955 4609 ANIMANTIUM
5008 4545 5549 4611 TRQPOLOGIA.

2456 4724 2939 4797 Δισῦιιεκτοκμ-
2961 4719 3073 4774 liae
3116 4720 3375 4797 epistola,
3410 4736 3530 4797 cum
3576 4721 3629 4776 in
3665 4721 4011 4797 ipso‘statim.
4041 4724 4266 4797 exordio
4314 4725 4639 4797 depravatos
4685 4721 4963 4777 hominum
5007 4736 5212 4785 mores,
5242 4729 5299 4775 et
5328 4722 5692 4778 calamitosum

2520 4808 2741 4875 suorum
2784 4794 3086 4875 temporum
3113 4800 3330 4875 statum
3348 4789 3715 4875 deplorasset,
3748 4792 3959 4875 illorum
3989 4791 4299 4872 felicitatem
4328 4789 4539 4872 extollit
4578 4793 4690 4861 qui,
4724 4801 5072 4875 tempestates
5098 4791 5277 4845 saeculi
5306 4789 5601 4859 fugientes,
5634 4789 5694 4844 ad

2524 4864 2859 4945 tutissimum
2887 4858 3157 4945 religionis
3213 4858 3987 4945 por;um1c0nf.ugerent..Qluo
4035 4863 4085 4912 in
4119 4878 4313 4930 genere
4345 4858 4669 4935 Casinenses
4717 4858 5013 4915 monachos
5044 4861 5311 4929 prwcipue
5354 4858 5691 4915 admiratur:

2526 4940 2758 5011 montem
2790 4929 3243 5011 ipsumljasipum
3270 4944 3409 5011 arcae
3442 4930 3675 4983 ζηέθεειὶαςθ
3702 4946 3809 5011 non
3837 4932 4087 5011 dllhll'f.il§
4121 4929 4471 5011 cuum-arare,
4507 4930 4624 5001 quin
4657 4931 4843 4983 diluvii
4876 4938 5117 4999 tempore
5145 4929 5320 4983 omnis
5343 4932 5560 4999 generis
5589 4930 5695 4983 sni-

2543 5001 2791 5080 gautium
2818 4997 3077 5080 refugium
3108 4997 3314 5080 fuisset.
3348 5000 3506 5080 Hinc.
3537 5002 3824 5080 «mensium
3848 5002 4181 5080 arrepant.
4190 4997 4547 5080 animantium
4580 5011 4805 5054 naturas
4834 4997 5298 5069 proprietatesque
5320 4997 5693 5055 describendas

2530 5068 2849 5138 digreditur,
2878 5058 3012 5133 quas
3058 5069 3527 5140 (quemadmodum
3561 5069 3689 5125 facit
3722 5070 3858 5135 apud
3905 5056 4127 5127 Grascos
4164 5070 4514 5140 Epiphanius)
4546 5074 4611 5125 ad
4645 5056 4880 5125 hominis
4915 5056 5093 5126 mores
5138 5056 5527 5122 tet-utilitatem
5570 5068 5691 5123 mire

2531 5139 2766 5193 traducit
2794 5145 2955 5205 atque
2982 5139 3377 5191 accommodat.

2530 5269 2737 5325 Domuo
2756 5259 4033 5342 Dsswnroarchangelomonachorumfsancto-
4064 5295 4111 5354 ο
4136 5281 4318 5329 aestas
4343 5272 4535 5345 periit;
4564 5280 4620 5327 et
4643 5271 4770 5325 dum
4792 5268 5145 5327 ecclesiastici
5171 5269 5371 5340 vigoris
5394 5271 5593 5325 sensim
5621 5266 5690 5323 di-

2465 5377 2565 5434 que
2579 5378 2783 5418 conven
2794 5364 2885 5429 ωἱ,
2902 5364 3114 5420 Ρετιιυδ
3128 5376 3378 5435 peccator
3391 5368 3682 5423 monachus
3695 5369 4027 5423 servitutem.

2533 5455 2633 5520 Qui
2661 5454 2911 5509 sacculum
2942 5457 3261 5527 reliquistis,
3286 5474 3418 5528 quas
3444 5462 3675 5530 erepturi
3711 5470 3888 5516 vestro
3923 5461 4034 5517 Deo

2468 5545 2665 5613 gratias
2710 5545 2985 5611 debeatis,
3035 5549 3079 5603 is
3118 5550 3295 5618 perite
3324 5550 3659 5617 considerat,
3704 5552 3795 5622 qui
3849 5553 4034 5607 mundi

2470 5634 2695 5692 furentis
2740 5635 2933 5708 ﬂagitia
2983 5656 3084 5695 non
3131 5643 3360 5712 ignorat.
3414 5642 3593 5699 Pudor
3624 5648 3799 5712 enim,
3851 5655 3900 5700 et
3940 5646 4034 5700 bo-

4135 5364 4357 5434 sciplina
4406 5363 4715 5427 collabitur,
4743 5360 5301 5417 inundans‘vitiorum
5345 5376 5408 5415 ac
5474 5361 5687 5431 pravita—

4137 5465 4246 5510 tum
4278 5458 4516 5511 omnium
4552 5457 4607 5510 in
4636 5454 4753 5509 dies
4796 5454 4962 5524 pestis
5007 5462 5249 5523 augetur.
5284 5450 5352 5509 Ut
5381 5452 5534 5507 illum
5581 5465 5691 5523 pro-

4137 5548 4409 5618 pbeticum
4440 5555 4626 5602 nostro
4668 5544 5005 5617 potissimum
5053 5550 5295 5613 tempore
5325 5543 5576 5600 videatur
5604 5544 5689 5599 im-

4137 5642 4268 5711 pleri
4304 5660 4315 5693 :
4356 5660 4373 5693 ι
4413 5639 4528 5698 Νοη
4566 5647 4683 5706 est,
4733 5637 4947 5710 inquit,
4974 5635 5206 5706 veritas,
5239 5651 5347 5693 non
5374 5644 5459 5693 est
5502 5630 5687 5693 miseri
