5882 6584
988 399 1096 459 Ἱϐΰ

1817 392 2064 451 OPUSC.
2112 391 2219 447 LII.
2253 421 2322 432 —
2356 390 2449 447 DE
2483 390 2667 447 ΒΟΝΟ
2706 387 3049 445 RELIGIOSI
3093 386 3395 442 STATIIS.

4158 382 4267 441 766

983 515 1167 575 cordia
1193 557 1207 580 ,
1233 521 1286 570 et
1310 528 1415 568 non
1444 519 1525 567 est
1548 510 1771 567 scientia
1802 509 1892 563 Dei
1921 509 1973 561 in
2003 516 2166 562 terra.
2198 505 2561 568 Maledictum,
2595 508 2641 565 Α
2672 517 2833 570 quam
2884 518 2989 557 non
3035 500 3173 569 plui,
3207 501 3348 554 aruit
3395 498 3576 569 (Amos
3624 500 3722 568 tv).
3761 519 3778 552 ι
3834 502 4011 556 Corda
4066 497 4269 569 quippe

985 617 1044 661 et
1068 606 1407 661 mendacium
1433 642 1446 665 ,
1478 612 1529 656 et
1561 599 1941 661 homicidium,
1973 607 2027 652 et
2073 595 2273 650 furtum
2297 605 2393 659 ,et
2418 594 2569 647 adul-

987 696 1181 753 torium
1218 695 1617 749 inundaverunt
1661 690 1815 760 (Osee
1859 689 1955 759 tv).
1992 708 2009 740 ι
2043 689 2102 742 Et
2132 689 2256 757 quia
2305 688 2419 741 hac
2461 701 2568 739 non

982 786 1145 840 modo
1191 783 1501 853 principalis
1548 795 1777 836 censura
1828 795 1933 833 non
1993 780 2273 848 reprimit,
2322 777 2415 830 sed
2454 774 2568 828 fieri

982 890 1109 931 cum
1140 874 1450 929 favorabilis
1478 888 1733 927 assensus
1780 872 2143 926 exsultatione
2188 869 2481 940 permittit;
2516 874 2571 920 et

980 978 1051 1017 ex
1077 979 1143 1019 eo
1172 964 1314 1017 risus
1340 965 1630 1023 excutitur,
1664 961 1747 1015 cui
1775 976 1880 1014 non
1917 963 2072 1016 modo
2099 960 2331 1029 gemitus
2350 998 2363 1019 ,
2395 958 2489 1010 seel
2516 963 2569 1006 et

983 1050 1141 1107 furor
1166 1058 1222 1104 et
1252 1050 1585 1119 impatientia
1616 1048 1945 1112 debebatur;
2005 1060 2149 1100 recte
2194 1062 2287 1114 per
2316 1045 2568 1098 eumdem

981 1140 1301 1210 prophetam
1328 1139 1667 1209 postmodum
1698 1126 1894 1191 diciinr
1925 1155 1938 1190 :
1974 1158 1989 1188 ι
2022 1138 2075 1190 Iu
2110 1136 2316 1189 malitia
2341 1152 2437 1189 sua
2474 1135 2567 1187 he-

984 1231 1335 1284 tilicaveruut
1364 1243 1542 1297 regem
1564 1268 1578 1291 ,
1606 1236 1658 1281 et
1684 1228 1735 1280 in
1763 1226 2061 1281 mendaciis
2098 1226 2210 1279 suis
2243 1226 2516 1294 principes
2553 1242 2565 1277 :

981 1332 1175 1371 omnes
1203 1316 1602 1380 adulterantes,
1635 1317 1788 1385 quasi
1822 1317 2066 1370 clibanus
2098 1315 2342 1370 succensi
2387 1323 2513 1367 sunt
2539 1329 2565 1366 a

981 1415 1252 1473 coquente
1285 1405 1438 1474 (Osee
1482 1406 1604 1474 vit).
1644 1426 1662 1457 ι
1718 1406 1779 1459 Et
1815 1407 2071 1475 quoniam
2102 1407 2265 1460 ardor
2294 1407 2565 1471 avaritim,

980 1494 1098 1548 sive
1124 1493 1367 1564 luxuriae,
1403 1495 1554 1562 prius
1587 1504 1840 1563 tanquam
1888 1496 2160 1563 laquearia
2192 1496 2383 1549 domus
2407 1506 2569 1563 atque

980 1582 1153 1650 tigilla
1190 1584 1466 1651 principes
1494 1586 1751 1651 corripit,
1801 1586 1991 1639 deinde
2024 1601 2117 1653 per
2148 1585 2419 1653 subjectos
2448 1600 2568 1639 sese

976 1671 1127 1726 velut
1168 1686 1263 1741 per
1308 1672 1553 1740 planiora
1599 1672 1881 1737 diffundit;
1918 1674 2077 1742 paulo
2126 1684 2248 1742 post
2299 1673 2506 1728 addidit
2550 1686 2565 1723 :

986 1783 1004 1813 ι
1032 1764 1231 1818 Omnes
1250 1762 1497 1819 calefacti
1522 1766 1813 1833 suntquasi
1830 1764 2564 1825 clibanus.etdevoraverunt

2678 600 2893 645 terrena
2935 602 3099 658 atque
3154 589 3391 643 carnalia
3440 588 3588 642 velut
3631 598 3766 643 testu
3815 588 4118 659 squalentia
4145 586 4269 643 din-

2674 693 2849 738 turnm
2866 682 3133 737 siccitatis
3158 690 3432 743 arescunt,
3450 697 3569 751 quae
3589 680 3789 736 fluenta
3812 696 4062 752 superum
4080 678 4270 751 gratia:

2674 772 3106 842 compunctionis
3133 770 3396 825 imbribus
3426 786 3533 823 non
3576 770 3885 825 infundunt.
3938 771 4012 824 De
4053 783 4158 836 qua
4187 766 4269 822 vi-

2675 862 2869 915 delicet
2905 872 3044 913 terra
3075 859 3254 913 divina
3288 875 3389 912 vox
3424 860 3537 912 ait:
3581 878 3597 909 ι
3631 860 3897 915 Mandabo
3935 862 4171 914 nubibus
4204 872 4273 911 ne

2674 952 2862 1019 pluant
2890 965 3050 1017 super
3095 964 3214 1003 eam
3270 949 3472 1003 imbres
3518 949 3652 1021 (Isa.
3694 952 3768 1017 ν).
3808 972 3821 1000 ι
3856 951 3925 1003 At
3969 959 4159 1005 contra
4207 948 4273 1000 de

2674 1050 2853 1095 mente
2885 1042 2971 1093 illa
2994 1081 3008 1103 ,
3049 1056 3167 1110 quae
3202 1041 3488 1094 Dominum
3534 1045 3804 1095 veraciter
3832 1041 3969 1104 sitit,
4008 1055 4127 1109 qnte
4153 1038 4271 1092 fon-

2675 1143 2782 1185 tem
2808 1132 3087 1200 sapientia:
3127 1131 3459 1184 iudel‘tcienti
3491 1132 3762 1185 desiderio
3786 1130 4145 1199 concupiscit,
4172 1142 4271 1197 per

2674 1223 2864 1276 Isaiattt
2891 1222 3121 1276 dicitur:
3145 1240 3161 1271 ι
3184 1220 3471 1276 Effundam
3505 1224 3649 1276 enim
3684 1237 3854 1289 aquas
3887 1237 4052 1290 super
4070 1220 4268 1281 sitien-

2674 1320 2808 1372 tem,
2864 1321 2919 1364 et
2965 1309 3165 1364 ﬂuenta
3220 1325 3383 1377 super
3429 1312 3660 1364 aridam.
3692 1310 3974 1364 Effundam
4013 1310 4267 1379 spiritum

2674 1414 2850 1453 meum
2883 1414 3045 1468 super
3080 1414 3264 1453 semen
3301 1408 3483 1464 tuum,
3514 1410 3569 1453 et
3611 1401 4045 1455 benedictionem
4090 1412 4271 1452 meam

2673 1505 2833 1559 super
2859 1492 3081 1559 stirpem
3132 1501 3310 1551 tuam.
3358 1502 3413 1547 et
3458 1494 3845 1563 germinabttnt
3874 1494 3925 1546 in
3956 1502 4008 1546 te
4038 1492 4272 1558 herbas,

2672 1582 2826 1650 quasi
2849 1582 3043 1636 salices
3062 1581 3213 1649 juxta
3240 1583 3671 1651 practerfluentes
3697 1598 3864 1651 aquas
3888 1581 4043 1653 (Isai.
4064 1582 4266 1651 ψη.»

3301 1694 3528 1749 CAPUT
3570 1695 3631 1748 Il.

2846 1762 3002 1827 Quod
3031 1766 3351 1817 monasteria
3381 1766 3577 1818 vivaria
3610 1776 3729 1818 sunt
3772 1765 4094 1817 animarum.

971 1857 1190 1927 judices
1216 1871 1370 1923 suos;
1397 1872 1585 1911 omnes
1614 1872 1768 1926 rcges
1788 1864 1974 1910 eorum
1990 1857 2329 1920 ceciderunt,
2355 1871 2459 1909 non
2484 1862 2567 1909 est
2602 1864 2645 1923 Β
2742 1850 2874 1905 Cum
2898 1869 3029 1922 ergo
3067 1870 3161 1908 vos
3206 1856 3548 1921 omnipotens
3583 1856 3724 1910 Deus
3752 1855 3953 1909 mundo
4000 1854 4273 1908 subtraxit

976 1948 1034 2003 in
1061 1946 1141 2000 eis
1182 1947 1272 2014 qui
1306 1946 1501 2001 clamet
1529 1946 1594 1999 ad
1620 1960 1705 1998 me
1733 1945 1945 2015 (lbid.).
1986 1964 2004 1995 ι

1050 2035 1117 2089 Ει
1146 2038 1274 2105 quia
1321 2037 1493 2091 bonos
1532 2036 1806 2105 principes
1840 2036 2012 2089 malus
2040 2036 2268 2104 populus
2315 2050 2421 2089 non
2455 2049 2570 2088 me-

974 2136 1150 2192 retur,
1181 2137 1340 2197 atque
1374 2128 1492 2182 ideo
1532 2137 1675 2182 tctus
1708 2130 1937 2182 ntundns
1980 2128 2129 2181 velut
2164 2144 2329 2180 unum
2370 2143 2569 2195 corpus

974 2217 1288 2270 continuata
1340 2216 1629 2270 criminum
1692 2217 2154 2271 contaminatione
2205 2216 2566 2285 perfunditur,

974 2304 1159 2359 divina
1192 2320 1293 2359 vox
1326 2320 1423 2374 per
1450 2307 1768 2374 prophetam
1795 2308 2119 2376 exprobrat,
2154 2307 2376 2361 dicens:
2411 2327 2427 2357 ι
2469 2307 2567 2360 Ubi

972 2403 1058 2449 est
1085 2410 1181 2449 rex
1208 2401 1351 2459 tuus,
1385 2396 1571 2460 Israel,
1619 2398 1852 2450 maxime
1889 2412 2031 2450 nunc
2076 2396 2246 2449 salvct
2278 2406 2327 2450 te
2358 2397 2409 2449 in
2456 2412 2573 2467 om-

970 2482 1132 2537 nibus
1158 2483 1383 2538 urbibus
1412 2485 1551 2549 tuis;
1580 2494 1636 2538 et
1656 2484 1868 2551 judices
1897 2485 1995 2547 tui,
2020 2485 2085 2539 de
2113 2484 2311 2553 quibus
2338 2485 2521 2537 dixisti
2550 2502 2564 2536 :

970 2573 1049 2628 Da
1099 2575 1231 2629 mihi
1279 2590 1458 2645 regem
1492 2585 1548 2629 et
1592 2576 1868 2645 principes
1919 2574 2074 2643 (Osee
2111 2576 2253 2644 xm).
2295 2593 2312 2625 ι
2367 2573 2467 2628 Ubi
2515 2583 2569 2628 et

972 2675 1174 2735 presio
1220 2666 1603 2737 subiungitur:
1661 2684 1678 2719 t
1718 2667 1867 2722 Dabo
1902 2667 1994 2719 tibi
2050 2682 2229 2735 regem
2282 2666 2335 2719 in
2386 2664 2568 2720 furore

969 2769 1116 2825 meo,
1133 2764 1190 2811 et
1215 2755 1458 2809 auferam
1486 2756 1538 2809 in
1567 2757 1937 2826 indignatione
1965 2772 2081 2811 mea
2111 2757 2321 2827 (Ibid.).
2352 2776 2369 2809 ι
2400 2758 2554 2813 Unde

967 2846 1031 2902 fit
1078 2854 1139 2899 ut
1188 2847 1311 2899 dum
1363 2847 1547 2899 mundi
1598 2847 1872 2914 principes
1919 2863 2024 2901 non
2072 2849 2226 2917 jura,
2279 2850 2372 2903 sed
2418 2850 2563 2903 lucra

967 2946 1332 3000 conservant,
1365 2935 1637 3005 subjectos
1685 2952 1899 3005 quoque
1948 2937 2215 3007 proclives
2265 2940 2318 2992 in
2366 2939 2565 2993 malum

967 3025 1117 3081 nulla
1169 3025 1423 3093 legalium
1476 3026 1813 3080 sanctionum
1869 3042 2099 3082 censura
2150 3027 2406 3084 refrenet.
2452 3029 2566 3084 Hoc

968 3116 1206 3171 mundus
1233 3126 1417 3170 nostro
1466 3126 1714 3186 tempore
1768 3118 1989 3185 patitur,
2032 3120 2173 3187 quod
2224 3134 2321 3188 per
2371 3119 2564 3173 Isaiam

2672 1958 2736 1998 ac
2764 1945 2862 1999 sub
2894 1948 3191 1999 monastica
3249 1947 3350 2001 sibi
3384 1947 3666 2016 disciplina
3715 1948 3922 2001 servire
3961 1945 4271 2010 constituit,

2670 2033 2798 2103 quid
2832 2034 2976 2088 aliud
3009 2036 3201 2089 fecisse
3247 2037 3507 2099 cernitur,
3538 2052 3698 2105 qnam
3740 2036 3887 2090 velut
3917 2035 4044 2089 olim
4083 2036 4135 2089 in
4170 2050 4268 2089 ca~

2676 2124 2953 2193 taclysmo,
2992 2125 3056 2179 de
3080 2125 3259 2178 multis
3282 2127 3631 2194 pereuntibus
3656 2142 3751 2180 vos
3767 2141 3967 2195 paucos
3995 2125 4178 2195 elegit,
4206 2139 4272 2180 ac

2670 2211 2723 2264 itt
2750 2212 3088 2267 bituminatac
3117 2224 3257 2267 arcae
3287 2213 3563 2268 latibulunt
3583 2214 3736 2284 (Gen.
3760 2216 3882 2281 vn),
3916 2224 3973 2269 ut
3992 2215 4270 2278 viveretis,

2673 2304 2925 2359 induxit?
2960 2305 3273 2360 Claustrum
3302 2308 3501 2377 quippe
3531 2308 3850 2361 monasterii
3892 2308 4158 2375 vivarium
4188 2313 4272 2361 es!

2671 2397 2995 2450 animarum.
3029 2397 3104 2451 Ibi
3136 2400 3335 2467 quippe
3376 2401 3564 2453 vivunt
3600 2401 3798 2469 pisces,
3832 2400 3922 2469 qui
3952 2400 4104 2469 juxta
4136 2399 4274 2468 legis

2671 2486 2847 2539 edicta
2882 2487 3145 2554 pennulas
3182 2488 3415 2553 habent;
3449 2497 3612 2557 atque
3646 2500 3703 2542 ut
3736 2491 3787 2542 iu
3836 2505 4037 2559 corpus
4068 2489 4272 2545 Christi

2672 2575 3094 2639 transferantur,
3121 2577 3488 2631 Israelitarunt
3520 2580 3723 2633 mensis
3750 2579 3973 2633 delicias
4006 2580 4271 2648 prmbent.

2669 2665 2853 2720 Pisces
2880 2665 3079 2735 quippe
3109 2667 3199 2734 qui
3226 2683 3577 2735 squamarum
3600 2669 3862 2736 pennulas
3890 2668 4109 2733 habent,
4142 2670 4272 2725 dare

2670 2755 2838 2808 saltus
2864 2756 3025 2808 etiam
3068 2772 3231 2825 super
3257 2772 3425 2825 aquas
3458 2757 3654 2811 solent.
3693 2756 3829 2822 Quid
3856 2774 3986 2828 ergo
4016 2761 4272 2828 pennati!

2667 2843 2906 2913 piscibus
2938 2844 3037 2896 nisi
3067 2844 3253 2898 electa!
3284 2846 3477 2898 animae
3521 2846 3845 2914 figurantur,
3888 2862 4006 2913 qus:
4027 2848 4272 2914 profecto

2670 2931 2799 2985 solce
2832 2931 2883 2982 in
2921 2931 3157 2984 ccelcstis
3202 2932 3459 2986 Ecclesia:
3518 2949 3717 3003 corpus
3764 2945 4088 3005 transeunt;
4141 2938 4268 3005 quia

2668 3023 2831 3076 modo
2862 3022 3123 3075 virtutum
3172 3024 3425 3091 pennnlis
3450 3024 3619 3089 fultm,
3674 2998 4007 3085 saltus‘glare
4033 3045 4133 3097 per
4155 3044 4267 3086 co:-

2669 3111 2801 3165 leste
2830 3113 3156 3167 desiderium
3186 3114 3399 3179 sitiunt,
3450 3126 3511 3167 ut
3539 3131 3769 3184 superna
3804 3133 3899 3185 per
3928 3121 4270 3189 contempla-

970 3206 1213 3260 dicitur:
1267 3224 1286 3256 ‹
1324 3204 1495 3259 Omne
1545 3214 1709 3274 caput
1786 3206 2102 3275 languidum
2154 3216 2208 3260 et.
2254 3223 2414 3261 omne
2467 3224 2562 3262 cm-
2592 3200 2635 3261 C
2669 3200 2869 3254 tionem
2912 3210 3189 3269 appetant,
3246 3204 3497 3271 quamvis
3530 3205 3582 3257 in
3614 3208 3933 3271 semetipsos
3961 3208 4154 3262 iterum
4202 3223 4269 3265 ex

972 3306 1244 3357 mouens;
1275 3308 1303 3346 a
1335 3294 1514 3363 planta
1544 3295 1697 3363 pedis
1728 3310 1899 3366 usque
1934 3297 2001 3350 ad
2034 3298 2295 3352 verticem
2326 3313 2434 3352 non
2482 3307 2566 3353 est

970 3383 1026 3437 in
1054 3398 1120 3438 eo
1156 3384 1365 3439 sanitas
1394 3383 1527 3455 (lsa.
1560 3388 1622 3456 ι).
1660 3405 1680 3439 ι

1479 3498 1708 3555 CAPUT
1747 3500 2041 3555 PRIMUM.

1058 3588 1213 3656 Quod
1242 3587 1469 3659 religiosi
1510 3583 1807 3660 quasi'oves
1842 3604 1962 3645 sunt
1994 3594 2057 3646 de
2088 3592 2199 3661 lupi
2228 3594 2470 3663 faucibus

1668 3672 1877 3729 ereplw.

1039 3744 1401 3814 Quamobrem
1433 3763 1778 3818 summopere
1813 3752 2113 3805 curandum
2141 3752 2295 3806 vobis
2324 3760 2432 3811 est.
2479 3752 2563 3805 di-

965 3839 1271 3904 lectissimi,
1295 3851 1351 3893 ut
1379 3841 1674 3895 immensas
1697 3842 1808 3895 Deo
1829 3844 2033 3911 gratias
2051 3842 2259 3913 jugiter
2281 3842 2555 3910 referatis,

963 3929 1061 3997 qui
1092 3928 1339 3985 videlicet
1373 3930 1474 3984 hoc
1504 3942 1748 4000 tempore
1778 3933 1846 3985 de
1875 3933 2075 3987 mundo
2100 3933 2231 3987 estis
2251 3932 2430 3997 electi,
2453 3949 2561 4003 quo

966 4027 1185 4074 constat
1218 4018 1270 4072 in
1311 4034 1375 4073 eo
1405 4020 1717 4088 quempiam
1765 4021 1982 4076 dillicile
2020 4037 2177 4091 posse
2206 4024 2429 4078 salvari.
2460 4024 2561 4078 lm-

961 4109 1155 4179 plestis
1169 4111 1314 4164 enim
1327 4112 1468 4179 quod
1486 4126 1583 4181 per
1598 4111 1940 4177 Zachariam,
1960 4112 2115 4167 Domi
2126 4114 2555 4180 novociferante,

967 4202 1285 4273 prtecipitur
1314 4221 1325 4255 :
1362 4221 1380 4252 ι
1414 4202 1482 4268 0,
1508 4218 1563 4269 ο,
1595 4202 1764 4273 fugite
1791 4204 1856 4257 de
1888 4215 2030 4258 terra
2054 4205 2339 4273 Aquilonis
2368 4205 2554 4275 (Zach.

964 4291 1107 4361 ll).°l
1140 4293 1207 4347 Et
1234 4310 1449 4349 rursum
1477 4313 1489 4346 :
1522 4313 1539 4344 ι
1582 4294 1627 4350 Ο
1662 4294 1815 4360 Sion,
1847 4295 1989 4365 fuge,
2024 4312 2143 4365 qua:
2168 4297 2385 4351 habitas
2418 4298 2556 4367 apud

962 4383 1131 4438 filiam
1168 4383 1457 4455 Babylonis
1493 4385 1708 4457 (Ibid).
1745 4404 1766 4439 ι
1814 4387 2021 4453 Quibus
2054 4388 2306 4442 nimirum
2344 4388 2558 4443 Veritas

963 4472 1103 4527 dicit
1132 4487 1149 4527 :
1186 4493 1202 4524 ι
1236 4475 1347 4543 Ego
1372 4490 1466 4529 vos
1492 4475 1629 4545 elegi
1659 4477 1722 4531 de
1767 4478 1998 4543 mundo;
2029 4485 2080 4533 et
2107 4477 2233 4547 quia
2262 4479 2328 4533 de
2357 4479 2557 4533 mundo

2670 3290 2890 3344 mortali
2932 3306 3099 3346 carne
3129 3293 3491 3346 relabantur?
3519 3294 3829 3348 Clanstrum
3858 3299 4042 3365 itaque
4081 3312 4268 3355 menav

2667 3382 2814 3435 sterii
2844 3390 3022 3435 utrum
3053 3384 3416 3453 gurgustium,
3468 3385 3580 3438 sive
3610 3386 3875 3440 vivarium
3916 3389 4147 3456 piscium
4178 3403 4267 3446 so-

2666 3470 2965 3534 lummodo,
3008 3473 3149 3525 sicut
3180 3474 3382 3526 dictum
3414 3484 3536 3538 est;
3596 3490 3662 3528 an
3710 3477 3875 3530 etiam
3921 3480 4267 3546 captabulum

2665 3562 2969 3617 cmlestium
3022 3578 3277 3631 pecorum
3325 3564 3407 3616 vel
3447 3573 3595 3619 certe
3654 3567 3921 3620 aviarium
3970 3568 4257 3624 volucrum

2665 3667 2761 3721 per
2800 3654 3101 3721 spiritalem
3143 3654 3557 3725 intelligentiam
3590 3659 3790 3711 rectius
3846 3674 4135 3727 possumus
4165 3676 4267 3733 ap-

2662 3741 2910 3809 pellare?
2942 3742 3091 3796 Hanc
3122 3743 3356 3812 denique
3384 3744 3652 3813 triplicem
3678 3748 3993 3802 animalium
4025 3751 4267 3817 speciem

2663 3838 2814 3906 ponit
2837 3836 3123 3891 Psalmista
3146 3853 3270 3891 cum
3302 3838 3432 3892 dicit
3462 3856 3473 3890 ;
3508 3857 3525 3887 ι
3558 3837 3761 3893 Pccora
3786 3842 3984 3909 campi,
4016 3841 4266 3899 volucres

2662 3924 2809 3989 cceli,
2840 3934 2895 3979 et
2946 3927 3121 3995 pisces
3166 3927 3335 3979 maris
3368 3925 3542 3994 (Paul.
3580 3927 3721 3997 vm).
3763 3947 3781 3979 ι
3840 3928 3991 3983 Hanc
4038 3938 4093 3983 et
4122 3930 4265 4008 Osee

2661 4016 2924 4085 propheta
2962 4026 3358 4071 commemorat
3391 4032 3513 4071 cum
3564 4017 3678 4072 ait:
3714 4036 3733 4068 ι
3770 4018 3828 4071 In
3871 4018 4075 4073 bestias
4118 4022 4265 4091 agri,

2660 4115 2715 4161 et
2745 4106 2799 4159 in
2826 4106 3073 4161 volucres
3104 4107 3249 4170 εαξη,
3290 4108 3382 4161 sed
3428 4115 3482 4159 et
3514 4108 3566 4160 in
3615 4108 3794 4175 pisces
3836 4108 4003 4163 maris
4034 4124 4266 4181 congre-

2660 4196 2929 4265 gabuntur
2972 4195 3128 4265 (Osee
3172 4198 3270 4266 tv).
3312 4216 3331 4249 ι
3398 4196 3517 4263 Quo
3554 4199 3721 4268 igitur
3746 4199 3935 4252 horum
3967 4199 4129 4253 trium
4172 4214 4266 4255 vo-

2659 4284 2850 4338 cabulo
2879 4286 3188 4340 emnobium
3216 4286 3419 4341 rectius
3445 4289 3827 4355 exprimetur?
3850 4289 3955 4342 Sed
3974 4298 4035 4343 ut
4062 4289 4267 4357 liquido

2661 4374 2941 4439 cernitur,
2991 4377 3248 4431 universa
3283 4378 3399 4431 hac
3427 4377 3531 4429 tria
3562 4377 3824 4431 vocabula
3874 4376 4117 4432 claustro
4147 4393 4267 4432 mo-

2664 4468 2887 4520 nasterii
2924 4468 3111 4537 procul
3165 4468 3329 4523 dubio
3363 4479 3692 4540 congruunt,
3727 4470 3853 4524 dum
3896 4471 3949 4523 in
3976 4484 4040 4524 eo
4067 4470 4262 4526 unani-

963 4579 1075 4619 non
1102 4564 1263 4625 esus.
1295 4575 1582 4635 propter“
1607 4568 1723 4622 ωίι
1750 4584 1845 4622 vos
1877 4570 2108 4624 mundus
2154 4567 2336 4642 (λοαη,
2370 4570 2480 4639 ιν),
2530 4589 2547 4621 ,
2584 4550 2635 4607 D
2662 4559 2763 4614 mis
2794 4567 2847 4611 et
2873 4559 3117 4614 indivisaz
3163 4561 3453 4615 charitatis
3505 4562 3625 4629 igne
3650 4560 3885 4615 conflata
3934 4562 4263 4630 spiritalium
4336 4628 4339 4631 ν

962 4652 1103 4709 Nam
1129 4655 1277 4710 velut
1301 4656 1346 4710 si
1376 4655 1529 4711 ferox
1556 4658 1729 4713 bestia
1757 4674 1923 4727 pecus
1952 4659 2248 4714 invalidum
2280 4662 2554 4715 mordicus

964 4748 1359 4819 apprehendat,
1392 4757 1579 4819 pastor
1604 4758 1783 4804 autem
1802 4791 1820 4814 ,
1850 4749 1933 4804 vel
1964 4766 2127 4804 unum
2160 4752 2464 4805 membrum
2489 4752 2554 4806 de

959 4835 1215 4891 faucibus
1240 4837 1440 4893 furiose
1466 4824 2061 4908 deglutientis’educat;
2090 4841 2164 4893 ita
2189 4856 2285 4895 vos
2306 4840 2554 4895 Christus

960 4928 1137 4983 dcere
1162 4927 1372 4980 cruenti
1397 4927 1664 4996 praedonis
1682 4927 1845 4997 805
1869 4928 2093 4995 eripuit,
2119 4928 2265 4993 dum,
2292 4938 2553 4996 pereunte

960 5016 1198 5079 mundo,
1256 5014 1309 5068 in
1353 5015 1675 5085 obsequium
1729 5032 1823 5071 vos
1872 5018 1955 5070 sui
2008 5016 2298 5071 famulatus
2347 5017 2548 5086 allegit.

961 5106 1103 5162 Hinc
1134 5113 1220 5161 est
1251 5106 1393 5175 quod
1423 5122 1520 5175 per
1540 5108 1705 5162 Amos
1729 5110 2051 5178 prophetam
2084 5108 2283 5162 dicitur
2316 5126 2328 5161 :
2360 5128 2377 5159 ‹
2406 5109 2549 5175 Quo-

963 5194 1127 5253 modo
1152 5196 1197 5249 si
1230 5203 1384 5249 eruat
1414 5205 1599 5264 pastor
1630 5198 1696 5251 de
1735 5211 1829 5251 ore
1876 5197 2048 5251 leonis
2076 5196 2187 5250 dno
2226 5212 2416 5263 crura,
2462 5205 2555 5251 aut

963 5297 1273 5344 extremum
1302 5287 1583 5351 auricula),
1613 5289 1691 5344 sic
1718 5297 1975 5344 eruentur
2003 5289 2095 5342 lilii
2125 5289 2308 5354 Israel,
2331 5291 2420 5358 qui
2452 5290 2551 5343 ha-

964 5377 1143 5432 bitant
1171 5376 1223 5431 in
1255 5375 1499 5430 Samaria
1533 5378 1712 5444 (Amos
1771 5379 1873 5448 ιιι).
1910 5398 1928 5429 ι
1958 5378 2048 5431 Sic
2086 5378 2269 5447 itaque
2307 5393 2402 5446 per
2453 5396 2551 5432 ex-

964 5464 1331 5521 ul'erantioris
1359 5465 1547 5531 gratia!
1574 5480 1768 5520 munus
1791 5483 1894 5521 non
1925 5467 2378 5535 ambigiturvobis
2394 5470 2558 5523 fuisse

965 5554 1242 5616 collatum,
1270 5557 1410 5622 quod
1437 5571 1532 5623 per
1553 5557 1799 5610 eumdem
1822 5556 2142 5627 prophetam
2166 5557 2293 5611 alibi
2316 5559 2516 5613 dicitur
2540 5577 2553 5615 :

971 5663 992 5698 σ
1020 5644 1139 5701 Plui
1161 5658 1325 5714 super
1350 5644 1627 5701 civitatem
1666 5662 1856 5713 unam,
1888 5657 1941 5703 et
1974 5665 2138 5719 super
2171 5648 2447 5703 civitatem
2479 5649 2557 5703 al-

967 5743 1141 5791 teram
1164 5752 1271 5792 non
1298 5738 1427 5806 plui.
1456 5737 1589 5794 Pars
1612 5755 1715 5794 una
1743 5743 2011 5813 eompluta
2037 5752 2135 5811 est,
2164 5755 2218 5800 et
2244 5761 2369 5813 pars
2394 5760 2557 5818 super

2661 4652 2977 4707 animalium
3008 4653 3296 4709 diversitas
3332 4654 3660 4708 continetur.
3698 4653 3776 4708 Ibi
3816 4654 4016 4723 quippe
4045 4655 4264 4723 spirita-

2660 4744 2761 4809 les,
2801 4746 2940 4799 sicut
2972 4746 3177 4800 dictum
3205 4755 3312 4811 est,
3344 4746 3533 4800 vivunt
3572 4747 3774 4815 pisces,
3807 4762 4087 4802 sacrarum
4114 4748 4259 4805 Scri-

2661 4848 2941 4908 pturarnm
2974 4838 3193 4894 ﬂuentis
3228 4839 3431 4909 jugiter
3461 4838 3798 4894 innatantes.
3845 4839 3959 4894 Nisi
3995 4841 4140 4894 enim
4168 4855 4262 4897 es-

2661 4939 2744 4983 set
2764 4930 3007 4999 spiritale
3035 4932 3375 5002 gurgu’stium
3402 4971 3419 4997 ,
3453 4932 3544 4985 ubi
3571 4947 3677 4987 non
3712 4932 3940 4997 terreni,
3971 4932 4066 4986 sed
4091 4932 4264 5006 8m

2661 5018 2909 5076 ccelestes
2969 5022 3146 5089 pisces
3193 5022 3512 5092 spiritaliter
3563 5023 3847 5086 viverent,
3907 5038 4258 5092 nequaquam

2663 5111 2920 5164 Dominus
2944 5113 3008 5165 ad
3040 5112 3099 5164 Β.
3124 5110 3225 5166 .Iob
3263 5112 3330 5166 de
3373 5112 3548 5182 typica
3583 5112 3882 5167 Bchemoth
3912 5113 4053 5181 pelle
4091 5113 4263 5169 dixis-

2660 5208 2779 5255 set:
2817 5220 2833 5252 ι
2867 5200 3116 5270 Nunquid
3149 5202 3395 5273 itnplebis
3424 5218 3680 5271 sagenam
3711 5204 3850 5272 pelle
3874 5205 4012 5274 ejus,
4042 5213 4098 5261 et
4126 5220 4262 5275 gur-

2658 5294 2892 5362 gustium
2927 5295 3155 5362 piscium
3183 5296 3359 5363 capite
3381 5295 3561 5348 illius?
3588 5314 3607 5346 ι
3652 5294 3776 5365 (Job
3810 5296 4027 5365 XLVIII.)
4070 5294 4143 5349 Ibi
4168 5310 4263 5365 pe-

2663 5398 2791 5439 cora
2829 5384 2942 5453 agri
2973 5384 3135 5448 illius,
3174 5385 3384 5440 scilicet
3431 5384 3498 5441 de
3533 5400 3642 5454 quo
3668 5400 3765 5455 per
3789 5386 3975 5441 Jacob
4017 5386 4217 5441 dicitur
4242 5401 4265 5442 :

2670 5491 2687 5529 t
2717 5473 2853 5527 Ecce
2889 5477 3022 5529 odor
3050 5475 3141 5527 filii
3178 5475 3303 5539 mei,
3338 5474 3478 5529 sicut
3502 5476 3639 5529 odor
3664 5475 3780 5543 agri
3829 5475 3996 5544 pleni,
4037 5475 4123 5529 cui
4156 5473 4257 5529 be-

2662 5565 2865 5619 nedixit
2890 5566 3147 5619 Dominus
3171 5565 3323 5635 (Cen.
3355 5567 3544 5635 xxvii).
3586 5586 3603 5617 ι
3640 5569 3713 5619 De
3741 5567 4028 5636 pecoribus
4052 5572 4260 5629 autem,

2660 5651 2792 5722 Ipsis
2813 5655 3000 5711 electis
3028 5657 3235 5711 scilicet
3265 5658 3317 5711 in
3360 5664 3561 5712 sancta:
3585 5657 3869 5712 charitatls
3902 5656 4262 5713 unanimitate

2660 5744 2987 5812 viventibus,
3031 5745 3195 5801 Isaias
3222 5748 3295 5801 ait
3325 5765 3339 5802 τ
3376 5765 3395 5799 ι
3429 5746 3706 5803 Ilabitabit
3744 5747 3900 5819 lupus
3931 5761 4052 5803 cum
4095 5762 4261 5818 agno,
