4380 6374
331 365 438 422 769

1189 350 1434 410 OPUSC.
1476 349 1586 406 Lll.
1614 379 1682 390 -
1725 349 1813 405 DE
1856 348 2040 406 ΒΟΝο
2083 350 2426 408 RELIGIOSI
2485 354 2787 412 STATUS.

2788 28 2854 30 η-
2887 28 2904 30 -
2917 26 3028 33 H.—
3035 26 3088 34 —._-.:

3529 365 3637 423 770

331 476 580 537 educere,
610 471 818 541 magnis
859 468 1043 536 incipit
1077 465 1295 518 vocibus
1323 460 1653 517 exclamare.
1687 460 1784 513 llis
1826 474 1927 513 es-
1959 467 2005 523 Α
2034 473 2090 515 tu
2144 465 2196 516 in
2231 466 2374 518 vires
2416 473 2469 517 te
2504 467 2759 532 protinus
2797 469 2967 536 erige,
3008 482 3072 523 ac
3123 469 3316 526 deesse
3368 471 3466 528 tibi
3501 473 3630 530 luxu

332 564 530 618 citatus
562 561 886 616 clamoribus
922 565 1146 610 venator
1195 559 1471 611 accurrit,
1514 563 1751 618 eumque
1793 548 1922 601 dum

333 655 566 725 propriis
597 652 823 705 nexibus
869 656 1142 706 arctatur,
1195 643 1410 696 occidit.
1442 640 1546 701 ’l‘u,
1599 653 1755 692 serve
1809 637 1924 697 Dei,

332 749 424 816 qui
451 746 656 799 duobus
684 759 740 795 cs
769 739 1131 794 'l‘cstatnentis
1161 734 1492 791 adnmuitus,
1518 730 1672 798 quasi
1703 728 1924 781 totidem

331 836 596 893 cornibus
622 835 819 887 invicte
847 831 1098 889 munitus,
1127 826 1322 893 quibus
1362 823 1618 875 nimirum
1653 830 1704 871 ct
1731 828 1926 870 temet-

331 927 510 994 ipsum
562 921 851 975 inviolabili
914 919 1094 969 valeas
1133 914 1358 966 tuitione
1411 919 1718 979 protegere,
1751 916 1804 958 et
1831 905 1927 957 ad-

331 1024 615 1069 versantes
639 1013 860 1080 spiritus
894 1006 1265 1062 robustissime
1301 1003 1593 1063 ventilare;
1637 1008 1924 1067 postquam

331 1105 526 1165 Deum,
585 1102 785 1156 fontem
840 1100 1046 1154 scilicet
1102 1097 1303 1155 vivum,
1376 1091 1722 1143 laudabiliter
1771 1088 1926 1140 sitire

329 1195 567 1264 coepisti,
602 1205 883 1261 postquam
923 1189 1098 1256 magni
1130 1186 1439 1254 Euphratis,
1476 1184 1528 1236 id
1573 1191 1654 1234 est
1684 1180 1925 1234 tarlestis

329 1283 530 1351 eloquii
553 1282 747 1335 ﬂuenta
773 1280 976 1339 bibisti,
1007 1277 1109 1328 noli
1130 1277 1239 1344 jam
1270 1288 1556 1327 causarum
1583 1271 1926 1325 sarcularium

333 1385 529 1425 vacare
573 1370 838 1438 negotiis;
900 1366 1005 1418 noli
1062 1375 1131 1426 te,
1191 1365 1333 1415 velut
1388 1361 1658 1430 petuleum
1702 1358 1921 1420 animal,

330 1461 663 1530 voluptatum
692 1458 988 1512 carnalium
1037 1455 1248 1507 irrctire
1297 1451 1574 1516 virgultis;
1615 1467 1682 1503 ne
1712 1452 1837 1502 dum
1874 1456 1926 1501 te

335 1556 450 1601 lucc
497 1547 611 1600 suis
657 1544 888 1598 nexibus
939 1541 1180 1608 obligant
1210 1577 1223 1599 ,
1286 1543 1508 1602 repente
1558 1533 1920 1599 nequissimus

333 1637 677 1691 adversarius
727 1634 948 1702 impetat
979 1646 1040 1684 ac
1070 1627 1264 1682 lctltale
1301 1617 1491 1677 vulnus
1541 1633 1794 1687 tauquam
1823 1622 1921 1671 im-

333 1729 537 1800 probus
588 1736 814 1779 venator
883 1721 1107 1790 iuﬂigat.
1163 1717 1376 1771 Excitat
1411 1716 1556 1768 enim
1609 1724 1918 1764 venatorem

2029 555 2206 608 riandi
2241 555 2524 608 materiam
2591 567 2832 610 testones
2874 557 3121 623 ostende,
3162 559 3350 615 dicens
3380 561 3456 616 illi
3504 564 3652 620 :Cnt

2027 660 2114 696 me
2143 645 2530 712 persequeris?
2589 660 2686 699 cur
2734 661 2822 699 me
2859 655 3084 715 propter
3135 663 3252 701 rem
3302 664 3424 718 qum
3462 650 3517 706 in
3569 668 3649 705 me

2020 733 2134 802 jam
2186 750 2289 788 non
2329 744 2414 788 est
2464 735 2685 788 irretire
2735 735 2988 788 conaris?
3015 737 3091 789 En
3129 753 3229 805 ego
3269 742 3510 796 verenda
3541 757 3648 796 non

2028 825 2223 884 habeo,
2267 825 2416 886 dum,
2445 835 2726 891 amputato
2764 828 2992 878 luxuria:
3023 829 3340 895 seminario,
3374 833 3648 886 castitatis

2028 918 2365 983 propositum
2410 917 2801 970 inviolabiliter
2826 934 3001 972 servo.
3031 918 3173 973 Dicit
3211 922 3357 976 enim
3389 924 3517 979 mihi
3547 941 3645 993 per

2029 1003 2220 1056 Isaiam
2261 1003 2522 1057 Dominus
2549 1019 2701 1056 meus
2732 1023 2741 1056 :
2785 1025 2798 1054 ι
2835 1004 2948 1058 Non
2984 1007 3127 1069 dicat
3150 1010 3433 1064 eunuchus
3464 1029 3478 1066 :
3507 1013 3648 1068 Ecca

2027 1107 2127 1158 ego
2156 1094 2358 1160 lignum
2390 1093 2630 1155 aridum,
2650 1094 2905 1161 qnialuec
2928 1097 3334 1152 dicitllominus
3376 1103 3646 1155 eunuchis

2028 1182 2117 1248 qui
2148 1180 2507 1235 custodierint
2540 1181 2774 1235 Sabbata
2798 1197 2942 1247 mea,
2975 1195 3027 1236 et
3050 1187 3311 1254 elegerint
3335 1204 3456 1256 qua:
3477 1191 3618 1243 volui

2028 1281 2082 1324 et
2108 1271 2382 1324 tenuerint
2406 1271 2584 1324 fwdus
2622 1287 2833 1326 meum:
2867 1273 3006 1329 dabo
3037 1277 3115 1328 eis
3142 1277 3194 1329 in
3226 1277 3388 1332 domo
3427 1296 3566 1346 mea,
3594 1291 3643 1335 et

2030 1365 2080 1416 in
2116 1359 2288 1413 muris
2320 1360 2458 1414 meis
2484 1361 2690 1424 locum,
2736 1372 2791 1414 et
2821 1378 3018 1417 nomen
3051 1367 3242 1419 melius
3273 1383 3301 1424 a
3331 1368 3457 1422 filiis
3487 1381 3540 1423 et
3587 1374 3618 1423 fi

2031 1449 2206 1504 liabus
2235 1450 2390 1518 ([δαί.
2427 1453 2563 1518 Lvi).
2606 1471 2624 1502 ι
2665 1452 2774 1520 Ego
2805 1454 3075 1522 siquidem
3116 1472 3183 1511 ex
3236 1457 3369 1525 ipsis
3401 1476 3541 1523 sum,
3578 1461 3643 1516 de

2027 1544 2224 1610 quibus
2274 1558 2371 1611 per
2402 1543 2756 1611 semetipsum
2807 1544 2860 1596 in
2894 1544 3191 1615 Evangelia
3219 1547 3350 1601 dicit
3383 1567 3396 1601 :
3435 1568 3452 1599 ι
3499 1549 3642 1602 Sunt

2027 1633 2260 1686 eumiclii
2302 1634 2391 1701 qui
2426 1647 2484 1686 se
2537 1643 2920 1687 castraverunt
2949 1648 3175 1704 propter
3227 1654 3450 1709 regnum
3481 1640 3649 1694 (mlo-

2030 1739 2148 1776 rum
2185 1722 2402 1790 (Matth.
2438 1724 2576 1793 xix).
2619 1743 2637 1775 ›
2676 1725 2787 1778 Hoc
2821 1726 3002 1794 itaque
3062 1729 3224 1782 modo
3270 1730 3503 1785 sollicite
3557 1747 3646 1785 ca-

332 1836 434 1872 vox
489 1817 764 1879 clamoris,
827 1829 950 1868 eum
1009 1823 1058 1865 te
1087 1808 1335 1862 accendit
1388 1805 1603 1857 ﬂamma
1656 1801 1916 1855 libidinis.
1955 1810 1998 1869 Β
2032 1831 2058 1865 ν

1910 1838 1916 1850 ι
1955 1810 1998 1869 Β
2032 1816 2262 1867 vendunt
2294 1825 2393 1875 est,
2428 1829 2495 1869 ne
2525 1825 2776 1870 versutus
2804 1817 2976 1872 ltostis
3005 1804 3367 1874 tetttationum
3419 1839 3640 1876 suarum

332 1908 486 1964 Nulla
535 1907 732 1977 quippe
777 1919 880 1957 vox
929 1901 1215 1956 criminum
1271 1895 1526 1949 souorius
1570 1891 1813 1945 elevatur
1867 1889 1919 1940 in

333 2000 555 2062 coelum,
587 2000 654 2053 de
683 2012 787 2066 qua
816 1995 881 2049 ad
909 1992 1186 2048 Abraham
1235 1989 1436 2042 dicitur
1468 2001 1478 2035 :
1517 2006 1534 2037 ‹
1575 1985 1795 2038 Clamor
1827 1981 1922 2035 So-

333 2093 616 2147 domorum
660 2097 714 2142 et
761 2085 1237 2141 Gomorrbmorum
1294 2077 1681 2145 multiplicatus
1731 2084 1838 2139 est,
1868 2080 1923 2126 et

335 2189 615 2251 peccatum
643 2191 831 2230 eorum
860 2182 1209 2242 aggravatum
1247 2176 1328 2222 est
1360 2167 1553 2228 nimis;
1589 2163 1915 2218 descendam

331 2284 388 2328 et
415 2270 611 2325 videbo
641 2277 822 2321 utrum
873 2265 1190 2322 clamorem,
1237 2259 1326 2327 qui
1357 2257 1505 2311 venit
1532 2253 1598 2308 ad
1625 2268 1732 2316 me,
1759 2267 1923 2322 opere

330 2358 724 2432 compleverth
777 2353 932 2425 (Gen.
984 2353 1164 2420 xvtn).
1199 2370 1217 2402 ι
1257 2348 1363 2403 Sed
1409 2355 1468 2399 ut
1491 2346 1632 2398 vires
1671 2349 1924 2397 amittant

333 2452 607 2510 incentiva
664 2448 968 2513 libidinum,
1016 2443 1337 2500 declinanda
1387 2447 1472 2494 est
1520 2435 1710 2508 procul
1759 2433 1923 2488 dubio

332 2542 572 2599 societas
595 2539 943 2595 feminarum.

955 2621 1182 2678 CAPUT
1234 2618 1299 2672 V.

518 2719 672 2786 Quod
717 2717 1033 2786 feminarum
1063 2721 1302 2780 aspectus
1333 2719 1408 2764 est
1446 2709 1746 2778 fugiendus.

405 2811 464 2867 In
513 2809 749 2880 quodam
803 2819 1001 2875 nempe
1047 2811 1233 2857 monte
1259 2800 1516 2861 Orientis,
1565 2797 1772 2868 lapides
1799 2802 1926 2851 sunt

336 2902 580 2976 igniferi,
623 2900 716 2968 qui
772 2895 1044 2952 masculus
1095 2901 1150 2946 et
1181 2890 1379 2945 femina
1408 2896 1812 2956 nuncupantur,
1869 2892 1926 2937 et

337 2975 599 3050 dicuntur
651 2985 922 3058 Pyroboli.
974 2982 1076 3050 Qui
1107 2981 1359 3035 nimirum
1386 2993 1508 3033 cum
1543 2994 1570 3029 a
1595 2990 1656 3029 se
1695 2975 1926 3028 invicem

336 3081 528 3156 procul
555 3089 700 3144 sunt,
725 3093 832 3132 non
861 3074 1230 3129 accenduntur
1254 3087 1268 3136 ;
1296 3070 1341 3124 si
1368 3083 1496 3122 vero
1520 3067 1928 3134 fcmina‘appro-

2031 1903 2234 1957 aculeis
2286 1906 2453 1959 corda
2499 1915 2685 1958 nostra
2729 1906 3042 1976 transfigat,
3075 1916 3132 1962 et
3191 1911 3484 1974 castitatis,
3527 1913 3642 1966 sive

2030 1995 2316 2064 eujuslibet
2363 1995 2492 2080 boni
2544 1996 2728 2065 operis
2764 1996 3020 2062 fructum,
3057 2007 3254 2054 astuta:
3285 1999 3494 2057 fraudis
3523 2016 3644 2058 arte

2031 2085 2310 2154 decerpat.

2645 2174 2876 2230 CAPET
2903 2178 2988 2232 Ἣ.

2608 2268 2683 2319 De
2728 2268 3032 2321 Iterinaceo.

2105 2355 2274 2422 llujus
2299 2366 2483 2410 autem
2519 2355 2747 2427 figuram
2780 2358 2947 2412 etiam
2978 2359 3308 2419 berlnaceus
3341 2380 3644 2436 repraesen-

2036 2456 2144 2512 tat,
2178 2447 2269 2515 qui
2303 2448 2562 2500 nimirum
2607 2448 2734 2502 dum
2768 2457 2882 2501 toto
2917 2465 3148 2519 corpore
3190 2455 3364 2523 spinis
3389 2457 3455 2508 sit
3497 2458 3643 2511 obsi-

2035 2543 2143 2599 tus,
2181 2536 2580 2589 vindemiarnm
2633 2545 2877 2606 tempore
2931 2538 3245 2606 ingreditur
3297 2543 3536 2608 vineam,
3589 2557 3643 2599 et

2034 2639 2197 2692 quam
2231 2623 2512 2678 meliorem
2541 2624 2741 2678 viderit
2777 2636 3013 2694 occupat
3054 2643 3234 2683 uvam.
3289 2630 3463 2697 Quam
3514 2648 3642 2686 mox

2037 2722 2148 2765 tam
2180 2711 2450 2766 violenter
2478 2714 2742 2783 exagitat,
2779 2721 2840 2766 ut
2887 2715 3070 2768 omnia
3131 2716 3249 2783 ejus
3303 2720 3355 2771 in
3412 2722 3660 2776 humour

2037 2819 2204 2872 grana
2234 2812 2579 2872 prosternat;
2613 2804 2844 2873 indeque
2867 2805 3226 2874 descendens,
3255 2811 3441 2864 tandiu
3476 2827 3642 2880 super

2036 2894 2224 2946 eadem
2288 2909 2458 2962 grana
2519 2894 2899 2961 provolvitur,
2948 2895 3122 2950 donec
3182 2900 3462 2968 spinarum
3518 2901 3638 2969 ejus

2038 2983 2239 3036 aculeis
2267 2983 2451 3036 omnia
2511 2985 2926 3051 transtigantur.
2981 2985 3072 3041 Sic
3120 2991 3360 3060 undique
3412 3001 3639 3046 onustus

2039 3081 2270 3134 remeat,
2299 3081 2461 3139 atque
2512 3071 2627 3126 inec
2674 3073 2802 3126 filiis
2847 3074 2960 3128 suis
3002 3075 3262 3132 alimenta
3310 3091 3637 3148 comportat.

336 3173 683 3246 piuquaverit
708 3168 967 3231 masculo,
998 3165 1246 3235 protinus
1268 3176 1333 3217 ex
1361 3163 1439 3217 eis
1463 3162 1602 3232 ignis
1625 3161 1920 3230 egreditur;
1963 3163 2009 3224 C
2040 3162 2406 3216 Custodienda
2450 3171 2532 3215 est
2559 3179 2691 3233 ergo
2724 3164 2849 3218 boni
2895 3167 3080 3234 operis
3126 3169 3307 3233 vinea,
3360 3187 3427 3226 ne
3476 3187 3641 3242 super

336 3265 412 3319 ita
446 3271 503 3316 ut
558 3261 741 3316 omnia
793 3272 915 3328 qute
960 3256 1103 3311 circa
1148 3262 1383 3307 montem
1415 3262 1542 3306 sunt
1571 3250 1804 3304 ﬂammis
1833 3264 1929 3301 va-

338 3350 664 3423 porantibus
716 3355 1036 3401 cxurautur.
1067 3344 1148 3398 Ab
1177 3342 1308 3411 ipsis
1335 3332 1464 3410 ergo
1493 3340 1761 3408 lapidibus
1803 3338 1931 3392 edo-

338 3457 548 3506 cemur,
606 3438 735 3493 utsi
781 3434 1027 3491 consumi
1079 3432 1324 3487 libidinis
1355 3429 1610 3485 incendio
1659 3428 1926 3488 nolumus.

339 3531 625 3588 muliebris
677 3536 930 3598 aspectus
963 3527 1199 3596 speciem
1226 3522 1575 3583 declinemus,
1607 3536 1677 3575 ne
1707 3521 1772 3574 de
1799 3535 1929 3574 cou—

339 3631 527 3694 specta
572 3621 746 3673 forma
800 3617 1017 3671 ﬂamma
1041 3614 1311 3685 prosiliat,
1348 3628 1470 3682 qum
1518 3613 1571 3665 in
1622 3610 1776 3665 nobis
1823 3622 1932 3663 non

340 3714 568 3776 montis,
604 3711 699 3766 sed
728 3708 926 3764 mentis
956 3705 1159 3761 fruteta
1197 3704 1474 3774 pervadat.
1805 3716 1807 3718 ·
1887 3763 1898 3774 ι

411 3803 493 3857 Ad
538 3800 992 3868 exstinguendum
1057 3797 1236 3864 itaque
1299 3792 1541 3846 libidinis
1599 3789 1932 3852 incentivum

339 3905 521 3964 opera:
547 3889 777 3958 pretium
804 3896 888 3941 est
912 3892 971 3938 ut
992 3884 1157 3938 etiam
1182 3882 1414 3937 castoris
1447 3881 1722 3934 imitemur
1750 3894 1933 3933 exem-

342 3985 513 4053 plum.
574 3981 739 4051 Cujus
794 3978 1003 4033 scilicet
1055 3975 1296 4031 testiculi
1347 3973 1761 4029 medicinalibus
1787 3972 1933 4026 curis

341 4086 468 4131 sunt
513 4072 849 4144 permaxime
897 4068 1208 4124 necessarii.
1263 4067 1458 4122 Castor
1489 4068 1671 4135 itaque
1717 4080 1840 4120 cum
1871 4079 1930 4120 se

340 4166 487 4219 vidct
542 4179 573 4217 a
603 4170 860 4217 venatore
906 4169 1124 4230 propter
1169 4158 1422 4230 genitalia
1484 4158 1757 4228 persequi,
1813 4157 1929 4212 lucc

341 4253 620 4309 mordicus
649 4251 942 4311 abscindit,
973 4259 1028 4304 et
1053 4259 1182 4304 ante
1210 4248 1486 4304 venatoris
1516 4246 1707 4302 faciem
1767 4246 1933 4317 proji-

343 4345 435 4401 cit.
468 4344 558 4399 Sic
588 4341 734 4395 illico
757 4349 984 4394 venator
1012 4339 1274 4404 abscedit,
1303 4339 1430 4393 dum
1463 4339 1513 4393 id
1541 4346 1766 4408 propter
1786 4338 1930 4408 quod

341 4450 467 4492 eum
509 4434 947 4504 persequebatur
974 4430 1226 4486 extorsit.
1279 4428 1336 4484 Si
1391 4444 1523 4483 vero
1553 4429 1846 4499 contigerit
1869 4437 1929 4482 ut

345 4526 484 4581 alter
504 4540 626 4580 eum
657 4539 843 4578 rursus
870 4532 1097 4578 venator
1126 4521 1390 4587 inveniat,
1417 4536 1652 4591 eumque
1674 4521 1853 4576 acrius
1879 4530 1936 4576 et

341 4617 633 4672 instantius
681 4629 1050 4685 persequens,
1113 4613 1379 4670 evadendi
1455 4616 1664 4668 aditum
1707 4612 1932 4682 jamjam

341 4711 560 4780 penitus
630 4708 921 4776 desperare
972 4705 1310 4778 compellat,
1362 4706 1414 4760 in
1446 4715 1598 4761 arcto
1650 4706 1822 4771 situs,
1878 4704 1934 4760 in

339 4818 402 4858 os
455 4817 514 4856 se
562 4799 838 4854 venatoris
883 4799 1064 4870 erigit,
1131 4798 1232 4853 sibi
1294 4799 1484 4853 deesse
1539 4797 1753 4864 virilia,
1809 4813 1936 4868 pro-

339 4905 461 4966 pter
515 4908 635 4963 qua:
685 4900 1054 4963 perurgetur,
1108 4889 1367 4946 ostendit.
1421 4889 1514 4946 Sic
1586 4892 1667 4946 sic
1720 4891 1788 4946 ab
1853 4892 1937 4945 in-

340 4987 606 5044 sectantis
660 4985 926 5040 venabulo
983 4983 1278 5048 liberatur,
1349 4983 1478 5038 dum
1543 4983 1783 5039 ostendit
1832 4983 1934 5038 sibi

338 5079 530 5135 deesse
583 5075 726 5146 quod
775 5075 1060 5145 quaeritur.
1113 5073 1194 5129 Tu
1238 5087 1454 5144 quoque
1501 5074 1547 5128 si
1606 5074 1689 5128 vis
1751 5087 1935 5129 casses

339 5172 518 5227 intimi
574 5169 848 5223 venatoris
896 5166 1158 5232 eludere,
1200 5165 1432 5222 solerter
1480 5179 1510 5218 a
1539 5172 1592 5219 te
1654 5165 1810 5220 stude
1868 5163 1936 5217 ti-

340 5265 578 5321 tillantes
648 5261 980 5317 illecebrosas
1045 5259 1287 5316 libidinis
1360 5257 1578 5313 fomites
1628 5264 1934 5328 amputare.

338 5356 506 5429 809
531 5346 774 5410 Praecide
803 5368 832 5407 a
869 5361 1091 5423 pectore
1147 5358 1238 5406 tuo
1266 5365 1432 5406 omne
1467 5347 1775 5403 luxuriandi
1806 5361 1934 5418 pro-

340 5449 600 5519 positum,
636 5454 690 5502 et
719 5446 798 5502 sic
844 5444 1000 5516 quasi
1047 5443 1284 5500 radicem
1307 5441 1539 5496 luxuriae
1585 5439 1818 5495 verenda
1849 5453 1934 5492 re-

341 5541 516 5612 pellis,
549 5542 677 5594 dum
717 5538 968 5593 libidinis
998 5544 1178 5592 actum
1203 5550 1326 5591 cum
1359 5533 1473 5604 ipsa
1505 5533 1720 5604 penitus
1745 5530 1935 5584 volun-

346 5637 456 5686 tate
476 5627 722 5699 disponis.
747 5627 813 5681 Et
840 5627 967 5681 dum
995 5625 1264 5697 malignus
1295 5622 1517 5692 spiritus
1548 5631 1804 5691 tanquam
1829 5619 1932 5672 im-

345 5723 546 5794 probus
592 5726 820 5777 venator
850 5718 971 5778 telis
1011 5720 1302 5778 adversum
1339 5725 1388 5775 te
1431 5716 1660 5774 luxuria:
1693 5713 1938 5772 dimicat:

2041 3268 2159 3306 eam
2191 3253 2446 3321 antiquus
2475 3253 2650 3308 hostis
2676 3256 2968 3320 ascendat,
3021 3266 3075 3310 et
3113 3260 3478 3326 spiritualium
3532 3264 3641 3318 vir-

2037 3349 2209 3394 tutum
2252 3342 2522 3410 turgentia
2548 3356 2614 3396 ac
2660 3358 2757 3412 per
2788 3344 2891 3398 lioc
2921 3354 3132 3399 matura
3170 3364 3339 3418 grana
3387 3352 3636 3421 dejitiat;

2035 3433 2230 3486 deinde
2269 3435 2632 3490 tentatiouum
2681 3451 2902 3490 suarum
2955 3437 3160 3492 aculeis
3207 3441 3423 3508 iusuat,
3465 3461 3641 3513 eaque

2034 3524 2224 3579 bestiis
2270 3534 2448 3590 terrze,
2492 3526 2594 3580 hoc
2624 3536 2728 3590 est,
2773 3530 3110 3583 adversariis
3141 3536 3505 3599 potestatibus
3560 3537 3639 3592 ci-

2034 3613 2162 3667 bum
2195 3615 2396 3669 tendat.
2477 3615 2678 3685 Sicque
2721 3618 3083 3676 labcfactatus
3128 3637 3289 3694 atque
3343 3627 3640 3684 frustratus

2036 3719 2067 3758 a
2097 3705 2374 3760 laboribus
2406 3707 2520 3761 suis
2558 3708 2752 3774 homo,
2788 3711 2840 3765 id
2888 3718 3032 3780 quod
3065 3717 3116 3770 iu
3150 3717 3391 3773 Canticis
3440 3721 3642 3791 legitur

2037 3796 2410 3864 gemebundus
2453 3797 2723 3854 exclamet
2757 3819 2768 3854 :
2807 3819 2825 3851 ι
2877 3802 3186 3861 Posueruut
3224 3823 3310 3862 me
3356 3814 3635 3865 custodem

2037 3885 2092 3938 in
2119 3884 2312 3946 vincis,
2346 3886 2565 3940 vineam
2606 3901 2784 3942 meam
2811 3906 2917 3943 non
2957 3897 3224 3950 custodivi
3266 3897 3441 3962 (Cant.
3483 3901 3568 3968 tt).
3614 3918 3633 3949 ι

2039 3974 2193 4030 Sicut
2223 3974 2371 4028 enim
2403 3975 2472 4028 ab
2502 3977 2708 4032 ltericio
2749 3979 2939 4036 botrus
2968 3987 3190 4040 exuitur
3235 3987 3438 4052 acinis;
3486 3990 3573 4044 sic
3604 4006 3636 4044 a

2039 4066 2256 4121 diabolo
2295 4067 2548 4122 incautus
2596 4069 2824 4138 quilibet
2875 4073 3042 4130 homo
3093 4078 3334 4133 nudatur
3382 4080 3639 4148 Operibus

2036 4158 2216 4212 bonis.
2288 4157 2432 4213 Mille
2499 4159 2695 4216 formis
2762 4164 2906 4218 enim
2970 4177 3026 4221 et
3084 4169 3315 4225 callidus
3380 4171 3638 4241 nequitia:

2040 4248 2267 4315 spiritus
2338 4262 2492 4303 nova:
2542 4264 2758 4318 semper
2796 4255 2930 4309 artis
2965 4258 3277 4328 praestigias
3327 4261 3528 4323 struit,
3577 4269 3638 4314 ut

2040 4337 2211 4406 possit
2252 4351 2359 4391 non
2388 4338 2550 4394 modo
2590 4341 2796 4396 nudare
2817 4382 2831 4408 ,
2863 4343 2958 4398 sed
2985 4355 3040 4400 et
3070 4344 3317 4404 funditus
3369 4349 3636 4404 devorare

1997 4437 1999 4441 ‘
2041 4443 2178 4496 quos
2217 4428 2434 4497 decipit.

1959 4496 2007 4558 ο

2649 4524 2876 4581 CAPUT
2905 4527 3019 4582 V'Il.

2605 4613 2683 4668 De
2741 4615 3037 4684 vulpecula.

2105 4698 2268 4770 Cujus
2291 4702 2478 4772 utique
2507 4705 2788 4777 vulpecula
2833 4723 3052 4780 quoque
3085 4713 3293 4779 prtebet
3320 4713 3635 4782 imaginem,

2041 4801 2158 4857 qua:
2197 4789 2324 4844 dum
2385 4807 2443 4846 se
2481 4806 2750 4849 mortuam
2808 4797 2980 4868 tingit,
3035 4810 3272 4856 mortem
3323 4803 3635 4860 volucribus

2037 4880 2310 4934 veraciter
2338 4883 2552 4953 ingerit.
2591 4885 2725 4940 Nam
2762 4890 2888 4942 dum
2929 4891 3139 4955 esurit,
3169 4901 3223 4946 et
3248 4893 3407 4948 anxie
3459 4900 3636 4965 requi-

2038 4970 2179 5024 renti
2239 4975 2380 5040 quod
2436 4979 2690 5032 comedat
2739 4993 2845 5032 non
2885 4983 3156 5046 occurrit,
3186 4985 3381 5052 qua-rit
3426 4988 3516 5042 ubi
3566 4991 3637 5042 sit

2039 5061 2199 5116 rubra
2248 5072 2424 5131 terra;
2474 5078 2531 5122 et
2575 5069 2702 5123 dum
2748 5073 2969 5140 reperit,
3028 5083 3143 5130 toto
3185 5091 3416 5146 corpore
3458 5079 3513 5132 in
3565 5096 3631 5133 ea

2038 5154 2391 5222 provolvitur,
2458 5169 2515 5213 ut
2551 5160 2719 5232 810
2765 5165 2916 5232 quasi
2969 5180 3102 5220 caro
3138 5167 3276 5221 nuda
3319 5179 3372 5222 et
3408 5181 3634 5225 cruenta

2039 5245 2288 5299 videatur
2343 5265 2354 5300 :
2401 5265 2525 5305 mox
2589 5268 2708 5307 sese
2766 5255 2818 5308 in
2884 5266 3085 5311 terram
3150 5260 3307 5328 quasi
3363 5269 3632 5317 mortuam

2041 5335 2274 5402 projicit,
2319 5337 2508 5396 ﬂatum
2547 5342 2692 5397 intra
2733 5360 2792 5398 se
2823 5348 3094 5417 reprimit,
3129 5360 3188 5404 ut
3228 5367 3334 5405 non
3381 5354 3630 5422 respiret.

2039 5427 2284 5499 Dumque
2315 5432 2419 5490 boc
2449 5436 2611 5490 modo
2650 5449 2874 5495 cruenta
2909 5443 3158 5498 videatur
3209 5453 3260 5500 et
3296 5448 3528 5517 turgida,
3563 5449 3632 5503 ab

2038 5520 2268 5577 incautis
2316 5526 2628 5583 volucribus
2665 5547 2772 5584 non
2806 5532 3144 5588 indubitatur
3184 5537 3478 5593 exstincta.
3528 5538 3632 5592 De-

2039 5613 2304 5667 scendunt
2343 5615 2527 5687 itaque
2559 5629 2618 5673 ut
2655 5635 2774 5674 eam
2809 5623 3130 5690 comedunt;
3161 5627 3257 5681 scd
3286 5626 3374 5681 illa
3413 5639 3632 5697 repente

2041 5705 2328 5775 prosiliens
2372 5712 2588 5785 arripit,
2635 5727 2838 5783 easque
2884 5718 3156 5772 veraciter
3191 5718 3449 5784 devorat,
3495 5735 3629 5793 quas
