5882 6660
7 6344 1211 6660 =-

104 0 2635 203 rw

2467 329 2561 388 77!

2897 328 2957 387 S.
2996 327 3202 385 PETRI
3241 327 3524 384 DAMIAM
3558 326 3706 384 OPP.
3751 326 3988 384 TOMCS
4018 325 4149 385 SEU
4186 327 4367 383 PARS
4406 326 4490 382 Ili.
4530 322 4984 383 -—OPUSCULA
5022 322 5251 380 VARIA.

5581 320 5691 376 772

2454 450 2521 503 ad
2541 460 2601 503 se
2630 444 2988 509 devorandum
3022 443 3285 497 fallaciter
3323 442 3601 495 invitabat.-
3643 439 3813 507 Hnjus
3848 441 4027 507 itaque
4056 448 4100 501 Α
4131 455 4236 507 que
4271 454 4393 494 cum
4415 440 4611 495 viderit
4638 437 4965 494 crocodilum
4997 442 5181 505 aperto
5202 445 5297 489 ore
5332 431 5383 487 in
5420 431 5697 502 crepidine

2453 538 2708 607 deceptor
2740 537 2988 604 antiquus
3018 536 3289 601 specimen
3335 534 3588 603 exprimit
3614 574 3626 597 ,
3656 534 3746 599 qui
3789 530 4029 586 carnalia

2453 626 2603 680 lucra
2643 625 3007 693 qumrentibus
3036 634 3093 673 se
3131 626 3285 687 quasi
3318 630 3589 677 mortuum
3616 621 3787 690 fingit,
3820 620 4029 687 illisque

2451 728 2615 783 opera
2645 728 2761 774 sua,
2797 712 3318 777 tanquammcmbra
3348 726 3441 765 sua
3475 711 3668 779 quibus
3722 718 4027 773 vescantur,

2450 788 2706 874 exponit:
2743 820 2762 853 ι
2797 801 3077 855 Manifesta
3118 802 3261 854 enim
3295 811 3421 854 sunt
3464 816 3627 870 opera
3664 802 3864 863 carnis,
3907 815 4029 866 quin

2452 902 2607 957 sunt,
2638 892 2779 947 sicut
2806 891 2935 945 dicit
2971 891 3279 958 Apostolus,
3312 890 3597 944 fornicatio
3618 931 3631 951 ,
3664 889 4027 954 immunditia,

2450 980 2685 1047 luxuria,
2720 981 2967 1044 avaritia,
3000 981 3265 1035 idolorum
3314 982 3566 1040 servitus,
3606 979 3886 1043 veneficia,
3926 978 4031 1032 ini-

2451 1072 2691 1134 micitias,
2721 1070 3119 1132 contentiones,
3149 1069 3538 1129 aemulationes,
3582 1069 3693 1129 ira}.
3729 1068 3879 1129 rixae,
3919 1066 4032 1120 dis-

2450 1162 2761 1223 sensiones,
2806 1168 2995 1219 sectae,
3052 1160 3296 1221 invidiae,
3348 1158 3660 1221 homicidia,
3714 1156 4028 1221 ebrietates,

2449 1253 2873 1307 comessationes
2913 1249 3054 1320 (Gal.
3098 1252 3173 1318 v).
3222 1270 3238 1301 ι
3312 1250 3435 1304 llmc
3502 1254 3659 1321 plane
3702 1258 3827 1302 sunt
3861 1248 4028 1315 iniqui

2450 1340 2669 1409 spiritus
2701 1340 2925 1399 viscera,
2972 1340 3086 1392 haec
3116 1338 3463 1405 reprobornm
3518 1347 3573 1392 et
3619 1337 3908 1390 carnaliter
3944 1337 4022 1387 vi-

2449 1430 2687 1484 ventium
2715 1429 3026 1497 quotidiana
3054 1436 3178 1480 sunt
3208 1427 3486 1481 alimenta.
3508 1427 3589 1481 Ad
3618 1428 3733 1481 base
3756 1427 3881 1479 dum
3906 1440 4026 1494 per-

2450 1522 2546 1577 diti
2578 1522 2776 1590 quique
2825 1520 2966 1575 velut
3016 1520 3317 1573 esurientes
3360 1521 3607 1583 inhiant,
3644 1533 3736 1574 eos
3764 1517 4029 1585 malignus

2448 1610 2674 1678 spiritus
2721 1619 2975 1676 tanquam
3024 1608 3275 1662 volucres
3322 1608 3494 1677 vulpis
3547 1608 3729 1662 dolosa
3781 1607 4026 1675 deglutit,

2447 1714 2651 1767 eosque
2699 1699 2749 1751 in
2796 1698 2877 1751 sui
2917 1698 3163 1767 corporis
3210 1700 3417 1751 viscera
3457 1698 3676 1767 trajicit.
3733 1696 3807 1749 De
3836 1696 4030 1762 quibus

4130 529 4369 585 fluminis
4398 530 4782 594 dormientem,
4824 525 5156 597 provolvitur
5186 525 5239 579 in
5282 525 5411 579 limo
5463 524 5585 589 luti,
5638 533 5701 577 ut

4130 618 4382 672 faucibus
4411 619 4556 674 illius
4580 619 4788 673 lubrico
4818 630 5044 685 corpore
5076 615 5286 670 facilius
5314 614 5479 683 possit
5526 612 5694 665 illabi.

4130 709 4279 762 Tunc
4326 710 4379 762 in
4409 724 4471 763 os
4511 709 4763 765 crocodili
4810 709 5126 765 dormientis
5175 704 5463 777 perniciter
5509 702 5695 763 insilit.

4130 814 4287 866 quem
4318 799 4405 853 ille
4435 800 4768 854 desubitatus
4791 808 5011 867 repente
5036 798 5277 868 deglutit.
5310 792 5519 865 Hydrus
5560 806 5694 845 vero

4131 887 4336 942 viscera
4362 887 4479 956 ejus
4509 898 4705 943 cuncta
4736 888 4979 952 dilaniat,
5024 889 5215 949 donec,
5245 900 5309 939 eo
5342 883 5451 953 jam
5478 894 5700 950 prorsus

4129 980 4424 1044 exstincto,
4456 981 4521 1036 de
4550 983 4813 1035 cadavere
4861 979 4999 1034 illius
5042 978 5198 1032 vivus
5245 984 5300 1029 et
5327 974 5495 1027 victor
5524 984 5701 1025 erum-

4130 1080 4241 1141 pat.
4276 1072 4414 1137 Quid
4446 1072 4531 1124 hic
4560 1069 4887 1135 crocodilus,
4921 1069 5024 1123 nisi
5059 1067 5282 1138 figuram
5315 1070 5459 1116 tenet
5511 1057 5702 1113 mortis

4130 1174 4184 1217 et
4213 1160 4441 1214 tartari?
4467 1161 4593 1228 quid
4616 1160 4840 1230 hydrus,
4872 1159 4971 1213 nisi
5005 1156 5278 1210 victoriam
5312 1152 5483 1207 innuit
5509 1147 5699 1202 Salva-

4133 1252 4303 1307 toris?
4336 1251 4487 1303 Limo
4530 1250 4688 1317 igitur
4718 1250 4921 1318 hydrus
4961 1246 5282 1306 obvolvitur,
5309 1241 5431 1296 dum
5468 1238 5696 1291 Redi-m-

4132 1352 4255 1411 ptor
4283 1348 4465 1394 noster
4505 1338 4753 1392 humanae
4782 1337 4964 1390 carnis
4988 1334 5098 1387 luto
5138 1331 5380 1387 vcstitur.
5434 1326 5531 1380 Hic
5568 1337 5698 1377 ven-

4133 1443 4267 1487 trem
4316 1430 4612 1500 ingreditur
4655 1427 4943 1487 crocodili,
4993 1426 5116 1493 quia
5162 1422 5418 1477 Dominus
5465 1418 5697 1472 claustra

4131 1521 4440 1593 penetravit
4472 1519 4689 1573 inferni.
4722 1516 4818 1571 Hic
4844 1514 5128 1570 demolitur
5168 1512 5357 1566 intima
5400 1508 5694 1566 viscerum;

4131 1623 4187 1667 et
4217 1614 4478 1667 Dominus
4514 1610 4706 1664 mortis
4748 1608 4937 1663 evertit
4987 1604 5292 1674 imperium.
5344 1600 5435 1655 ille
5480 1609 5698 1653 corroso

4134 1719 4197 1757 ac
4222 1711 4503 1771 penetrato
4558 1702 4819 1754 cadavere
4866 1707 4987 1767 post
5039 1696 5314 1750 victoriam
5364 1690 5518 1751 redit,
5572 1688 5697 1754 quia

2449 1790 2703 1842 nimirum
2758 1804 2855 1857 per
2910 1788 3230 1857 Prophetam
3276 1788 3514 1842 dicitur:
3572 1807 3589 1839 ι
3634 1788 3936 1840 lntroibuut
3975 1788 4027 1837 in
4064 1771 4103 1828 Β
4135 1796 4389 1849 Salvator
4435 1800 4620 1845 noster
4647 1799 4772 1859 post.

3371 1789 3473 1842 ίιυΐ
3503 1806 3514 1838 τ
3572 1807 3589 1839 ι
3634 1788 3936 1840 Ιηιτοέὺυιιῑ
3975 1788 4027 1837 ill
4064 1771 4103 1828 Β
4135 1796 4389 1849 Salvator
4435 1800 4620 1845 noster
4647 1799 4930 1859 postquam
4964 1786 5231 1840 infernum
5271 1779 5546 1836 moriendo
5576 1790 5694 1830 mo-

2450 1879 2706 1933 iuferiora
2748 1888 2926 1941 terrae,
2968 1880 3248 1932 tradentur
3296 1880 3348 1930 in
3386 1893 3576 1931 manus
3608 1876 3807 1943 gladii,
3848 1885 4027 1944 partes

2446 1968 2684 2039 vulpium
2713 1977 2871 2021 erunt
2898 1967 3069 2037 (Psal.
3102 1969 3255 2036 LXII).
3292 1986 3307 2017 )
3351 1966 3517 2036 Hujus
3547 1967 3723 2035 vulpis
3760 1982 3883 2034 pars
3913 1972 4029 2017 erat

2452 2058 2717 2123 Herodes,
2757 2059 2845 2126 qui
2897 2059 3090 2127 capitis
3137 2059 3217 2112 sui
3268 2060 3485 2112 nomine
3514 2061 3856 2117 censebatur,
3908 2072 4026 2109 cum

2451 2148 2706 2200 Dominus
2743 2148 2955 2199 aiebat:
2992 2165 3008 2197 ι
3056 2148 3151 2212 Ite,
3177 2148 3341 2201 dicite
3368 2149 3508 2217 vulpi
3539 2150 3611 2201 illi
3640 2148 3787 2217 (Luc.
3825 2150 3967 2213 xm).
4004 2164 4021 2195 ι

2456 2235 2579 2292 Haec
2604 2237 2774 2305 νιιιρίε
2808 2238 2859 2290 in
2888 2237 3078 2290 Scriba
3111 2238 3225 2301 illo,
3252 2238 3395 2291 velut
3422 2239 3471 2290 in
3500 2238 3705 2291 scrobis
3736 2240 4023 2289 suat'l'ovea

2462 2327 2730 2389 latitabat,
2778 2330 2869 2396 qui
2916 2343 2981 2380 ex
3012 2343 3105 2382 ore
3160 2328 3416 2381 Veritatis
3447 2328 3737 2381 audiebat:
3777 2346 3792 2375 ι
3834 2326 4029 2393 Vulpes

2448 2419 2635 2474 foveas
2657 2420 2855 2473 habent
2884 2419 3101 2489 (Matth.
3132 2435 3266 2484 vnt;
3301 2419 3427 2471 Luc.
3459 2421 3552 2488 is).
3605 2439 3621 2469 ι
3664 2418 3829 2485 Hujus
3860 2417 4030 2485 vulpis

2453 2506 2594 2561 fetus
2650 2517 2704 2561 et
2744 2507 2817 2559 illi
2857 2517 3012 2571 sunt,
3061 2507 3267 2561 scilicet
3313 2509 3575 2569 lizeretici,
3621 2509 3685 2560 dc
3736 2507 3929 2576 quibus
3979 2508 4029 2557 in

2453 2595 2694 2651 Canticis
2736 2597 2931 2649 dicitur
2979 2614 2991 2648 :
3040 2615 3057 2647 ι
3103 2597 3290 2665 Capite
3323 2597 3479 2649 nobis
3518 2598 3704 2665 vulpes
3755 2595 4027 2665 parvulas,

2452 2702 2574 2754 qua
2611 2688 2973 2744 dcmoliuntur
3004 2690 3185 2741 vineas
3218 2688 3392 2755 ((Ῐίιιιι.
3427 2689 3509 2759 ιι).
3531 2708 3563 2739 ν»

3045 2774 3273 2829 CAPUT
3318 2774 3445 2828 Vill.

3068 2856 3151 2916 De
3189 2863 3397 2932 polypo.

2520 2958 2591 3014 Et
2625 2957 2755 3027 quid
2778 2956 2973 3011 mirum
2996 2956 3040 3008 si
3068 2970 3228 3023 regna
3260 2954 3455 3008 diaboli
3486 2955 3539 3007 in
3590 2954 3772 3008 dolosa
3813 2954 4031 3009 videan-

2450 3058 2543 3105 tur
2573 3048 2766 3103 callere
2815 3044 3116 3113 vulpecula,
3165 3060 3286 3098 cmn
3325 3058 3378 3097 et
3416 3044 3466 3097 in
3517 3044 3755 3113 piscibus
3791 3060 3894 3097 non
3952 3045 4033 3097 in-

4134 1884 4352 1945 tnot'dil,
4400 1896 4519 1935 cum
4556 1878 4862 1947 triumphali
4902 1878 4968 1930 de
5015 1874 5257 1944 sepulcro
5307 1870 5470 1940 gloria
5526 1880 5701 1921 resur-

4135 1976 4291 2025 rexit.
4337 1971 4489 2025 Unde
4520 1970 4679 2022 morti
4722 1982 4813 2034 per
4856 1966 5169 2034 prophetam
5219 1957 5573 2033 [Apostolum]
5623 1957 5702 2009 vi-

4132 2074 4249 2117 ctor
4294 2062 4556 2114 insultat:
4603 2078 4620 2109 ι
4669 2057 4766 2113 Ubi
4800 2067 4904 2121 est,
4961 2055 5159 2122 inquit,
5211 2069 5243 2107 o
5282 2064 5447 2113 mors,
5476 2047 5696 2102 victoria

4134 2150 4257 2203 tua?
4308 2150 4397 2201 ubi
4455 2158 4538 2201 est
4570 2146 4817 2201 stimulus
4853 2145 5005 2197 tuus?
5045 2168 5061 2195 ι
5101 2142 5169 2211 (1
5212 2142 5329 2193 Cor.
5367 2138 5478 2208 xv.)
5507 2138 5574 2191 Et
5600 2136 5696 2191 ite-

4133 2256 4250 2293 rum
4286 2255 4299 2292 :
4347 2259 4363 2288 ι
4403 2238 4445 2293 Ο
4477 2254 4654 2301 mors,
4690 2253 4783 2291 cru
4819 2250 4966 2290 mors
5013 2246 5134 2300 tua;
5171 2246 5381 2287 morsus
5432 2241 5553 2285 tuus
5583 2240 5695 2293 ero,

4133 2332 4342 2386 inferne
4369 2329 4523 2399 (Osce
4550 2328 4693 2398 sui).
4740 2346 4758 2379 ι

4753 2419 4980 2475 CAPUT
5019 2418 5084 2473 X.

4715 2511 4792 2565 De
4826 2512 4919 2565 clm
4928 2512 5021 2564 rad
5028 2513 5123 2565 rio.

4208 2599 4565 2655 Charadrium
4626 2613 4839 2669 quoque
4894 2599 5117 2666 ﬁguram
5176 2598 5345 2652 nostri
5404 2594 5697 2651 Salvatoris

4136 2692 4443 2760 exprimere
4468 2704 4574 2743 non
4598 2690 4948 2757 ambigimus,
4978 2691 5020 2742 si
5052 2688 5346 2743 mirabilem
5397 2688 5511 2754 ejus
5548 2694 5699 2742 natu.

4132 2801 4246 2840 ram
4308 2802 4414 2840 non
4466 2785 4582 2839 sine
4632 2784 4985 2838 admiratione
5036 2797 5341 2853 pensamus.
5396 2782 5490 2835 Est
5540 2780 5697 2849 igitur

4134 2877 4235 2929 hoc
4266 2876 4482 2928 volatile
4508 2885 4674 2927 totum
4706 2874 4906 2937 album,
4931 2888 5029 2928 nec
5065 2873 5167 2927 ulla
5199 2872 5489 2942 nigredinis
5518 2885 5697 2924 macu-

4136 2964 4183 3016 la
4225 2966 4489 3032 repcritur
4518 2964 4569 3015 in
4610 2962 4823 3031 plumis.
4857 2962 5109 3030 Quisquis
5148 2970 5325 3016 autem
5345 2970 5428 3015 est
5455 2961 5506 3015 in
5545 2959 5694 3029 aegri-

4137 3054 4318 3105 tudine
4359 3052 4701 3112 constitutus,
4736 3066 4831 3120 per
4874 3052 5213 3120 praesentiam
5265 3051 5422 3121 hujus
5469 3050 5695 3105 volucris

2446 3140 2617 3196 ferior
2654 3137 2958 3191 artificiosae
2990 3132 3193 3187 fraudis
3226 3134 3525 3201 reperiatur
3551 3134 3786 3186 astutia?
3817 3143 3873 3185 ut
3900 3132 4025 3186 dum
4055 3139 4099 3199 α
4137 3141 4276 3195 valet
4316 3142 4518 3208 absque
4554 3140 4828 3193 dubietate
4878 3140 5131 3209 colligere
5164 3149 5341 3194 utrum
5363 3155 5420 3195 se
5444 3140 5493 3193 in
5523 3138 5695 3209 prosi-

2450 3227 2661 3283 cunctis
2710 3224 3075 3278 animantibus
3140 3224 3298 3277 homo
3356 3223 3705 3290 prmponitur,
3769 3236 3864 3291 per
3914 3222 4027 3275 haec

2449 3318 2636 3379 etiam,
2687 3314 2881 3384 quibus
2936 3320 3151 3381 praeest,
3199 3326 3390 3365 cavere
3438 3311 3672 3379 pericula
3722 3321 4024 3365 moneatur.

2454 3405 2689 3477 Polypus
2718 3402 2914 3471 quippe
2945 3412 3152 3469 petram
3179 3401 3231 3454 in
3257 3402 3469 3455 vadosis
3494 3401 3763 3455 littoribus
3804 3402 4028 3465 invenit,

2456 3496 2543 3551 cui
2578 3510 2635 3549 se
2662 3495 2799 3547 miro
2838 3492 2996 3545 modo
3025 3491 3351 3544 constrictus
3382 3489 3567 3561 affigit,
3599 3492 3823 3561 ejusque
3867 3490 4017 3545 colo-

2466 3602 2581 3641 rem
2614 3600 2676 3639 ac
2728 3584 2959 3653 speciem
3000 3582 3190 3635 induit.
3250 3580 3525 3636 Obductns
3569 3584 3751 3651 itaque
3800 3593 3943 3650 terga
3977 3583 4029 3636 in

2458 3676 2864 3732 similitudinem
2890 3675 3025 3739 saxi,
3058 3674 3314 3742 plurimos
3339 3676 3563 3744 piscium
3590 3676 3705 3730 sine
3732 3676 3835 3730 ulla
3860 3676 4033 3745 suspi-

2458 3768 2613 3822 cione
2640 3766 2842 3820 fraudis
2879 3765 3109 3834 allapsos
3150 3766 3456 3835 intercipit;
3492 3775 3545 3821 et
3586 3767 3711 3821 dum
3752 3768 4031 3836 scopulum

2453 3855 2773 3925 simpliciter
2802 3854 3092 3922 opinantur
3117 3894 3131 3918 ,
3159 3854 3377 3908 casibus
3407 3870 3498 3909 eos
3528 3854 3741 3909 furtiva:
3770 3856 3905 3908 artis
3937 3869 4031 3909 oc-

2454 3942 2647 3996 cludit.
2691 3941 2913 4016 Talibus
2966 3941 3131 4010 igitur
3180 3944 3515 4010 argumentis
3573 3951 3765 4011 sponte
3812 3942 4035 3997 veniens

2460 4031 2651 4101 rapina
2675 4032 2970 4099 decipitur;
3000 4041 3055 4085 et
3087 4032 3211 4085 dum
3236 4046 3341 4085 non
3367 4034 3557 4088 metuit
3585 4033 3852 4099 fraudem,
3884 4033 4037 4104 igno-

2458 4132 2543 4175 rat
2572 4122 2745 4176 ultimi
2784 4122 3053 4189 naufragii
3084 4122 3255 4176 vitare
3286 4124 3615 4193 voraginem.
3649 4122 3754 4178 Sed
3787 4124 3914 4193 quid
3945 4137 4036 4194 pe-

2461 4221 2562 4275 tra,
2596 4210 2696 4264 nisi
2723 4210 3010 4263 Christus?
3035 4210 3161 4279 quid
3194 4210 3452 4282 polypus,
3482 4212 3582 4265 nisi
3611 4212 3773 4267 homo
3816 4211 4032 4266 dolosus

2456 4308 2511 4353 et
2534 4312 2842 4368 perversius,
2874 4308 3038 4366 atque
3072 4298 3142 4353 ob
3182 4299 3234 4353 id
3282 4300 3605 4353 haereticus?
3652 4298 3753 4355 Hic
3800 4294 4034 4369 anigitur

2460 4396 2646 4456 petrae,
2678 4396 2731 4440 et
2760 4386 2908 4439 saxei
2928 4387 3186 4441 mentitur
3210 4388 3428 4441 schema
3456 4387 3689 4453 coloris;
3722 4388 3875 4457 quia,
3896 4389 4037 4442 sicut

2456 4477 2713 4542 magister
2773 4476 2909 4543 ejus,
2972 4492 3030 4531 se
3080 4476 3433 4548 transfigurat
3474 4479 3529 4535 in
3594 4478 3841 4549 angelum
3894 4479 4028 4535 lucis
4060 4484 4107 4543 D

2454 4566 2476 4635 (
2504 4562 2628 4619 Cor.
2662 4580 2712 4618 si
2739 4567 2777 4635 ).
2805 4566 3060 4620 Adhaeret
3108 4577 3308 4637 petrae,
3336 4569 3462 4637 quia
3484 4571 3586 4625 etsi
3629 4586 3736 4626 non
3775 4588 3871 4642 per
3898 4589 4027 4642 ope-

2452 4653 2716 4710 rationem
2758 4696 2771 4721 ,
2802 4656 2993 4709 saltem
3037 4670 3133 4726 per
3186 4657 3575 4727 professionem
3623 4672 3819 4719 sancta:
3865 4680 4030 4736 copu-

2447 4744 2595 4802 latur
2632 4742 2918 4813 Ecclesiae,
2961 4758 3015 4802 et
3060 4748 3209 4804 velut
3259 4751 3506 4807 incautos
3551 4754 3724 4825 pisces
3764 4757 4030 4826 arripiens

2456 4837 2701 4902 devorat,
2734 4838 2859 4891 dum
2896 4838 3117 4894 hebetes
3156 4855 3400 4912 quosque
3448 4857 3513 4896 ac
3561 4843 3829 4914 simplices
3862 4847 4028 4915 perti-

2466 4925 2569 4979 dia:
2590 4939 2701 4979 sua:
2732 4926 3011 4982 erroribus
3034 4928 3294 4999 implicat.
3339 4929 3492 4986 Unde
3517 4941 3572 4985 et
3606 4931 3889 5002 Apostolus
3914 4935 3987 4989 ait
4014 4954 4026 4989 :

2458 5032 2478 5066 ι
2511 5013 2802 5070 Sastinetis
2825 5016 2967 5071 enim
2996 5018 3041 5072 si
3086 5019 3209 5089 quis
3256 5036 3351 5077 vos
3388 5022 3635 5089 devorat,
3674 5025 3721 5079 si
3768 5026 3890 5096 quis
3935 5042 4030 5083 vos

2453 5101 2655 5173 decipit
2682 5102 2895 5173 (lbid.).
2932 5124 2952 5158 ι
2986 5104 3369 5165 Verumtamen
3410 5112 3464 5167 in
3498 5113 3803 5184 bujusmodi
3843 5130 4030 5172 versu-

2453 5193 2545 5247 tiis
2565 5202 2622 5249 et
2648 5192 2929 5251 fraudibus
2956 5197 3267 5255 animalium
3304 5203 3593 5273 aliquando
3630 5206 3883 5263 salutaris
3906 5208 4035 5264 alle-

2455 5282 2622 5353 goria
2645 5283 3066 5355 deprehenditur
3087 5304 3504 5349 sacramentum.

2969 5376 3131 5447 811
3170 5378 3393 5437 CAPUT
3430 5386 3519 5441 IX.

2901 5466 2979 5523 De
3008 5470 3173 5539 hydro
3206 5482 3253 5525 et
3289 5477 3570 5533 crocodilo.

2527 5549 2744 5645 Hydrus
2773 5556 2916 5611 enim
2953 5559 3156 5615 animal
3185 5570 3271 5617 est
3318 5562 3571 5623 habitans
3620 5569 3674 5625 in
3726 5574 4029 5645 gurgitibus

2456 5637 2760 5714 numinum,
2822 5651 3105 5710 crocodilis
3148 5652 3393 5713 foratiter
3439 5637 3753 5719 inimicum:
3788 5637 3886 5723 llic
3924 5670 4026 5725 ita-

4132 3246 4221 3285 mo
4279 3230 4686 3296 convalescere,
4738 3244 4806 3283 an
4866 3230 5182 3285 imminente
5232 3230 5417 3284 mortis
5478 3224 5697 3282 articulo

4133 3336 4355 3375 necesse
4394 3321 4461 3374 sit
4491 3319 4731 3373 interire.
4789 3319 4921 3374 Nam
4961 3322 5005 3375 si
5043 3321 5325 3374 infirmitas
5352 3329 5433 3375 est
5462 3320 5527 3373 ad
5559 3332 5695 3372 mor-

4137 3419 4263 3473 tem,
4298 3424 4420 3463 mox
4459 3417 4517 3461 ut
4555 3410 5044 3479 agrotttmrviderit,
5084 3411 5326 3480 protinus
5361 3409 5542 3463 oculos
5575 3424 5694 3463 suos

4134 3500 4350 3566 avertit,
4390 3514 4621 3569 eumque
4646 3500 4787 3554 ultra
4816 3516 4923 3556 non
4963 3502 5198 3571 respicit.
5233 3501 5297 3555 Et
5329 3502 5407 3555 sic
5445 3501 5694 3555 indicium

4135 3594 4315 3656 datur,
4345 3593 4599 3661 quoniam
4631 3608 4698 3646 ex
4736 3592 5176 3647 incommoditate
5204 3604 5458 3661 concepta
5496 3592 5695 3663 langui-

4134 3684 4232 3739 dus
4263 3686 4514 3741 moritur.
4542 3684 4794 3754 Alioquin
4826 3685 4871 3743 si
4898 3685 5179 3753 languidus
5203 3686 5289 3740 ille
5323 3686 5557 3739 victurus
5592 3693 5690 3749 est,

4133 3786 4332 3845 praesto
4355 3776 4674 3831 cbaradrius
4705 3776 4950 3830 obtutum
4975 3791 5128 3830 suum
5160 3777 5212 3829 in
5239 3780 5355 3842 ejus
5372 3790 5463 3841 ora
5495 3774 5690 3844 defigit,

4136 3882 4201 3921 ac
4258 3868 4401 3921 intra
4460 3881 4520 3921 se
4556 3882 4771 3920 omnem
4812 3867 4953 3920 illius
5011 3866 5377 3937 aegritudinem
5431 3866 5688 3936 concipit;

4136 3957 4331 4013 deinde
4360 3965 4549 4011 contra
4591 3956 4720 4011 solis
4748 3957 4994 4011 ardorem
5034 3957 5261 4027 impiger
5293 3954 5485 4021 evolat,
5514 3956 5691 4025 κενοῦ

4137 4046 4496 4101 valetudinem
4560 4045 4659 4101 soli
4708 4060 4767 4100 se
4804 4045 5106 4114 objiciendo
5148 4046 5433 4109 comburit,
5486 4061 5548 4101 ac
5604 4059 5692 4115 per

4136 4150 4317 4191 aerem
4356 4135 4629 4190 volitando
4667 4135 4946 4207 dispergit.
4989 4134 5229 4191 Mirabile
5252 4136 5366 4190 visu
5392 4136 5406 4189 l
5434 4134 5691 4206 extemplo

4135 4240 4195 4281 se
4221 4224 4510 4295 languidus
4563 4224 4754 4295 erigit,
4784 4234 4838 4279 et
4876 4224 5163 4281 defacatus
5211 4226 5355 4279 omni
5391 4224 5687 4294 passionqu

4136 4317 4427 4388 gravedine
4475 4316 4822 4373 convalescit.
4888 4316 5040 4385 Quod
5106 4316 5447 4387 Redemptori
5515 4326 5691 4372 nostro

4139 4408 4372 4463 volucris
4408 4407 4566 4477 hujus
4597 4407 4763 4478 figura
4795 4408 5117 4473 conveniat,
5146 4408 5263 4462 luce
5314 4407 5513 4462 clarius
5559 4406 5691 4461 ratio

4135 4496 4467 4552 manifestat.
4516 4498 4689 4551 inStar
4743 4499 4941 4568 quippe
4987 4498 5259 4552 charadrii
5315 4498 5572 4553 candidus
5614 4505 5693 4553 est

4133 4588 4401 4653 Christus,
4433 4588 4559 4655 quia
4589 4587 4729 4641 nulla
4754 4587 4997 4643 criminis
5022 4589 5273 4659 apparuit
5310 4590 5514 4644 macula
5551 4588 5690 4643 deni-

4134 4686 4341 4747 gratus.
4371 4694 4390 4728 ι
4427 4676 4633 4749 Quippe
4670 4678 4761 4747 qui
4795 4689 5074 4747 peccatum
5110 4694 5216 4741 non
5256 4678 5399 4744 fecit,
5430 4694 5527 4733 nec
5547 4678 5690 4735 dolus

4136 4770 4387 4822 inventus
4416 4776 4499 4823 est
4540 4769 4595 4822 in
4628 4784 4722 4823 ore
4748 4769 4865 4838 ejus
4913 4770 4965 4841 (1
5009 4769 5149 4825 Patr.
5182 4787 5254 4837 u;
5294 4771 5424 4826 Isai.
5468 4770 5607 4842 ιιιι).
5665 4789 5685 4823 s

4133 4857 4212 4912 De
4240 4874 4348 4929 quo
4369 4868 4421 4913 et
4447 4874 4642 4929 sponsa
4664 4860 4795 4915 dicit
4823 4862 4875 4915 iu
4906 4862 5144 4917 Canticis
5176 4880 5190 4916 :
5237 4880 5257 4914 ι
5295 4864 5526 4918 Dilectus
5547 4878 5687 4919 meus

4135 4949 4399 5007 candidus
4444 4959 4501 5006 et
4524 4952 4856 5008 rubicundus
4885 4952 5061 5025 (Cant.
5091 4954 5167 5028 v).
5208 4974 5228 5007 ι
5260 4956 5573 5026 Virginitate
5610 4956 5685 5010 vi-

4134 5042 4327 5096 delicet
4361 5050 4418 5096 et
4474 5041 4781 5097 innocentia
4830 5044 5088 5098 candidus
5141 5045 5386 5115 martyrii
5437 5045 5685 5115 sanguine

4135 5129 4486 5185 rubicundus.
4522 5128 4623 5196 Qui
4649 5130 4906 5186 nimirum
4935 5132 5003 5187 ad
5043 5132 5312 5188 inﬁmum
5338 5132 5499 5188 Israel
5530 5149 5686 5205 popu-

4134 5221 4242 5276 lum
4273 5222 4393 5292 pius
4428 5222 4680 5276 visitator
4711 5223 4946 5289 advenit,
4969 5225 5134 5295 812
5168 5226 5262 5281 sed
5309 5224 5496 5281 faciem
5542 5240 5683 5280 suam

4137 5312 4207 5366 ab
4235 5327 4301 5367 eo
4350 5312 4628 5384 (quoniam
4687 5313 4923 5381 perfidiae
4958 5325 5013 5370 et
5069 5316 5455 5372 incredulitatis
5508 5314 5684 5371 morbo

4136 5402 4487 5474 moriebatur)
4518 5404 4713 5459 avertit
4762 5422 4775 5458 :
4818 5406 4887 5460 ad
4937 5407 5190 5478 gentilem
5244 5422 5372 5464 vero
5418 5406 5680 5477 populum,

4134 5507 4284 5562 aeque
4338 5492 4545 5548 scilicet
4582 5491 4891 5564 languidum
4929 5512 5059 5551 cum
5105 5496 5360 5568 respexit,
5388 5496 5599 5567 pietatis
5633 5496 5679 5550 iu

4133 5597 4253 5637 eum
4282 5582 4470 5640 oculos
4517 5583 4811 5641 clementer
4862 5585 5059 5654 infixit,
5089 5590 5143 5645 in
5183 5590 5524 5661 semetipsum
5573 5588 5680 5661 ejus

4126 5670 4838 5748 cgritudinem'transtuiit,
4881 5695 5112 5755 eumque
5140 5680 5300 5741 saluti
5336 5681 5572 5756 pristina
5601 5696 5677 5741 ro-

5266 5824 5287 5875 Ι
