  <div class='ocr_page' id='page_1' title='image "/cluster/home/n/w/nwhite01/storage/ocr_20150623/144-145/uc1.31175001639262/926.png"; bbox 0 0 5882 6610; ppageno 0'>
   <div class='ocr_carea' id='block_1_1' title="bbox 1003 383 1100 446">
    <p class='ocr_par' dir='ltr' id='par_1_1' title="bbox 1003 383 1100 446">
     <span class='ocr_line' id='line_1_1' title="bbox 1003 383 1100 446; baseline 0 0"><span class='ocrx_word' id='word_1_1' title='bbox 1003 383 1100 446; x_wconf 73' lang='lat' dir='ltr'><strong>M3</strong></span> 
     </span>
    </p>
   </div>
   <div class='ocr_carea' id='block_1_2' title="bbox 1845 365 3397 435">
    <p class='ocr_par' dir='ltr' id='par_1_2' title="bbox 1845 365 3397 435">
     <span class='ocr_line' id='line_1_2' title="bbox 1845 365 3397 435; baseline -0.008 -1"><span class='ocrx_word' id='word_1_2' title='bbox 1845 372 2089 435; x_wconf 81' lang='lat' dir='ltr'><strong>OPUSC.</strong></span> <span class='ocrx_word' id='word_1_3' title='bbox 2112 370 2233 431; x_wconf 77' lang='lat' dir='ltr'><strong>LII.</strong></span> <span class='ocrx_word' id='word_1_4' title='bbox 2254 400 2328 414; x_wconf 92' lang='lat'><strong><em>—</em></strong></span> <span class='ocrx_word' id='word_1_5' title='bbox 2359 369 2449 428; x_wconf 75' lang='lat' dir='ltr'><strong>DE</strong></span> <span class='ocrx_word' id='word_1_6' title='bbox 2486 366 2670 427; x_wconf 72' lang='lat' dir='ltr'><strong>BONO</strong></span> <span class='ocrx_word' id='word_1_7' title='bbox 2722 366 3070 425; x_wconf 77' lang='lat' dir='ltr'><strong>RELIGIOSI</strong></span> <span class='ocrx_word' id='word_1_8' title='bbox 3100 365 3397 425; x_wconf 78' lang='lat' dir='ltr'><strong>STATUS.</strong></span> 
     </span>
    </p>
   </div>
   <div class='ocr_carea' id='block_1_3' title="bbox 4174 361 4283 421">
    <p class='ocr_par' dir='ltr' id='par_1_3' title="bbox 4174 361 4283 421">
     <span class='ocr_line' id='line_1_3' title="bbox 4174 361 4283 421; baseline -0.037 0"><span class='ocrx_word' id='word_1_9' title='bbox 4174 361 4283 421; x_wconf 60' lang='lat'><strong>77‘</strong></span> 
     </span>
    </p>
   </div>
   <div class='ocr_carea' id='block_1_4' title="bbox 996 476 4291 574">
    <p class='ocr_par' dir='ltr' id='par_1_4' title="bbox 996 476 4291 574">
     <span class='ocr_line' id='line_1_4' title="bbox 996 476 4291 574; baseline -0.007 -19"><span class='ocrx_word' id='word_1_10' title='bbox 996 497 1269 559; x_wconf 74' lang='lat' dir='ltr'><strong>formavit.</strong></span> <span class='ocrx_word' id='word_1_11' title='bbox 1326 514 1344 549; x_wconf 78' lang='grc' dir='ltr'><strong>ι</strong></span> <span class='ocrx_word' id='word_1_12' title='bbox 1381 493 1523 551; x_wconf 75' lang='lat' dir='ltr'><strong>Vere</strong></span> <span class='ocrx_word' id='word_1_13' title='bbox 1577 494 1757 554; x_wconf 85' lang='lat' dir='ltr'><strong>enim,</strong></span> <span class='ocrx_word' id='word_1_14' title='bbox 1798 490 1939 546; x_wconf 90' lang='lat' dir='ltr'><strong>sicut</strong></span> <span class='ocrx_word' id='word_1_15' title='bbox 1969 502 2069 558; x_wconf 84' lang='lat' dir='ltr'><strong>per</strong></span> <span class='ocrx_word' id='word_1_16' title='bbox 2111 485 2309 541; x_wconf 87' lang='lat' dir='ltr'><strong>lsaiam</strong></span> <span class='ocrx_word' id='word_1_17' title='bbox 2359 482 2581 547; x_wconf 90' lang='lat' dir='ltr'><strong>dicitur,</strong></span> <span class='ocrx_word' id='word_1_18' title='bbox 2608 484 2660 543; x_wconf 78' lang='grc' dir='ltr'><strong>Δ</strong></span> <span class='ocrx_word' id='word_1_19' title='bbox 2688 495 2849 574; x_wconf 69' lang='lat' dir='ltr'><strong>super</strong></span> <span class='ocrx_word' id='word_1_20' title='bbox 2877 495 3086 551; x_wconf 90' lang='lat' dir='ltr'><strong>pennas</strong></span> <span class='ocrx_word' id='word_1_21' title='bbox 3112 491 3397 536; x_wconf 77' lang='lat' dir='ltr'><strong>ventorum</strong></span> <span class='ocrx_word' id='word_1_22' title='bbox 3422 477 3599 549; x_wconf 80' lang='lat' dir='ltr'><strong>(Psal.</strong></span> <span class='ocrx_word' id='word_1_23' title='bbox 3638 476 3794 549; x_wconf 82' lang='lat' dir='ltr'><strong>xvn).</strong></span> <span class='ocrx_word' id='word_1_24' title='bbox 3827 498 3863 574; x_wconf 67' lang='grc' dir='ltr'><strong>⁸ι</strong></span> <span class='ocrx_word' id='word_1_25' title='bbox 3898 476 4056 532; x_wconf 84' lang='lat' dir='ltr'><strong>Enim</strong></span> <span class='ocrx_word' id='word_1_26' title='bbox 4082 492 4211 574; x_wconf 81' lang='lat' dir='ltr'><strong>vero</strong></span> <span class='ocrx_word' id='word_1_27' title='bbox 4232 486 4291 534; x_wconf 88' lang='lat' dir='ltr'><strong>et</strong></span> 
     </span>
    </p>
   </div>
   <div class='ocr_carea' id='block_1_5' title="bbox 996 572 2581 661">
    <p class='ocr_par' dir='ltr' id='par_1_5' title="bbox 996 572 2581 661">
     <span class='ocr_line' id='line_1_5' title="bbox 996 572 2581 661; baseline -0.013 -16"><span class='ocrx_word' id='word_1_28' title='bbox 996 601 1285 661; x_wconf 77' lang='lat' dir='ltr'><strong>unguores</strong></span> <span class='ocrx_word' id='word_1_29' title='bbox 1308 592 1524 641; x_wconf 90' lang='lat' dir='ltr'><strong>nostros</strong></span> <span class='ocrx_word' id='word_1_30' title='bbox 1550 581 1667 651; x_wconf 88' lang='lat' dir='ltr'><strong>ipse</strong></span> <span class='ocrx_word' id='word_1_31' title='bbox 1695 578 1836 642; x_wconf 83' lang='lat' dir='ltr'><strong>tulit,</strong></span> <span class='ocrx_word' id='word_1_32' title='bbox 1872 586 1929 633; x_wconf 91' lang='lat' dir='ltr'><strong>et</strong></span> <span class='ocrx_word' id='word_1_33' title='bbox 1972 583 2194 647; x_wconf 89' lang='lat' dir='ltr'><strong>peccata</strong></span> <span class='ocrx_word' id='word_1_34' title='bbox 2241 580 2427 629; x_wconf 87' lang='lat' dir='ltr'><strong>nostra</strong></span> <span class='ocrx_word' id='word_1_35' title='bbox 2466 572 2581 642; x_wconf 85' lang='lat' dir='ltr'><strong>ipse</strong></span> 
     </span>
    </p>
   </div>
   <div class='ocr_carea' id='block_1_6' title="bbox 995 664 2577 751">
    <p class='ocr_par' dir='ltr' id='par_1_6' title="bbox 995 664 2577 751">
     <span class='ocr_line' id='line_1_6' title="bbox 995 664 2577 751; baseline -0.014 -16"><span class='ocrx_word' id='word_1_36' title='bbox 995 679 1256 751; x_wconf 74' lang='lat' dir='ltr'><strong>portavit.</strong></span> <span class='ocrx_word' id='word_1_37' title='bbox 1297 675 1366 730; x_wconf 86' lang='lat' dir='ltr'><strong>Et</strong></span> <span class='ocrx_word' id='word_1_38' title='bbox 1399 687 1499 729; x_wconf 90' lang='lat' dir='ltr'><strong>nos</strong></span> <span class='ocrx_word' id='word_1_39' title='bbox 1550 671 1858 740; x_wconf 74' lang='lat' dir='ltr'><strong>putavimus</strong></span> <span class='ocrx_word' id='word_1_40' title='bbox 1904 682 2029 722; x_wconf 88' lang='lat' dir='ltr'><strong>eum</strong></span> <span class='ocrx_word' id='word_1_41' title='bbox 2074 664 2229 735; x_wconf 88' lang='lat' dir='ltr'><strong>quasi</strong></span> <span class='ocrx_word' id='word_1_42' title='bbox 2280 664 2577 732; x_wconf 83' lang='lat' dir='ltr'><strong>leprosum,</strong></span> 
     </span>
    </p>
   </div>
   <div class='ocr_carea' id='block_1_7' title="bbox 994 752 2581 839">
    <p class='ocr_par' dir='ltr' id='par_1_7' title="bbox 994 752 2581 839">
     <span class='ocr_line' id='line_1_7' title="bbox 994 752 2581 839; baseline -0.013 -15"><span class='ocrx_word' id='word_1_43' title='bbox 994 777 1052 824; x_wconf 85' lang='lat' dir='ltr'><strong>et</strong></span> <span class='ocrx_word' id='word_1_44' title='bbox 1076 778 1393 839; x_wconf 86' lang='lat' dir='ltr'><strong>percussum</strong></span> <span class='ocrx_word' id='word_1_45' title='bbox 1440 776 1471 816; x_wconf 92' lang='lat' dir='ltr'><strong>a</strong></span> <span class='ocrx_word' id='word_1_46' title='bbox 1524 759 1635 815; x_wconf 86' lang='lat' dir='ltr'><strong>Deo</strong></span> <span class='ocrx_word' id='word_1_47' title='bbox 1674 767 1730 814; x_wconf 90' lang='lat' dir='ltr'><strong>et</strong></span> <span class='ocrx_word' id='word_1_48' title='bbox 1784 756 2163 819; x_wconf 87' lang='lat' dir='ltr'><strong>humiliatum;</strong></span> <span class='ocrx_word' id='word_1_49' title='bbox 2224 752 2342 822; x_wconf 91' lang='lat' dir='ltr'><strong>ipse</strong></span> <span class='ocrx_word' id='word_1_50' title='bbox 2398 760 2581 805; x_wconf 87' lang='lat' dir='ltr'><strong>autem</strong></span> 
     </span>
    </p>
   </div>
   <div class='ocr_carea' id='block_1_8' title="bbox 1000 844 2582 924">
    <p class='ocr_par' dir='ltr' id='par_1_8' title="bbox 1000 844 2582 924">
     <span class='ocr_line' id='line_1_8' title="bbox 1000 844 2582 924; baseline -0.011 -11"><span class='ocrx_word' id='word_1_51' title='bbox 1000 860 1310 915; x_wconf 76' lang='lat' dir='ltr'><strong>vulneratus</strong></span> <span class='ocrx_word' id='word_1_52' title='bbox 1339 862 1424 910; x_wconf 91' lang='lat' dir='ltr'><strong>est</strong></span> <span class='ocrx_word' id='word_1_53' title='bbox 1465 862 1689 924; x_wconf 87' lang='lat' dir='ltr'><strong>propter</strong></span> <span class='ocrx_word' id='word_1_54' title='bbox 1730 850 2047 919; x_wconf 81' lang='lat' dir='ltr'><strong>iniquitates</strong></span> <span class='ocrx_word' id='word_1_55' title='bbox 2098 854 2332 911; x_wconf 77' lang='lat' dir='ltr'><strong>nostras,</strong></span> <span class='ocrx_word' id='word_1_56' title='bbox 2361 844 2582 899; x_wconf 88' lang='lat' dir='ltr'><strong>attritus</strong></span> 
     </span>
    </p>
   </div>
   <div class='ocr_carea' id='block_1_9' title="bbox 995 935 2584 1019">
    <p class='ocr_par' dir='ltr' id='par_1_9' title="bbox 995 935 2584 1019">
     <span class='ocr_line' id='line_1_9' title="bbox 995 935 2584 1019; baseline -0.011 -15"><span class='ocrx_word' id='word_1_57' title='bbox 995 957 1084 1004; x_wconf 77' lang='lat' dir='ltr'><strong>est</strong></span> <span class='ocrx_word' id='word_1_58' title='bbox 1108 955 1331 1019; x_wconf 86' lang='lat' dir='ltr'><strong>propter</strong></span> <span class='ocrx_word' id='word_1_59' title='bbox 1355 942 1562 999; x_wconf 87' lang='lat' dir='ltr'><strong>scelera</strong></span> <span class='ocrx_word' id='word_1_60' title='bbox 1611 948 1815 996; x_wconf 89' lang='lat' dir='ltr'><strong>nostra.</strong></span> <span class='ocrx_word' id='word_1_61' title='bbox 1862 935 2154 1005; x_wconf 74' lang='lat' dir='ltr'><strong>Disciplina</strong></span> <span class='ocrx_word' id='word_1_62' title='bbox 2200 935 2351 1004; x_wconf 81' lang='lat' dir='ltr'><strong>pacis</strong></span> <span class='ocrx_word' id='word_1_63' title='bbox 2380 942 2584 988; x_wconf 65' lang='lat' dir='ltr'><strong>nostrae</strong></span> 
     </span>
    </p>
   </div>
   <div class='ocr_carea' id='block_1_10' title="bbox 995 1021 2574 1107">
    <p class='ocr_par' dir='ltr' id='par_1_10' title="bbox 995 1021 2574 1107">
     <span class='ocr_line' id='line_1_10' title="bbox 995 1021 2574 1107; baseline -0.012 -13"><span class='ocrx_word' id='word_1_64' title='bbox 995 1051 1161 1107; x_wconf 73' lang='lat' dir='ltr'><strong>super</strong></span> <span class='ocrx_word' id='word_1_65' title='bbox 1180 1050 1329 1098; x_wconf 90' lang='lat' dir='ltr'><strong>eum,</strong></span> <span class='ocrx_word' id='word_1_66' title='bbox 1360 1040 1415 1087; x_wconf 90' lang='lat' dir='ltr'><strong>et</strong></span> <span class='ocrx_word' id='word_1_67' title='bbox 1438 1033 1607 1087; x_wconf 85' lang='lat' dir='ltr'><strong>livore</strong></span> <span class='ocrx_word' id='word_1_68' title='bbox 1634 1030 1750 1099; x_wconf 83' lang='lat' dir='ltr'><strong>ejus</strong></span> <span class='ocrx_word' id='word_1_69' title='bbox 1778 1028 1955 1083; x_wconf 83' lang='lat' dir='ltr'><strong>sanati</strong></span> <span class='ocrx_word' id='word_1_70' title='bbox 1984 1040 2169 1082; x_wconf 90' lang='lat' dir='ltr'><strong>sumus</strong></span> <span class='ocrx_word' id='word_1_71' title='bbox 2191 1023 2348 1093; x_wconf 84' lang='lat' dir='ltr'><strong>(Isai.</strong></span> <span class='ocrx_word' id='word_1_72' title='bbox 2376 1021 2521 1094; x_wconf 78' lang='lat' dir='ltr'><strong>xm).</strong></span> <span class='ocrx_word' id='word_1_73' title='bbox 2554 1040 2574 1075; x_wconf 84' lang='lat' dir='ltr'><strong>s</strong></span> 
     </span>
    </p>
   </div>
   <div class='ocr_carea' id='block_1_11' title="bbox 996 1113 2580 1198">
    <p class='ocr_par' dir='ltr' id='par_1_11' title="bbox 996 1113 2580 1198">
     <span class='ocr_line' id='line_1_11' title="bbox 996 1113 2580 1198; baseline -0.011 -14"><span class='ocrx_word' id='word_1_74' title='bbox 996 1125 1397 1198; x_wconf 68' lang='lat' dir='ltr'><strong>Egritudinem</strong></span> <span class='ocrx_word' id='word_1_75' title='bbox 1439 1137 1571 1179; x_wconf 88' lang='lat' dir='ltr'><strong>vero</strong></span> <span class='ocrx_word' id='word_1_76' title='bbox 1600 1136 1699 1191; x_wconf 85' lang='lat' dir='ltr'><strong>per</strong></span> <span class='ocrx_word' id='word_1_77' title='bbox 1743 1134 1925 1173; x_wconf 89' lang='lat' dir='ltr'><strong>aerem</strong></span> <span class='ocrx_word' id='word_1_78' title='bbox 1980 1116 2256 1172; x_wconf 87' lang='lat' dir='ltr'><strong>volitando</strong></span> <span class='ocrx_word' id='word_1_79' title='bbox 2303 1113 2580 1183; x_wconf 86' lang='lat' dir='ltr'><strong>dispersit,</strong></span> 
     </span>
    </p>
   </div>
   <div class='ocr_carea' id='block_1_12' title="bbox 993 1205 2584 1290">
    <p class='ocr_par' dir='ltr' id='par_1_12' title="bbox 993 1205 2584 1290">
     <span class='ocr_line' id='line_1_12' title="bbox 993 1205 2584 1290; baseline -0.008 -16"><span class='ocrx_word' id='word_1_80' title='bbox 993 1219 1125 1290; x_wconf 85' lang='lat' dir='ltr'><strong>quia</strong></span> <span class='ocrx_word' id='word_1_81' title='bbox 1163 1224 1682 1288; x_wconf 81' lang='lat' dir='ltr'><strong>potestatesaereas</strong></span> <span class='ocrx_word' id='word_1_82' title='bbox 1733 1212 1848 1267; x_wconf 86' lang='lat' dir='ltr'><strong>suis</strong></span> <span class='ocrx_word' id='word_1_83' title='bbox 1887 1209 2096 1265; x_wconf 88' lang='lat' dir='ltr'><strong>viribus</strong></span> <span class='ocrx_word' id='word_1_84' title='bbox 2151 1205 2458 1262; x_wconf 80' lang='lat' dir='ltr'><strong>debellavit.</strong></span> <span class='ocrx_word' id='word_1_85' title='bbox 2498 1206 2584 1262; x_wconf 82' lang='lat' dir='ltr'><strong>Ad</strong></span> 
     </span>
    </p>
   </div>
   <div class='ocr_carea' id='block_1_13' title="bbox 996 1296 2571 1367">
    <p class='ocr_par' dir='ltr' id='par_1_13' title="bbox 996 1296 2571 1367">
     <span class='ocr_line' id='line_1_13' title="bbox 996 1296 2571 1367; baseline -0.01 -3"><span class='ocrx_word' id='word_1_86' title='bbox 996 1309 1254 1364; x_wconf 82' lang='lat' dir='ltr'><strong>ardorem</strong></span> <span class='ocrx_word' id='word_1_87' title='bbox 1291 1306 1422 1362; x_wconf 92' lang='lat' dir='ltr'><strong>solis</strong></span> <span class='ocrx_word' id='word_1_88' title='bbox 1458 1302 1735 1366; x_wconf 89' lang='lat' dir='ltr'><strong>ascendit,</strong></span> <span class='ocrx_word' id='word_1_89' title='bbox 1766 1316 1831 1355; x_wconf 89' lang='lat' dir='ltr'><strong>ac</strong></span> <span class='ocrx_word' id='word_1_90' title='bbox 1882 1300 1991 1354; x_wconf 86' lang='lat' dir='ltr'><strong>vim</strong></span> <span class='ocrx_word' id='word_1_91' title='bbox 2038 1296 2313 1367; x_wconf 76' lang='lat' dir='ltr'><strong>languoris</strong></span> <span class='ocrx_word' id='word_1_92' title='bbox 2350 1297 2571 1361; x_wconf 38' lang='lat' dir='ltr'><strong>exussit.</strong></span> 
     </span>
    </p>
   </div>
   <div class='ocr_carea' id='block_1_14' title="bbox 996 1385 2579 1469">
    <p class='ocr_par' dir='ltr' id='par_1_14' title="bbox 996 1385 2579 1469">
     <span class='ocr_line' id='line_1_14' title="bbox 996 1385 2579 1469; baseline -0.007 -16"><span class='ocrx_word' id='word_1_93' title='bbox 996 1398 1257 1469; x_wconf 89' lang='lat' dir='ltr'><strong>quoniam</strong></span> <span class='ocrx_word' id='word_1_94' title='bbox 1301 1397 1368 1451; x_wconf 90' lang='lat' dir='ltr'><strong>ad</strong></span> <span class='ocrx_word' id='word_1_95' title='bbox 1398 1394 1615 1448; x_wconf 84' lang='lat' dir='ltr'><strong>Patrem</strong></span> <span class='ocrx_word' id='word_1_96' title='bbox 1649 1392 1887 1455; x_wconf 89' lang='lat' dir='ltr'><strong>rediens,</strong></span> <span class='ocrx_word' id='word_1_97' title='bbox 1919 1389 2010 1459; x_wconf 89' lang='lat' dir='ltr'><strong>qui</strong></span> <span class='ocrx_word' id='word_1_98' title='bbox 2067 1400 2153 1444; x_wconf 90' lang='lat' dir='ltr'><strong>est</strong></span> <span class='ocrx_word' id='word_1_99' title='bbox 2209 1388 2290 1443; x_wconf 90' lang='lat' dir='ltr'><strong>sol</strong></span> <span class='ocrx_word' id='word_1_100' title='bbox 2333 1385 2579 1455; x_wconf 81' lang='lat' dir='ltr'><strong>justitiac,</strong></span> 
     </span>
    </p>
   </div>
   <div class='ocr_carea' id='block_1_15' title="bbox 996 1475 2582 1554">
    <p class='ocr_par' dir='ltr' id='par_1_15' title="bbox 996 1475 2582 1554">
     <span class='ocr_line' id='line_1_15' title="bbox 996 1475 2582 1554; baseline -0.008 -12"><span class='ocrx_word' id='word_1_101' title='bbox 996 1495 1343 1554; x_wconf 69' lang='lat' dir='ltr'><strong>mortem¢jue</strong></span> <span class='ocrx_word' id='word_1_102' title='bbox 1395 1482 1731 1553; x_wconf 79' lang='lat' dir='ltr'><strong>deglutiens,</strong></span> <span class='ocrx_word' id='word_1_103' title='bbox 1764 1479 2009 1535; x_wconf 89' lang='lat' dir='ltr'><strong>ascendit</strong></span> <span class='ocrx_word' id='word_1_104' title='bbox 2068 1478 2121 1533; x_wconf 93' lang='lat' dir='ltr'><strong>in</strong></span> <span class='ocrx_word' id='word_1_105' title='bbox 2162 1478 2347 1539; x_wconf 89' lang='lat' dir='ltr'><strong>altum,</strong></span> <span class='ocrx_word' id='word_1_106' title='bbox 2406 1475 2582 1545; x_wconf 89' lang='lat' dir='ltr'><strong>capti-</strong></span> 
     </span>
    </p>
   </div>
   <div class='ocr_carea' id='block_1_16' title="bbox 996 1567 2583 1643">
    <p class='ocr_par' dir='ltr' id='par_1_16' title="bbox 996 1567 2583 1643">
     <span class='ocr_line' id='line_1_16' title="bbox 996 1567 2583 1643; baseline -0.008 -10"><span class='ocrx_word' id='word_1_107' title='bbox 996 1592 1123 1633; x_wconf 85' lang='lat' dir='ltr'><strong>vam</strong></span> <span class='ocrx_word' id='word_1_108' title='bbox 1178 1576 1331 1631; x_wconf 77' lang='lat' dir='ltr'><strong>duxit</strong></span> <span class='ocrx_word' id='word_1_109' title='bbox 1395 1573 1807 1643; x_wconf 79' lang='lat' dir='ltr'><strong>captivitatem,</strong></span> <span class='ocrx_word' id='word_1_110' title='bbox 1870 1570 2021 1625; x_wconf 86' lang='lat' dir='ltr'><strong>dedit</strong></span> <span class='ocrx_word' id='word_1_111' title='bbox 2070 1570 2208 1625; x_wconf 89' lang='lat' dir='ltr'><strong>dona</strong></span> <span class='ocrx_word' id='word_1_112' title='bbox 2273 1567 2583 1624; x_wconf 89' lang='lat' dir='ltr'><strong>hominibus</strong></span> 
     </span>
    </p>
   </div>
   <div class='ocr_carea' id='block_1_17' title="bbox 994 1660 1727 1738">
    <p class='ocr_par' dir='ltr' id='par_1_17' title="bbox 994 1660 1727 1738">
     <span class='ocr_line' id='line_1_17' title="bbox 994 1660 1727 1738; baseline -0.008 -17"><span class='ocrx_word' id='word_1_113' title='bbox 994 1664 1176 1738; x_wconf 72' lang='lat' dir='ltr'><strong>(Psal.</strong></span> <span class='ocrx_word' id='word_1_114' title='bbox 1206 1681 1386 1731; x_wconf 78' lang='lat' dir='ltr'><strong>um;</strong></span> <span class='ocrx_word' id='word_1_115' title='bbox 1409 1662 1603 1734; x_wconf 79' lang='lat' dir='ltr'><strong>Epltes.</strong></span> <span class='ocrx_word' id='word_1_116' title='bbox 1630 1660 1727 1731; x_wconf 82' lang='lat' dir='ltr'><strong>tv).</strong></span> 
     </span>
    </p>
   </div>
   <div class='ocr_carea' id='block_1_18' title="bbox 1606 1751 1965 1809">
    <p class='ocr_par' dir='ltr' id='par_1_18' title="bbox 1606 1751 1965 1809">
     <span class='ocr_line' id='line_1_18' title="bbox 1606 1751 1965 1809; baseline -0.006 -1"><span class='ocrx_word' id='word_1_117' title='bbox 1606 1752 1835 1809; x_wconf 86' lang='lat' dir='ltr'><strong>CAPUT</strong></span> <span class='ocrx_word' id='word_1_118' title='bbox 1874 1751 1965 1807; x_wconf 79' lang='lat' dir='ltr'><strong>XI.</strong></span> 
     </span>
    </p>
   </div>
   <div class='ocr_carea' id='block_1_19' title="bbox 1631 1844 2175 1913">
    <p class='ocr_par' dir='ltr' id='par_1_19' title="bbox 1631 1844 2175 1913">
     <span class='ocr_line' id='line_1_19' title="bbox 1631 1844 2175 1913; baseline -0.009 -15"><span class='ocrx_word' id='word_1_119' title='bbox 1631 1844 1711 1898; x_wconf 80' lang='lat' dir='ltr'><strong>De</strong></span> <span class='ocrx_word' id='word_1_120' title='bbox 1732 1846 1980 1913; x_wconf 70' lang='lat' dir='ltr'><strong>phoenice.</strong></span> <span class='ocrx_word' id='word_1_121' title='bbox 2172 1898 2175 1901; x_wconf 47' lang='grc'>,</span> 
     </span>
    </p>
   </div>
   <div class='ocr_carea' id='block_1_20' title="bbox 1071 1931 2586 2008">
    <p class='ocr_par' dir='ltr' id='par_1_20' title="bbox 1071 1931 2586 2008">
     <span class='ocr_line' id='line_1_20' title="bbox 1071 1931 2586 2008; baseline -0.007 -13"><span class='ocrx_word' id='word_1_122' title='bbox 1071 1939 1179 1995; x_wconf 88' lang='lat' dir='ltr'><strong>Sed</strong></span> <span class='ocrx_word' id='word_1_123' title='bbox 1217 1948 1271 1994; x_wconf 89' lang='lat' dir='ltr'><strong>et</strong></span> <span class='ocrx_word' id='word_1_124' title='bbox 1297 1937 1517 2008; x_wconf 71' lang='lat' dir='ltr'><strong>phoenix</strong></span> <span class='ocrx_word' id='word_1_125' title='bbox 1543 1976 1556 2000; x_wconf 96' lang='lat'><strong>,</strong></span> <span class='ocrx_word' id='word_1_126' title='bbox 1608 1934 1829 1990; x_wconf 86' lang='lat' dir='ltr'><strong>volatile</strong></span> <span class='ocrx_word' id='word_1_127' title='bbox 1857 1932 2085 1998; x_wconf 87' lang='lat' dir='ltr'><strong>scilicet,</strong></span> <span class='ocrx_word' id='word_1_128' title='bbox 2134 1932 2279 2002; x_wconf 91' lang='lat' dir='ltr'><strong>quod</strong></span> <span class='ocrx_word' id='word_1_129' title='bbox 2317 1932 2369 1986; x_wconf 92' lang='lat' dir='ltr'><strong>in</strong></span> <span class='ocrx_word' id='word_1_130' title='bbox 2424 1931 2586 1986; x_wconf 78' lang='lat' dir='ltr'><strong>lndiae</strong></span> 
     </span>
    </p>
   </div>
   <div class='ocr_carea' id='block_1_21' title="bbox 997 2023 2585 2098">
    <p class='ocr_par' dir='ltr' id='par_1_21' title="bbox 997 2023 2585 2098">
     <span class='ocr_line' id='line_1_21' title="bbox 997 2023 2585 2098; baseline -0.008 -11"><span class='ocrx_word' id='word_1_131' title='bbox 997 2032 1085 2087; x_wconf 77' lang='lat' dir='ltr'><strong>vel</strong></span> <span class='ocrx_word' id='word_1_132' title='bbox 1110 2030 1323 2086; x_wconf 73' lang='lat' dir='ltr'><strong>Arabia:</strong></span> <span class='ocrx_word' id='word_1_133' title='bbox 1350 2029 1597 2098; x_wconf 87' lang='lat' dir='ltr'><strong>partibus</strong></span> <span class='ocrx_word' id='word_1_134' title='bbox 1623 2027 1852 2090; x_wconf 83' lang='lat' dir='ltr'><strong>habitat,</strong></span> <span class='ocrx_word' id='word_1_135' title='bbox 1878 2024 2128 2079; x_wconf 88' lang='lat' dir='ltr'><strong>eumdem</strong></span> <span class='ocrx_word' id='word_1_136' title='bbox 2168 2023 2585 2091; x_wconf 80' lang='lat' dir='ltr'><strong>Redemptorem</strong></span> 
     </span>
    </p>
   </div>
   <div class='ocr_carea' id='block_1_22' title="bbox 998 2115 2580 2183">
    <p class='ocr_par' dir='ltr' id='par_1_22' title="bbox 998 2115 2580 2183">
     <span class='ocr_line' id='line_1_22' title="bbox 998 2115 2580 2183; baseline -0.004 -7"><span class='ocrx_word' id='word_1_137' title='bbox 998 2130 1247 2176; x_wconf 86' lang='lat' dir='ltr'><strong>nostrum</strong></span> <span class='ocrx_word' id='word_1_138' title='bbox 1278 2152 1279 2155; x_wconf 60' lang='grc' dir='ltr'><strong>η</strong></span> <span class='ocrx_word' id='word_1_139' title='bbox 1309 2128 1483 2172; x_wconf 88' lang='lat' dir='ltr'><strong>morte</strong></span> <span class='ocrx_word' id='word_1_140' title='bbox 1538 2118 1699 2171; x_wconf 89' lang='lat' dir='ltr'><strong>simul</strong></span> <span class='ocrx_word' id='word_1_141' title='bbox 1748 2132 1813 2169; x_wconf 90' lang='lat' dir='ltr'><strong>ac</strong></span> <span class='ocrx_word' id='word_1_142' title='bbox 1869 2115 2267 2171; x_wconf 87' lang='lat' dir='ltr'><strong>resurrectione</strong></span> <span class='ocrx_word' id='word_1_143' title='bbox 2316 2115 2580 2183; x_wconf 82' lang='lat' dir='ltr'><strong>designat.</strong></span> 
     </span>
    </p>
   </div>
   <div class='ocr_carea' id='block_1_23' title="bbox 996 2206 2583 2282">
    <p class='ocr_par' dir='ltr' id='par_1_23' title="bbox 996 2206 2583 2282">
     <span class='ocr_line' id='line_1_23' title="bbox 996 2206 2583 2282; baseline -0.006 -15"><span class='ocrx_word' id='word_1_144' title='bbox 996 2212 1119 2282; x_wconf 85' lang='lat' dir='ltr'><strong>ipse</strong></span> <span class='ocrx_word' id='word_1_145' title='bbox 1148 2212 1290 2266; x_wconf 86' lang='lat' dir='ltr'><strong>enim</strong></span> <span class='ocrx_word' id='word_1_146' title='bbox 1328 2211 1456 2265; x_wconf 85' lang='lat' dir='ltr'><strong>dicit</strong></span> <span class='ocrx_word' id='word_1_147' title='bbox 1487 2227 1499 2261; x_wconf 90' lang='lat'><strong>:</strong></span> <span class='ocrx_word' id='word_1_148' title='bbox 1534 2226 1551 2258; x_wconf 77' lang='grc' dir='ltr'><strong>ι</strong></span> <span class='ocrx_word' id='word_1_149' title='bbox 1586 2207 1916 2263; x_wconf 74' lang='lat' dir='ltr'><strong>Po&#39;testatem</strong></span> <span class='ocrx_word' id='word_1_150' title='bbox 1958 2208 2132 2262; x_wconf 83' lang='lat' dir='ltr'><strong>habeo</strong></span> <span class='ocrx_word' id='word_1_151' title='bbox 2181 2207 2413 2281; x_wconf 86' lang='lat' dir='ltr'><strong>ponendi</strong></span> <span class='ocrx_word' id='word_1_152' title='bbox 2462 2206 2583 2261; x_wconf 86' lang='lat' dir='ltr'><strong>ani-</strong></span> 
     </span>
    </p>
   </div>
   <div class='ocr_carea' id='block_1_24' title="bbox 998 2298 2583 2368">
    <p class='ocr_par' dir='ltr' id='par_1_24' title="bbox 998 2298 2583 2368">
     <span class='ocr_line' id='line_1_24' title="bbox 998 2298 2583 2368; baseline -0.004 -11"><span class='ocrx_word' id='word_1_153' title='bbox 998 2318 1147 2357; x_wconf 84' lang='lat' dir='ltr'><strong>mam</strong></span> <span class='ocrx_word' id='word_1_154' title='bbox 1174 2317 1373 2365; x_wconf 82' lang='lat' dir='ltr'><strong>meam,</strong></span> <span class='ocrx_word' id='word_1_155' title='bbox 1410 2310 1461 2353; x_wconf 87' lang='lat' dir='ltr'><strong>et</strong></span> <span class='ocrx_word' id='word_1_156' title='bbox 1505 2308 1826 2368; x_wconf 83' lang='lat' dir='ltr'><strong>potestatem</strong></span> <span class='ocrx_word' id='word_1_157' title='bbox 1880 2298 2051 2353; x_wconf 84' lang='lat' dir='ltr'><strong>habeo</strong></span> <span class='ocrx_word' id='word_1_158' title='bbox 2099 2300 2297 2354; x_wconf 86' lang='lat' dir='ltr'><strong>iterum</strong></span> <span class='ocrx_word' id='word_1_159' title='bbox 2336 2299 2583 2353; x_wconf 79' lang='lat' dir='ltr'><strong>sumendi</strong></span> 
     </span>
    </p>
   </div>
   <div class='ocr_carea' id='block_1_25' title="bbox 995 2391 2587 2462">
    <p class='ocr_par' dir='ltr' id='par_1_25' title="bbox 995 2391 2587 2462">
     <span class='ocr_line' id='line_1_25' title="bbox 995 2391 2587 2462; baseline -0.001 -15"><span class='ocrx_word' id='word_1_160' title='bbox 995 2407 1123 2449; x_wconf 88' lang='lat' dir='ltr'><strong>eam</strong></span> <span class='ocrx_word' id='word_1_161' title='bbox 1165 2394 1344 2461; x_wconf 83' lang='lat' dir='ltr'><strong>(Joan.</strong></span> <span class='ocrx_word' id='word_1_162' title='bbox 1389 2392 1464 2462; x_wconf 68' lang='grc' dir='ltr'><strong>ι).</strong></span> <span class='ocrx_word' id='word_1_163' title='bbox 1517 2413 1533 2443; x_wconf 86' lang='grc' dir='ltr'><strong>ι</strong></span> <span class='ocrx_word' id='word_1_164' title='bbox 1582 2391 1707 2447; x_wconf 81' lang='lat' dir='ltr'><strong>Haec</strong></span> <span class='ocrx_word' id='word_1_165' title='bbox 1734 2393 1899 2462; x_wconf 83' lang='lat' dir='ltr'><strong>igitur</strong></span> <span class='ocrx_word' id='word_1_166' title='bbox 1928 2391 2045 2445; x_wconf 82' lang='lat' dir='ltr'><strong>avis</strong></span> <span class='ocrx_word' id='word_1_167' title='bbox 2073 2406 2194 2444; x_wconf 78' lang='lat' dir='ltr'><strong>mox</strong></span> <span class='ocrx_word' id='word_1_168' title='bbox 2226 2403 2285 2444; x_wconf 89' lang='lat' dir='ltr'><strong>ut</strong></span> <span class='ocrx_word' id='word_1_169' title='bbox 2328 2393 2587 2461; x_wconf 84' lang='lat' dir='ltr'><strong>quingen-</strong></span> 
     </span>
    </p>
   </div>
   <div class='ocr_carea' id='block_1_26' title="bbox 995 2481 2586 2554">
    <p class='ocr_par' dir='ltr' id='par_1_26' title="bbox 995 2481 2586 2554">
     <span class='ocr_line' id='line_1_26' title="bbox 995 2481 2586 2554; baseline -0.002 -13"><span class='ocrx_word' id='word_1_170' title='bbox 995 2492 1085 2541; x_wconf 89' lang='lat' dir='ltr'><strong>tos</strong></span> <span class='ocrx_word' id='word_1_171' title='bbox 1122 2484 1244 2538; x_wconf 78' lang='lat' dir='ltr'><strong>vitae</strong></span> <span class='ocrx_word' id='word_1_172' title='bbox 1265 2499 1376 2539; x_wconf 86' lang='lat' dir='ltr'><strong>suae</strong></span> <span class='ocrx_word' id='word_1_173' title='bbox 1401 2499 1572 2539; x_wconf 87' lang='lat' dir='ltr'><strong>annos</strong></span> <span class='ocrx_word' id='word_1_174' title='bbox 1601 2484 1924 2553; x_wconf 81' lang='lat' dir='ltr'><strong>impleverit,</strong></span> <span class='ocrx_word' id='word_1_175' title='bbox 1957 2483 2103 2554; x_wconf 85' lang='lat' dir='ltr'><strong>ligna</strong></span> <span class='ocrx_word' id='word_1_176' title='bbox 2140 2481 2331 2541; x_wconf 81' lang='lat' dir='ltr'><strong>Libani</strong></span> <span class='ocrx_word' id='word_1_177' title='bbox 2381 2485 2586 2539; x_wconf 85' lang='lat' dir='ltr'><strong>montis</strong></span> 
     </span>
    </p>
   </div>
   <div class='ocr_carea' id='block_1_27' title="bbox 996 2568 2584 2644">
    <p class='ocr_par' dir='ltr' id='par_1_27' title="bbox 996 2568 2584 2644">
     <span class='ocr_line' id='line_1_27' title="bbox 996 2568 2584 2644; baseline -0.001 -15"><span class='ocrx_word' id='word_1_178' title='bbox 996 2568 1324 2644; x_wconf 88' lang='lat' dir='ltr'><strong>ingreditur,</strong></span> <span class='ocrx_word' id='word_1_179' title='bbox 1354 2582 1408 2627; x_wconf 90' lang='lat' dir='ltr'><strong>et</strong></span> <span class='ocrx_word' id='word_1_180' title='bbox 1436 2588 1533 2643; x_wconf 90' lang='lat' dir='ltr'><strong>per</strong></span> <span class='ocrx_word' id='word_1_181' title='bbox 1561 2574 1677 2628; x_wconf 90' lang='lat' dir='ltr'><strong>alas</strong></span> <span class='ocrx_word' id='word_1_182' title='bbox 1711 2583 1970 2642; x_wconf 90' lang='lat' dir='ltr'><strong>utrasque</strong></span> <span class='ocrx_word' id='word_1_183' title='bbox 2018 2574 2248 2628; x_wconf 86' lang='lat' dir='ltr'><strong>diversis</strong></span> <span class='ocrx_word' id='word_1_184' title='bbox 2278 2582 2584 2629; x_wconf 75' lang='lat' dir='ltr'><strong>aromatum</strong></span> 
     </span>
    </p>
   </div>
   <div class='ocr_carea' id='block_1_28' title="bbox 994 2662 2587 2731">
    <p class='ocr_par' dir='ltr' id='par_1_28' title="bbox 994 2662 2587 2731">
     <span class='ocr_line' id='line_1_28' title="bbox 994 2662 2587 2731; baseline 0.001 -13"><span class='ocrx_word' id='word_1_185' title='bbox 994 2662 1257 2718; x_wconf 87' lang='lat' dir='ltr'><strong>odoribus</strong></span> <span class='ocrx_word' id='word_1_186' title='bbox 1308 2672 1589 2718; x_wconf 90' lang='lat' dir='ltr'><strong>oneratur.</strong></span> <span class='ocrx_word' id='word_1_187' title='bbox 1644 2662 1759 2718; x_wconf 85' lang='lat' dir='ltr'><strong>lioc</strong></span> <span class='ocrx_word' id='word_1_188' title='bbox 1799 2664 1983 2731; x_wconf 87' lang='lat' dir='ltr'><strong>itaque</strong></span> <span class='ocrx_word' id='word_1_189' title='bbox 2040 2662 2299 2717; x_wconf 88' lang='lat' dir='ltr'><strong>sacerdos</strong></span> <span class='ocrx_word' id='word_1_190' title='bbox 2347 2663 2587 2719; x_wconf 78' lang='lat' dir='ltr'><strong>civitatis</strong></span> 
     </span>
    </p>
   </div>
   <div class='ocr_carea' id='block_1_29' title="bbox 995 2752 2587 2825">
    <p class='ocr_par' dir='ltr' id='par_1_29' title="bbox 995 2752 2587 2825">
     <span class='ocr_line' id='line_1_29' title="bbox 995 2752 2587 2825; baseline -0.002 -14"><span class='ocrx_word' id='word_1_191' title='bbox 995 2752 1340 2824; x_wconf 78' lang='lat' dir='ltr'><strong>Heliopnleos</strong></span> <span class='ocrx_word' id='word_1_192' title='bbox 1378 2755 1704 2825; x_wconf 87' lang='lat' dir='ltr'><strong>quibusdam</strong></span> <span class='ocrx_word' id='word_1_193' title='bbox 1752 2753 2203 2824; x_wconf 81' lang='lat' dir='ltr'><strong>signiﬁcationum</strong></span> <span class='ocrx_word' id='word_1_194' title='bbox 2242 2754 2457 2809; x_wconf 74' lang='lat' dir='ltr'><strong>indiciis</strong></span> <span class='ocrx_word' id='word_1_195' title='bbox 2493 2755 2587 2808; x_wconf 88' lang='lat' dir='ltr'><strong>de-</strong></span> 
     </span>
    </p>
   </div>
   <div class='ocr_carea' id='block_1_30' title="bbox 994 2844 2588 2917">
    <p class='ocr_par' dir='ltr' id='par_1_30' title="bbox 994 2844 2588 2917">
     <span class='ocr_line' id='line_1_30' title="bbox 994 2844 2588 2917; baseline -0.001 -19"><span class='ocrx_word' id='word_1_196' title='bbox 994 2844 1308 2917; x_wconf 84' lang='lat' dir='ltr'><strong>prehendit,</strong></span> <span class='ocrx_word' id='word_1_197' title='bbox 1339 2853 1393 2897; x_wconf 92' lang='lat' dir='ltr'><strong>et</strong></span> <span class='ocrx_word' id='word_1_198' title='bbox 1435 2860 1561 2898; x_wconf 81' lang='lat' dir='ltr'><strong>mox</strong></span> <span class='ocrx_word' id='word_1_199' title='bbox 1604 2844 1939 2899; x_wconf 86' lang='lat' dir='ltr'><strong>coacervatis</strong></span> <span class='ocrx_word' id='word_1_200' title='bbox 1980 2844 2270 2898; x_wconf 88' lang='lat' dir='ltr'><strong>sarmentis</strong></span> <span class='ocrx_word' id='word_1_201' title='bbox 2298 2851 2462 2914; x_wconf 57' lang='lat' dir='ltr'><strong>atque</strong></span> <span class='ocrx_word' id='word_1_202' title='bbox 2498 2860 2588 2897; x_wconf 83' lang='lat' dir='ltr'><strong>ra-</strong></span> 
     </span>
    </p>
   </div>
   <div class='ocr_carea' id='block_1_31' title="bbox 996 2933 2588 3004">
    <p class='ocr_par' dir='ltr' id='par_1_31' title="bbox 996 2933 2588 3004">
     <span class='ocr_line' id='line_1_31' title="bbox 996 2933 2588 3004; baseline -0.002 -13"><span class='ocrx_word' id='word_1_203' title='bbox 996 2934 1262 2991; x_wconf 88' lang='lat' dir='ltr'><strong>musculis</strong></span> <span class='ocrx_word' id='word_1_204' title='bbox 1298 2934 1605 3004; x_wconf 88' lang='lat' dir='ltr'><strong>congeriem</strong></span> <span class='ocrx_word' id='word_1_205' title='bbox 1654 2935 1851 2998; x_wconf 90' lang='lat' dir='ltr'><strong>struit;</strong></span> <span class='ocrx_word' id='word_1_206' title='bbox 1901 2946 2065 3001; x_wconf 88' lang='lat' dir='ltr'><strong>super</strong></span> <span class='ocrx_word' id='word_1_207' title='bbox 2114 2946 2282 3001; x_wconf 89' lang='lat' dir='ltr'><strong>quam</strong></span> <span class='ocrx_word' id='word_1_208' title='bbox 2336 2933 2588 2990; x_wconf 75' lang='lat' dir='ltr'><strong>videlicet</strong></span> 
     </span>
    </p>
   </div>
   <div class='ocr_carea' id='block_1_32' title="bbox 996 3023 2588 3095">
    <p class='ocr_par' dir='ltr' id='par_1_32' title="bbox 996 3023 2588 3095">
     <span class='ocr_line' id='line_1_32' title="bbox 996 3023 2588 3095; baseline -0.001 -14"><span class='ocrx_word' id='word_1_209' title='bbox 996 3034 1204 3081; x_wconf 85' lang='lat' dir='ltr'><strong>struem</strong></span> <span class='ocrx_word' id='word_1_210' title='bbox 1242 3024 1465 3095; x_wconf 74' lang='lat' dir='ltr'><strong>phmnix</strong></span> <span class='ocrx_word' id='word_1_211' title='bbox 1492 3026 1825 3080; x_wconf 88' lang='lat' dir='ltr'><strong>aromatibus</strong></span> <span class='ocrx_word' id='word_1_212' title='bbox 1858 3033 2051 3078; x_wconf 90' lang='lat' dir='ltr'><strong>onusta</strong></span> <span class='ocrx_word' id='word_1_213' title='bbox 2106 3023 2408 3089; x_wconf 76' lang='lat' dir='ltr'><strong>descendit,</strong></span> <span class='ocrx_word' id='word_1_214' title='bbox 2439 3040 2588 3079; x_wconf 87' lang='lat' dir='ltr'><strong>sese-</strong></span> 
     </span>
    </p>
   </div>
   <div class='ocr_carea' id='block_1_33' title="bbox 995 3112 2584 3184">
    <p class='ocr_par' dir='ltr' id='par_1_33' title="bbox 995 3112 2584 3184">
     <span class='ocr_line' id='line_1_33' title="bbox 995 3112 2584 3184; baseline 0.001 -17"><span class='ocrx_word' id='word_1_215' title='bbox 995 3128 1107 3184; x_wconf 89' lang='lat' dir='ltr'><strong>que</strong></span> <span class='ocrx_word' id='word_1_216' title='bbox 1155 3114 1430 3182; x_wconf 87' lang='lat' dir='ltr'><strong>supposito</strong></span> <span class='ocrx_word' id='word_1_217' title='bbox 1486 3122 1887 3176; x_wconf 81' lang='lat' dir='ltr'><strong>sarmentorum</strong></span> <span class='ocrx_word' id='word_1_218' title='bbox 1933 3112 2059 3182; x_wconf 89' lang='lat' dir='ltr'><strong>igne</strong></span> <span class='ocrx_word' id='word_1_219' title='bbox 2116 3112 2405 3167; x_wconf 86' lang='lat' dir='ltr'><strong>comburit.</strong></span> <span class='ocrx_word' id='word_1_220' title='bbox 2464 3114 2584 3169; x_wconf 76' lang='lat' dir='ltr'><strong>Alia</strong></span> 
     </span>
    </p>
   </div>
   <div class='ocr_carea' id='block_1_34' title="bbox 995 3180 2659 3275">
    <p class='ocr_par' dir='ltr' id='par_1_34' title="bbox 995 3180 2659 3275">
     <span class='ocr_line' id='line_1_34' title="bbox 995 3180 2659 3275; baseline 0.003 -20"><span class='ocrx_word' id='word_1_221' title='bbox 995 3180 1131 3257; x_wconf 62' lang='lat' dir='ltr'><strong>vero</strong></span> <span class='ocrx_word' id='word_1_222' title='bbox 1158 3203 1245 3258; x_wconf 89' lang='lat' dir='ltr'><strong>die</strong></span> <span class='ocrx_word' id='word_1_223' title='bbox 1270 3203 1529 3257; x_wconf 85' lang='lat' dir='ltr'><strong>sacerdos</strong></span> <span class='ocrx_word' id='word_1_224' title='bbox 1562 3202 1768 3257; x_wconf 85' lang='lat' dir='ltr'><strong>accedit</strong></span> <span class='ocrx_word' id='word_1_225' title='bbox 1832 3202 1975 3271; x_wconf 86' lang='lat' dir='ltr'><strong>ligna</strong></span> <span class='ocrx_word' id='word_1_226' title='bbox 2032 3216 2154 3275; x_wconf 72' lang='lat' dir='ltr'><strong>qua:</strong></span> <span class='ocrx_word' id='word_1_227' title='bbox 2205 3216 2587 3273; x_wconf 82' lang='lat' dir='ltr'><strong>composuerat</strong></span> <span class='ocrx_word' id='word_1_228' title='bbox 2614 3180 2659 3240; x_wconf 62' lang='grc' dir='ltr'>ρ</span> 
     </span>
    </p>
   </div>
   <div class='ocr_carea' id='block_1_35' title="bbox 998 3291 2588 3361">
    <p class='ocr_par' dir='ltr' id='par_1_35' title="bbox 998 3291 2588 3361">
     <span class='ocr_line' id='line_1_35' title="bbox 998 3291 2588 3361; baseline -0.001 -12"><span class='ocrx_word' id='word_1_229' title='bbox 998 3299 1193 3349; x_wconf 78' lang='lat' dir='ltr'><strong>exusta</strong></span> <span class='ocrx_word' id='word_1_230' title='bbox 1224 3292 1421 3359; x_wconf 84' lang='lat' dir='ltr'><strong>reperit</strong></span> <span class='ocrx_word' id='word_1_231' title='bbox 1452 3308 1463 3344; x_wconf 95' lang='lat'><strong>:</strong></span> <span class='ocrx_word' id='word_1_232' title='bbox 1488 3306 1719 3359; x_wconf 90' lang='lat' dir='ltr'><strong>quorum</strong></span> <span class='ocrx_word' id='word_1_233' title='bbox 1745 3292 1958 3346; x_wconf 89' lang='lat' dir='ltr'><strong>cineres</strong></span> <span class='ocrx_word' id='word_1_234' title='bbox 1980 3291 2195 3345; x_wconf 75' lang='lat' dir='ltr'><strong>curiose</strong></span> <span class='ocrx_word' id='word_1_235' title='bbox 2217 3302 2588 3361; x_wconf 81' lang='lat' dir='ltr'><strong>perscrutans,</strong></span> 
     </span>
    </p>
   </div>
   <div class='ocr_carea' id='block_1_36' title="bbox 998 3379 2589 3451">
    <p class='ocr_par' dir='ltr' id='par_1_36' title="bbox 998 3379 2589 3451">
     <span class='ocr_line' id='line_1_36' title="bbox 998 3379 2589 3451; baseline 0.003 -16"><span class='ocrx_word' id='word_1_236' title='bbox 998 3379 1209 3435; x_wconf 85' lang='lat' dir='ltr'><strong>invenit</strong></span> <span class='ocrx_word' id='word_1_237' title='bbox 1261 3380 1617 3435; x_wconf 89' lang='lat' dir='ltr'><strong>vermiculum</strong></span> <span class='ocrx_word' id='word_1_238' title='bbox 1668 3380 1825 3435; x_wconf 80' lang='lat' dir='ltr'><strong>valde</strong></span> <span class='ocrx_word' id='word_1_239' title='bbox 1869 3390 2223 3451; x_wconf 87' lang='lat' dir='ltr'><strong>pertenuem,</strong></span> <span class='ocrx_word' id='word_1_240' title='bbox 2258 3384 2352 3438; x_wconf 84' lang='lat' dir='ltr'><strong>sed</strong></span> <span class='ocrx_word' id='word_1_241' title='bbox 2405 3386 2589 3440; x_wconf 74' lang='lat' dir='ltr'><strong>eximii</strong></span> 
     </span>
    </p>
   </div>
   <div class='ocr_carea' id='block_1_37' title="bbox 995 3468 2582 3540">
    <p class='ocr_par' dir='ltr' id='par_1_37' title="bbox 995 3468 2582 3540">
     <span class='ocr_line' id='line_1_37' title="bbox 995 3468 2582 3540; baseline 0.002 -14"><span class='ocrx_word' id='word_1_242' title='bbox 995 3468 1185 3526; x_wconf 83' lang='lat' dir='ltr'><strong>odor-is</strong></span> <span class='ocrx_word' id='word_1_243' title='bbox 1213 3470 1478 3523; x_wconf 88' lang='lat' dir='ltr'><strong>suavitate</strong></span> <span class='ocrx_word' id='word_1_244' title='bbox 1506 3468 1824 3540; x_wconf 84' lang='lat' dir='ltr'><strong>ﬂagrantem</strong></span> <span class='ocrx_word' id='word_1_245' title='bbox 1858 3488 1871 3525; x_wconf 90' lang='lat'><strong>:</strong></span> <span class='ocrx_word' id='word_1_246' title='bbox 1912 3472 2152 3526; x_wconf 91' lang='lat' dir='ltr'><strong>secundo</strong></span> <span class='ocrx_word' id='word_1_247' title='bbox 2210 3474 2298 3527; x_wconf 90' lang='lat' dir='ltr'><strong>die</strong></span> <span class='ocrx_word' id='word_1_248' title='bbox 2344 3473 2582 3539; x_wconf 90' lang='lat' dir='ltr'><strong>rediens,</strong></span> 
     </span>
    </p>
   </div>
   <div class='ocr_carea' id='block_1_38' title="bbox 996 3560 2592 3633">
    <p class='ocr_par' dir='ltr' id='par_1_38' title="bbox 996 3560 2592 3633">
     <span class='ocr_line' id='line_1_38' title="bbox 996 3560 2592 3633; baseline 0.003 -18"><span class='ocrx_word' id='word_1_249' title='bbox 996 3561 1204 3630; x_wconf 89' lang='lat' dir='ltr'><strong>reperit</strong></span> <span class='ocrx_word' id='word_1_250' title='bbox 1232 3576 1354 3615; x_wconf 87' lang='lat' dir='ltr'><strong>eum</strong></span> <span class='ocrx_word' id='word_1_251' title='bbox 1387 3560 1661 3623; x_wconf 82' lang='lat' dir='ltr'><strong>aviculam</strong></span> <span class='ocrx_word' id='word_1_252' title='bbox 1682 3578 1776 3631; x_wconf 91' lang='lat' dir='ltr'><strong>per</strong></span> <span class='ocrx_word' id='word_1_253' title='bbox 1813 3562 2024 3633; x_wconf 89' lang='lat' dir='ltr'><strong>plumas</strong></span> <span class='ocrx_word' id='word_1_254' title='bbox 2074 3574 2130 3617; x_wconf 86' lang='lat' dir='ltr'><strong>et</strong></span> <span class='ocrx_word' id='word_1_255' title='bbox 2171 3564 2387 3619; x_wconf 89' lang='lat' dir='ltr'><strong>alarum</strong></span> <span class='ocrx_word' id='word_1_256' title='bbox 2427 3567 2592 3620; x_wconf 88' lang='lat' dir='ltr'><strong>remi-</strong></span> 
     </span>
    </p>
   </div>
   <div class='ocr_carea' id='block_1_39' title="bbox 992 3649 2589 3721">
    <p class='ocr_par' dir='ltr' id='par_1_39' title="bbox 992 3649 2589 3721">
     <span class='ocr_line' id='line_1_39' title="bbox 992 3649 2589 3721; baseline 0.005 -19"><span class='ocrx_word' id='word_1_257' title='bbox 992 3650 1087 3720; x_wconf 81' lang='lat' dir='ltr'><strong>gia</strong></span> <span class='ocrx_word' id='word_1_258' title='bbox 1116 3649 1439 3721; x_wconf 76' lang='lat' dir='ltr'><strong>figurantem</strong></span> <span class='ocrx_word' id='word_1_259' title='bbox 1476 3668 1490 3703; x_wconf 90' lang='lat'><strong>:</strong></span> <span class='ocrx_word' id='word_1_260' title='bbox 1531 3652 1693 3706; x_wconf 87' lang='lat' dir='ltr'><strong>tertio</strong></span> <span class='ocrx_word' id='word_1_261' title='bbox 1720 3652 1938 3706; x_wconf 88' lang='lat' dir='ltr'><strong>demum</strong></span> <span class='ocrx_word' id='word_1_262' title='bbox 1983 3652 2070 3708; x_wconf 91' lang='lat' dir='ltr'><strong>die</strong></span> <span class='ocrx_word' id='word_1_263' title='bbox 2113 3654 2371 3709; x_wconf 77' lang='lat' dir='ltr'><strong>sacerdos</strong></span> <span class='ocrx_word' id='word_1_264' title='bbox 2425 3657 2589 3710; x_wconf 87' lang='lat' dir='ltr'><strong>adve—</strong></span> 
     </span>
    </p>
   </div>
   <div class='ocr_carea' id='block_1_40' title="bbox 992 3726 2592 3817">
    <p class='ocr_par' dir='ltr' id='par_1_40' title="bbox 992 3726 2592 3817">
     <span class='ocr_line' id='line_1_40' title="bbox 992 3726 2592 3817; baseline 0.005 -23"><span class='ocrx_word' id='word_1_265' title='bbox 992 3739 1175 3805; x_wconf 83' lang='lat' dir='ltr'><strong>niens,</strong></span> <span class='ocrx_word' id='word_1_266' title='bbox 1204 3741 1350 3795; x_wconf 84' lang='lat' dir='ltr'><strong>videt</strong></span> <span class='ocrx_word' id='word_1_267' title='bbox 1382 3739 1679 3809; x_wconf 80' lang='lat' dir='ltr'><strong>perfectam</strong></span> <span class='ocrx_word' id='word_1_268' title='bbox 1730 3752 1785 3796; x_wconf 92' lang='lat' dir='ltr'><strong>et</strong></span> <span class='ocrx_word' id='word_1_269' title='bbox 1806 3744 1998 3813; x_wconf 88' lang='lat' dir='ltr'><strong>integri</strong></span> <span class='ocrx_word' id='word_1_270' title='bbox 2027 3726 2200 3798; x_wconf 79' lang='lat' dir='ltr'><strong>status</strong></span> <span class='ocrx_word' id='word_1_271' title='bbox 2237 3756 2419 3802; x_wconf 86' lang='lat' dir='ltr'><strong>astare</strong></span> <span class='ocrx_word' id='word_1_272' title='bbox 2441 3748 2592 3817; x_wconf 64' lang='lat' dir='ltr'><strong>phre-</strong></span> 
     </span>
    </p>
   </div>
   <div class='ocr_carea' id='block_1_41' title="bbox 995 3829 2585 3900">
    <p class='ocr_par' dir='ltr' id='par_1_41' title="bbox 995 3829 2585 3900">
     <span class='ocr_line' id='line_1_41' title="bbox 995 3829 2585 3900; baseline 0.005 -17"><span class='ocrx_word' id='word_1_273' title='bbox 995 3829 1196 3883; x_wconf 84' lang='lat' dir='ltr'><strong>nicem.</strong></span> <span class='ocrx_word' id='word_1_274' title='bbox 1229 3829 1460 3885; x_wconf 74' lang='lat' dir='ltr'><strong>Phtenix</strong></span> <span class='ocrx_word' id='word_1_275' title='bbox 1494 3831 1681 3900; x_wconf 86' lang='lat' dir='ltr'><strong>itaque</strong></span> <span class='ocrx_word' id='word_1_276' title='bbox 1715 3832 1831 3887; x_wconf 86' lang='lat' dir='ltr'><strong>alas</strong></span> <span class='ocrx_word' id='word_1_277' title='bbox 1861 3834 2091 3888; x_wconf 87' lang='lat' dir='ltr'><strong>refertas</strong></span> <span class='ocrx_word' id='word_1_278' title='bbox 2114 3844 2419 3891; x_wconf 82' lang='lat' dir='ltr'><strong>aromatum</strong></span> <span class='ocrx_word' id='word_1_279' title='bbox 2456 3852 2585 3891; x_wconf 83' lang='lat' dir='ltr'><strong>sua-</strong></span> 
     </span>
    </p>
   </div>
   <div class='ocr_carea' id='block_1_42' title="bbox 996 3917 2589 3990">
    <p class='ocr_par' dir='ltr' id='par_1_42' title="bbox 996 3917 2589 3990">
     <span class='ocr_line' id='line_1_42' title="bbox 996 3917 2589 3990; baseline 0.008 -21"><span class='ocrx_word' id='word_1_280' title='bbox 996 3917 1169 3973; x_wconf 91' lang='lat' dir='ltr'><strong>vitate</strong></span> <span class='ocrx_word' id='word_1_281' title='bbox 1204 3918 1480 3989; x_wconf 87' lang='lat' dir='ltr'><strong>deposuit;</strong></span> <span class='ocrx_word' id='word_1_282' title='bbox 1533 3920 1661 3987; x_wconf 86' lang='lat' dir='ltr'><strong>quia</strong></span> <span class='ocrx_word' id='word_1_283' title='bbox 1714 3919 2045 3990; x_wconf 83' lang='lat' dir='ltr'><strong>Redemptor</strong></span> <span class='ocrx_word' id='word_1_284' title='bbox 2096 3934 2279 3977; x_wconf 90' lang='lat' dir='ltr'><strong>noster</strong></span> <span class='ocrx_word' id='word_1_285' title='bbox 2328 3924 2396 3979; x_wconf 92' lang='lat' dir='ltr'><strong>de</strong></span> <span class='ocrx_word' id='word_1_286' title='bbox 2447 3926 2589 3982; x_wconf 60' lang='lat' dir='ltr'><strong>coelo</strong></span> 
     </span>
    </p>
   </div>
   <div class='ocr_carea' id='block_1_43' title="bbox 994 4010 2589 4083">
    <p class='ocr_par' dir='ltr' id='par_1_43' title="bbox 994 4010 2589 4083">
     <span class='ocr_line' id='line_1_43' title="bbox 994 4010 2589 4083; baseline 0.005 -18"><span class='ocrx_word' id='word_1_287' title='bbox 994 4023 1119 4065; x_wconf 91' lang='lat' dir='ltr'><strong>cum</strong></span> <span class='ocrx_word' id='word_1_288' title='bbox 1182 4010 1397 4080; x_wconf 87' lang='lat' dir='ltr'><strong>gemino</strong></span> <span class='ocrx_word' id='word_1_289' title='bbox 1447 4010 1514 4063; x_wconf 88' lang='lat' dir='ltr'><strong>ad</strong></span> <span class='ocrx_word' id='word_1_290' title='bbox 1570 4026 1669 4066; x_wconf 91' lang='lat' dir='ltr'><strong>nos</strong></span> <span class='ocrx_word' id='word_1_291' title='bbox 1723 4012 2005 4083; x_wconf 88' lang='lat' dir='ltr'><strong>utriusque</strong></span> <span class='ocrx_word' id='word_1_292' title='bbox 2061 4016 2372 4071; x_wconf 79' lang='lat' dir='ltr'><strong>testamenti</strong></span> <span class='ocrx_word' id='word_1_293' title='bbox 2422 4020 2589 4073; x_wconf 85' lang='lat' dir='ltr'><strong>odore</strong></span> 
     </span>
    </p>
   </div>
   <div class='ocr_carea' id='block_1_44' title="bbox 994 4098 2587 4171">
    <p class='ocr_par' dir='ltr' id='par_1_44' title="bbox 994 4098 2587 4171">
     <span class='ocr_line' id='line_1_44' title="bbox 994 4098 2587 4171; baseline 0.005 -16"><span class='ocrx_word' id='word_1_294' title='bbox 994 4098 1296 4165; x_wconf 85' lang='lat' dir='ltr'><strong>descendit,</strong></span> <span class='ocrx_word' id='word_1_295' title='bbox 1331 4099 1558 4155; x_wconf 87' lang='lat' dir='ltr'><strong>dicens:</strong></span> <span class='ocrx_word' id='word_1_296' title='bbox 1600 4120 1617 4151; x_wconf 81' lang='grc' dir='ltr'><strong>ι</strong></span> <span class='ocrx_word' id='word_1_297' title='bbox 1654 4100 1775 4157; x_wconf 86' lang='lat' dir='ltr'><strong>Non</strong></span> <span class='ocrx_word' id='word_1_298' title='bbox 1810 4102 1928 4156; x_wconf 88' lang='lat' dir='ltr'><strong>veni</strong></span> <span class='ocrx_word' id='word_1_299' title='bbox 1982 4101 2155 4171; x_wconf 83' lang='lat' dir='ltr'><strong>legem</strong></span> <span class='ocrx_word' id='word_1_300' title='bbox 2204 4104 2438 4171; x_wconf 90' lang='lat' dir='ltr'><strong>solvere,</strong></span> <span class='ocrx_word' id='word_1_301' title='bbox 2493 4108 2587 4163; x_wconf 85' lang='lat' dir='ltr'><strong>sed</strong></span> 
     </span>
    </p>
   </div>
   <div class='ocr_carea' id='block_1_45' title="bbox 995 4190 2586 4264">
    <p class='ocr_par' dir='ltr' id='par_1_45' title="bbox 995 4190 2586 4264">
     <span class='ocr_line' id='line_1_45' title="bbox 995 4190 2586 4264; baseline 0.008 -19"><span class='ocrx_word' id='word_1_302' title='bbox 995 4190 1222 4260; x_wconf 87' lang='lat' dir='ltr'><strong>implere</strong></span> <span class='ocrx_word' id='word_1_303' title='bbox 1252 4190 1464 4261; x_wconf 77' lang='lat' dir='ltr'><strong>(Matth.</strong></span> <span class='ocrx_word' id='word_1_304' title='bbox 1490 4192 1565 4262; x_wconf 88' lang='lat' dir='ltr'><strong>v).</strong></span> <span class='ocrx_word' id='word_1_305' title='bbox 1608 4192 1817 4259; x_wconf 86' lang='lat' dir='ltr'><strong>Omnis,</strong></span> <span class='ocrx_word' id='word_1_306' title='bbox 1843 4194 2039 4264; x_wconf 88' lang='lat' dir='ltr'><strong>inquit,</strong></span> <span class='ocrx_word' id='word_1_307' title='bbox 2065 4193 2259 4251; x_wconf 89' lang='lat' dir='ltr'><strong>Scriba</strong></span> <span class='ocrx_word' id='word_1_308' title='bbox 2310 4198 2502 4257; x_wconf 90' lang='lat' dir='ltr'><strong>doctus</strong></span> <span class='ocrx_word' id='word_1_309' title='bbox 2531 4202 2586 4258; x_wconf 91' lang='lat' dir='ltr'><strong>in</strong></span> 
     </span>
    </p>
   </div>
   <div class='ocr_carea' id='block_1_46' title="bbox 995 4279 2587 4357">
    <p class='ocr_par' dir='ltr' id='par_1_46' title="bbox 995 4279 2587 4357">
     <span class='ocr_line' id='line_1_46' title="bbox 995 4279 2587 4357; baseline 0.009 -25"><span class='ocrx_word' id='word_1_310' title='bbox 995 4292 1169 4348; x_wconf 89' lang='lat' dir='ltr'><strong>regno</strong></span> <span class='ocrx_word' id='word_1_311' title='bbox 1220 4279 1522 4342; x_wconf 72' lang='lat' dir='ltr'><strong>cmlorum,</strong></span> <span class='ocrx_word' id='word_1_312' title='bbox 1561 4281 1755 4337; x_wconf 86' lang='lat' dir='ltr'><strong>similis</strong></span> <span class='ocrx_word' id='word_1_313' title='bbox 1802 4292 1885 4338; x_wconf 90' lang='lat' dir='ltr'><strong>est</strong></span> <span class='ocrx_word' id='word_1_314' title='bbox 1932 4285 2137 4339; x_wconf 89' lang='lat' dir='ltr'><strong>homini</strong></span> <span class='ocrx_word' id='word_1_315' title='bbox 2189 4288 2587 4357; x_wconf 79' lang='lat' dir='ltr'><strong>patrifamilias,</strong></span> 
     </span>
    </p>
   </div>
   <div class='ocr_carea' id='block_1_47' title="bbox 994 4367 2582 4448">
    <p class='ocr_par' dir='ltr' id='par_1_47' title="bbox 994 4367 2582 4448">
     <span class='ocr_line' id='line_1_47' title="bbox 994 4367 2582 4448; baseline 0.01 -28"><span class='ocrx_word' id='word_1_316' title='bbox 994 4368 1088 4440; x_wconf 83' lang='lat' dir='ltr'><strong>qui</strong></span> <span class='ocrx_word' id='word_1_317' title='bbox 1114 4367 1319 4438; x_wconf 80' lang='lat' dir='ltr'><strong>profert</strong></span> <span class='ocrx_word' id='word_1_318' title='bbox 1346 4371 1411 4425; x_wconf 88' lang='lat' dir='ltr'><strong>de</strong></span> <span class='ocrx_word' id='word_1_319' title='bbox 1443 4372 1702 4428; x_wconf 87' lang='lat' dir='ltr'><strong>thesauro</strong></span> <span class='ocrx_word' id='word_1_320' title='bbox 1726 4388 1825 4429; x_wconf 90' lang='lat' dir='ltr'><strong>suo</strong></span> <span class='ocrx_word' id='word_1_321' title='bbox 1853 4388 1991 4429; x_wconf 77' lang='lat' dir='ltr'><strong>nova</strong></span> <span class='ocrx_word' id='word_1_322' title='bbox 2028 4384 2085 4429; x_wconf 90' lang='lat' dir='ltr'><strong>et</strong></span> <span class='ocrx_word' id='word_1_323' title='bbox 2127 4387 2312 4432; x_wconf 89' lang='lat' dir='ltr'><strong>vetera</strong></span> <span class='ocrx_word' id='word_1_324' title='bbox 2361 4380 2582 4448; x_wconf 73' lang='lat' dir='ltr'><strong>(Matth.</strong></span> 
     </span>
    </p>
   </div>
   <div class='ocr_carea' id='block_1_48' title="bbox 996 4462 2585 4538">
    <p class='ocr_par' dir='ltr' id='par_1_48' title="bbox 996 4462 2585 4538">
     <span class='ocr_line' id='line_1_48' title="bbox 996 4462 2585 4538; baseline 0.01 -22"><span class='ocrx_word' id='word_1_325' title='bbox 996 4462 1143 4532; x_wconf 77' lang='lat' dir='ltr'><strong>xm).</strong></span> <span class='ocrx_word' id='word_1_326' title='bbox 1177 4480 1195 4514; x_wconf 79' lang='grc' dir='ltr'><strong>ι</strong></span> <span class='ocrx_word' id='word_1_327' title='bbox 1228 4463 1329 4530; x_wconf 85' lang='lat' dir='ltr'><strong>Qui</strong></span> <span class='ocrx_word' id='word_1_328' title='bbox 1373 4464 1631 4520; x_wconf 87' lang='lat' dir='ltr'><strong>nimirum</strong></span> <span class='ocrx_word' id='word_1_329' title='bbox 1662 4467 1815 4537; x_wconf 88' lang='lat' dir='ltr'><strong>prius</strong></span> <span class='ocrx_word' id='word_1_330' title='bbox 1842 4469 2112 4538; x_wconf 76' lang='lat' dir='ltr'><strong>reperittIr</strong></span> <span class='ocrx_word' id='word_1_331' title='bbox 2142 4484 2266 4526; x_wconf 90' lang='lat' dir='ltr'><strong>esse</strong></span> <span class='ocrx_word' id='word_1_332' title='bbox 2309 4477 2585 4531; x_wconf 87' lang='lat' dir='ltr'><strong>vermicu-</strong></span> 
     </span>
    </p>
   </div>
   <div class='ocr_carea' id='block_1_49' title="bbox 994 4550 2585 4629">
    <p class='ocr_par' dir='ltr' id='par_1_49' title="bbox 994 4550 2585 4629">
     <span class='ocr_line' id='line_1_49' title="bbox 994 4550 2585 4629; baseline 0.009 -23"><span class='ocrx_word' id='word_1_333' title='bbox 994 4550 1116 4618; x_wconf 89' lang='lat' dir='ltr'><strong>lus;</strong></span> <span class='ocrx_word' id='word_1_334' title='bbox 1154 4552 1242 4606; x_wconf 88' lang='lat' dir='ltr'><strong>ille</strong></span> <span class='ocrx_word' id='word_1_335' title='bbox 1264 4554 1507 4621; x_wconf 85' lang='lat' dir='ltr'><strong>profecto</strong></span> <span class='ocrx_word' id='word_1_336' title='bbox 1531 4557 1621 4624; x_wconf 87' lang='lat' dir='ltr'><strong>qui</strong></span> <span class='ocrx_word' id='word_1_337' title='bbox 1656 4558 1831 4612; x_wconf 86' lang='lat' dir='ltr'><strong>dicit:</strong></span> <span class='ocrx_word' id='word_1_338' title='bbox 1866 4577 1884 4611; x_wconf 77' lang='grc' dir='ltr'><strong>ι</strong></span> <span class='ocrx_word' id='word_1_339' title='bbox 1932 4560 2044 4629; x_wconf 86' lang='lat' dir='ltr'><strong>Ego</strong></span> <span class='ocrx_word' id='word_1_340' title='bbox 2072 4572 2254 4618; x_wconf 89' lang='lat' dir='ltr'><strong>autem</strong></span> <span class='ocrx_word' id='word_1_341' title='bbox 2302 4580 2421 4619; x_wconf 87' lang='lat' dir='ltr'><strong>sum</strong></span> <span class='ocrx_word' id='word_1_342' title='bbox 2466 4582 2585 4621; x_wconf 86' lang='lat' dir='ltr'><strong>ver-</strong></span> 
     </span>
    </p>
   </div>
   <div class='ocr_carea' id='block_1_50' title="bbox 995 4635 2587 4726">
    <p class='ocr_par' dir='ltr' id='par_1_50' title="bbox 995 4635 2587 4726">
     <span class='ocr_line' id='line_1_50' title="bbox 995 4635 2587 4726; baseline 0.011 -29"><span class='ocrx_word' id='word_1_343' title='bbox 995 4641 1135 4705; x_wconf 88' lang='lat' dir='ltr'><strong>mis,</strong></span> <span class='ocrx_word' id='word_1_344' title='bbox 1165 4652 1217 4697; x_wconf 92' lang='lat' dir='ltr'><strong>et</strong></span> <span class='ocrx_word' id='word_1_345' title='bbox 1246 4659 1352 4698; x_wconf 91' lang='lat' dir='ltr'><strong>non</strong></span> <span class='ocrx_word' id='word_1_346' title='bbox 1380 4646 1539 4700; x_wconf 88' lang='lat' dir='ltr'><strong>homo</strong></span> <span class='ocrx_word' id='word_1_347' title='bbox 1564 4635 1737 4717; x_wconf 80' lang='lat' dir='ltr'><strong>(Psal.</strong></span> <span class='ocrx_word' id='word_1_348' title='bbox 1770 4648 1908 4721; x_wconf 77' lang='lat' dir='ltr'><strong>XXI).</strong></span> <span class='ocrx_word' id='word_1_349' title='bbox 1940 4670 1959 4702; x_wconf 78' lang='grc' dir='ltr'><strong>ι</strong></span> <span class='ocrx_word' id='word_1_350' title='bbox 1987 4651 2111 4715; x_wconf 90' lang='lat' dir='ltr'><strong>llle,</strong></span> <span class='ocrx_word' id='word_1_351' title='bbox 2154 4652 2394 4723; x_wconf 89' lang='lat' dir='ltr'><strong>inquam,</strong></span> <span class='ocrx_word' id='word_1_352' title='bbox 2426 4672 2587 4726; x_wconf 89' lang='lat' dir='ltr'><strong>quem</strong></span> 
     </span>
    </p>
   </div>
   <div class='ocr_carea' id='block_1_51' title="bbox 991 4732 2587 4819">
    <p class='ocr_par' dir='ltr' id='par_1_51' title="bbox 991 4732 2587 4819">
     <span class='ocr_line' id='line_1_51' title="bbox 991 4732 2587 4819; baseline 0.012 -34"><span class='ocrx_word' id='word_1_353' title='bbox 991 4732 1200 4787; x_wconf 83' lang='lat' dir='ltr'><strong>vermis</strong></span> <span class='ocrx_word' id='word_1_354' title='bbox 1279 4733 1367 4789; x_wconf 90' lang='lat' dir='ltr'><strong>ille</strong></span> <span class='ocrx_word' id='word_1_355' title='bbox 1411 4736 1700 4806; x_wconf 81' lang='lat' dir='ltr'><strong>signabat,</strong></span> <span class='ocrx_word' id='word_1_356' title='bbox 1780 4742 1871 4809; x_wconf 90' lang='lat' dir='ltr'><strong>qui</strong></span> <span class='ocrx_word' id='word_1_357' title='bbox 1928 4745 2228 4800; x_wconf 90' lang='lat' dir='ltr'><strong>matutinus</strong></span> <span class='ocrx_word' id='word_1_358' title='bbox 2286 4760 2587 4819; x_wconf 84' lang='lat' dir='ltr'><strong>exsurgens</strong></span> 
     </span>
    </p>
   </div>
   <div class='ocr_carea' id='block_1_52' title="bbox 993 4821 2581 4904">
    <p class='ocr_par' dir='ltr' id='par_1_52' title="bbox 993 4821 2581 4904">
     <span class='ocr_line' id='line_1_52' title="bbox 993 4821 2581 4904; baseline 0.008 -26"><span class='ocrx_word' id='word_1_359' title='bbox 993 4821 1253 4878; x_wconf 82' lang='lat' dir='ltr'><strong>hederam</strong></span> <span class='ocrx_word' id='word_1_360' title='bbox 1286 4839 1449 4893; x_wconf 87' lang='lat' dir='ltr'><strong>super</strong></span> <span class='ocrx_word' id='word_1_361' title='bbox 1476 4836 1639 4897; x_wconf 82' lang='lat' dir='ltr'><strong>caput</strong></span> <span class='ocrx_word' id='word_1_362' title='bbox 1662 4826 1814 4885; x_wconf 74' lang='lat' dir='ltr'><strong>Jona:</strong></span> <span class='ocrx_word' id='word_1_363' title='bbox 1841 4833 2073 4901; x_wconf 89' lang='lat' dir='ltr'><strong>positam</strong></span> <span class='ocrx_word' id='word_1_364' title='bbox 2104 4834 2265 4889; x_wconf 90' lang='lat' dir='ltr'><strong>dente</strong></span> <span class='ocrx_word' id='word_1_365' title='bbox 2288 4838 2581 4904; x_wconf 89' lang='lat' dir='ltr'><strong>percussit,</strong></span> 
     </span>
    </p>
   </div>
   <div class='ocr_carea' id='block_1_53' title="bbox 999 4916 2585 4997">
    <p class='ocr_par' dir='ltr' id='par_1_53' title="bbox 999 4916 2585 4997">
     <span class='ocr_line' id='line_1_53' title="bbox 999 4916 2585 4997; baseline 0.008 -30"><span class='ocrx_word' id='word_1_366' title='bbox 999 4920 1060 4967; x_wconf 87' lang='lat' dir='ltr'><strong>et</strong></span> <span class='ocrx_word' id='word_1_367' title='bbox 1088 4926 1337 4975; x_wconf 82' lang='lat' dir='ltr'><strong>arescere</strong></span> <span class='ocrx_word' id='word_1_368' title='bbox 1358 4916 1619 4984; x_wconf 86' lang='lat' dir='ltr'><strong>compulit</strong></span> <span class='ocrx_word' id='word_1_369' title='bbox 1652 4916 1828 4988; x_wconf 71' lang='lat' dir='ltr'><strong>(Iona:</strong></span> <span class='ocrx_word' id='word_1_370' title='bbox 1856 4920 2002 4992; x_wconf 66' lang='grc' dir='ltr'><strong>ιιι).</strong></span> <span class='ocrx_word' id='word_1_371' title='bbox 2061 4923 2407 4979; x_wconf 73' lang='lat' dir='ltr'><strong>Praecedente</strong></span> <span class='ocrx_word' id='word_1_372' title='bbox 2429 4927 2585 4997; x_wconf 83' lang='lat' dir='ltr'><strong>quip-</strong></span> 
     </span>
    </p>
   </div>
   <div class='ocr_carea' id='block_1_54' title="bbox 992 5002 2581 5083">
    <p class='ocr_par' dir='ltr' id='par_1_54' title="bbox 992 5002 2581 5083">
     <span class='ocr_line' id='line_1_54' title="bbox 992 5002 2581 5083; baseline 0.012 -30"><span class='ocrx_word' id='word_1_373' title='bbox 992 5013 1067 5073; x_wconf 89' lang='lat' dir='ltr'><strong>pe</strong></span> <span class='ocrx_word' id='word_1_374' title='bbox 1098 5002 1243 5056; x_wconf 88' lang='lat' dir='ltr'><strong>velut</strong></span> <span class='ocrx_word' id='word_1_375' title='bbox 1262 5004 1528 5061; x_wconf 87' lang='lat' dir='ltr'><strong>matutino</strong></span> <span class='ocrx_word' id='word_1_376' title='bbox 1556 5010 1687 5073; x_wconf 83' lang='lat' dir='ltr'><strong>sete,</strong></span> <span class='ocrx_word' id='word_1_377' title='bbox 1715 5008 2057 5083; x_wconf 72' lang='lat' dir='ltr'><strong>Evangelica:</strong></span> <span class='ocrx_word' id='word_1_378' title='bbox 2080 5014 2271 5083; x_wconf 64' lang='lat' dir='ltr'><strong>gratim</strong></span> <span class='ocrx_word' id='word_1_379' title='bbox 2299 5014 2581 5083; x_wconf 88' lang='lat' dir='ltr'><strong>Dominus,</strong></span> 
     </span>
    </p>
   </div>
   <div class='ocr_carea' id='block_1_55' title="bbox 999 5099 2585 5162">
    <p class='ocr_par' dir='ltr' id='par_1_55' title="bbox 999 5099 2585 5162">
     <span class='ocr_line' id='line_1_55' title="bbox 999 5099 2585 5162; baseline 0.01 -18"><span class='ocrx_word' id='word_1_380' title='bbox 999 5102 1352 5162; x_wconf 81' lang='lat' dir='ltr'><strong>synagogam,</strong></span> <span class='ocrx_word' id='word_1_381' title='bbox 1386 5103 1445 5149; x_wconf 92' lang='lat' dir='ltr'><strong>ut</strong></span> <span class='ocrx_word' id='word_1_382' title='bbox 1488 5110 1677 5151; x_wconf 88' lang='lat' dir='ltr'><strong>revera</strong></span> <span class='ocrx_word' id='word_1_383' title='bbox 1718 5099 1975 5155; x_wconf 84' lang='lat' dir='ltr'><strong>sterilem</strong></span> <span class='ocrx_word' id='word_1_384' title='bbox 2008 5101 2269 5157; x_wconf 86' lang='lat' dir='ltr'><strong>hederam</strong></span> <span class='ocrx_word' id='word_1_385' title='bbox 2318 5103 2585 5162; x_wconf 64' lang='lat' dir='ltr'><strong>districta:</strong></span> 
     </span>
    </p>
   </div>
   <div class='ocr_carea' id='block_1_56' title="bbox 997 5180 2581 5258">
    <p class='ocr_par' dir='ltr' id='par_1_56' title="bbox 997 5180 2581 5258">
     <span class='ocr_line' id='line_1_56' title="bbox 997 5180 2581 5258; baseline 0.009 -22"><span class='ocrx_word' id='word_1_386' title='bbox 997 5180 1283 5236; x_wconf 70' lang='lat' dir='ltr'><strong>sententiae</strong></span> <span class='ocrx_word' id='word_1_387' title='bbox 1330 5197 1445 5237; x_wconf 71' lang='lat' dir='ltr'><strong>suae</strong></span> <span class='ocrx_word' id='word_1_388' title='bbox 1498 5185 1661 5242; x_wconf 89' lang='lat' dir='ltr'><strong>dente</strong></span> <span class='ocrx_word' id='word_1_389' title='bbox 1704 5189 1974 5258; x_wconf 66' lang='lat' dir='ltr'><strong>praecidit,</strong></span> <span class='ocrx_word' id='word_1_390' title='bbox 2034 5204 2101 5246; x_wconf 88' lang='lat' dir='ltr'><strong>ac</strong></span> <span class='ocrx_word' id='word_1_391' title='bbox 2152 5202 2581 5251; x_wconf 86' lang='lat' dir='ltr'><strong>marcescentem</strong></span> 
     </span>
    </p>
   </div>
   <div class='ocr_carea' id='block_1_57' title="bbox 993 5273 2580 5355">
    <p class='ocr_par' dir='ltr' id='par_1_57' title="bbox 993 5273 2580 5355">
     <span class='ocr_line' id='line_1_57' title="bbox 993 5273 2580 5355; baseline 0.011 -31"><span class='ocrx_word' id='word_1_392' title='bbox 993 5284 1223 5341; x_wconf 87' lang='lat' dir='ltr'><strong>prorsus</strong></span> <span class='ocrx_word' id='word_1_393' title='bbox 1247 5282 1304 5326; x_wconf 88' lang='lat' dir='ltr'><strong>et</strong></span> <span class='ocrx_word' id='word_1_394' title='bbox 1324 5273 1529 5329; x_wconf 89' lang='lat' dir='ltr'><strong>aridam</strong></span> <span class='ocrx_word' id='word_1_395' title='bbox 1559 5277 1814 5333; x_wconf 86' lang='lat' dir='ltr'><strong>reddidit.</strong></span> <span class='ocrx_word' id='word_1_396' title='bbox 1848 5279 2057 5336; x_wconf 87' lang='lat' dir='ltr'><strong>Deinde</strong></span> <span class='ocrx_word' id='word_1_397' title='bbox 2099 5283 2325 5351; x_wconf 73' lang='lat' dir='ltr'><strong>pbmnix</strong></span> <span class='ocrx_word' id='word_1_398' title='bbox 2365 5284 2580 5355; x_wconf 88' lang='lat' dir='ltr'><strong>plume-</strong></span> 
     </span>
    </p>
   </div>
   <div class='ocr_carea' id='block_1_58' title="bbox 995 5360 2584 5444">
    <p class='ocr_par' dir='ltr' id='par_1_58' title="bbox 995 5360 2584 5444">
     <span class='ocr_line' id='line_1_58' title="bbox 995 5360 2584 5444; baseline 0.011 -29"><span class='ocrx_word' id='word_1_399' title='bbox 995 5360 1143 5416; x_wconf 85' lang='lat' dir='ltr'><strong>facta</strong></span> <span class='ocrx_word' id='word_1_400' title='bbox 1186 5370 1243 5417; x_wconf 90' lang='lat' dir='ltr'><strong>et</strong></span> <span class='ocrx_word' id='word_1_401' title='bbox 1278 5363 1336 5417; x_wconf 88' lang='lat' dir='ltr'><strong>in</strong></span> <span class='ocrx_word' id='word_1_402' title='bbox 1376 5376 1557 5421; x_wconf 82' lang='lat' dir='ltr'><strong>aerem</strong></span> <span class='ocrx_word' id='word_1_403' title='bbox 1605 5367 1818 5424; x_wconf 88' lang='lat' dir='ltr'><strong>alarum</strong></span> <span class='ocrx_word' id='word_1_404' title='bbox 1864 5372 2109 5444; x_wconf 84' lang='lat' dir='ltr'><strong>remigiis</strong></span> <span class='ocrx_word' id='word_1_405' title='bbox 2140 5383 2351 5429; x_wconf 86' lang='lat' dir='ltr'><strong>armata</strong></span> <span class='ocrx_word' id='word_1_406' title='bbox 2385 5376 2584 5431; x_wconf 83' lang='lat' dir='ltr'><strong>sustol—</strong></span> 
     </span>
    </p>
   </div>
   <div class='ocr_carea' id='block_1_59' title="bbox 996 5449 2585 5542">
    <p class='ocr_par' dir='ltr' id='par_1_59' title="bbox 996 5449 2585 5542">
     <span class='ocr_line' id='line_1_59' title="bbox 996 5449 2585 5542; baseline 0.014 -38"><span class='ocrx_word' id='word_1_407' title='bbox 996 5449 1166 5542; x_wconf 36' lang='lat' dir='ltr'><strong>liturA;</strong></span> <span class='ocrx_word' id='word_1_408' title='bbox 1194 5453 1330 5542; x_wconf 9' lang='lat' dir='ltr'><strong>quia;</strong></span> <span class='ocrx_word' id='word_1_409' title='bbox 1352 5455 1529 5511; x_wconf 88' lang='lat' dir='ltr'><strong>victor</strong></span> <span class='ocrx_word' id='word_1_410' title='bbox 1559 5460 1753 5516; x_wconf 89' lang='lat' dir='ltr'><strong>mortis</strong></span> <span class='ocrx_word' id='word_1_411' title='bbox 1792 5460 2053 5521; x_wconf 90' lang='lat' dir='ltr'><strong>Dominus</strong></span> <span class='ocrx_word' id='word_1_412' title='bbox 2088 5466 2157 5521; x_wconf 91' lang='lat' dir='ltr'><strong>ad</strong></span> <span class='ocrx_word' id='word_1_413' title='bbox 2198 5465 2379 5527; x_wconf 89' lang='lat' dir='ltr'><strong>Patris</strong></span> <span class='ocrx_word' id='word_1_414' title='bbox 2413 5487 2585 5542; x_wconf 77' lang='lat' dir='ltr'><strong>usque</strong></span> 
     </span>
    </p>
   </div>
   <div class='ocr_carea' id='block_1_60' title="bbox 994 5538 2584 5633">
    <p class='ocr_par' dir='ltr' id='par_1_60' title="bbox 994 5538 2584 5633">
     <span class='ocr_line' id='line_1_60' title="bbox 994 5538 2584 5633; baseline 0.016 -38"><span class='ocrx_word' id='word_1_415' title='bbox 994 5538 1509 5633; x_wconf 28' lang='lat' dir='ltr'><strong>glaucoufessum</strong></span> <span class='ocrx_word' id='word_1_416' title='bbox 1544 5546 1998 5618; x_wconf 87' lang='lat' dir='ltr'><strong>conjubilantibus</strong></span> <span class='ocrx_word' id='word_1_417' title='bbox 2045 5557 2283 5629; x_wconf 87' lang='lat' dir='ltr'><strong>undique</strong></span> <span class='ocrx_word' id='word_1_418' title='bbox 2330 5538 2584 5633; x_wconf 79' lang='lat' dir='ltr'><strong>supernis</strong></span> 
     </span>
    </p>
   </div>
   <div class='ocr_carea' id='block_1_61' title="bbox 996 5630 2580 5714">
    <p class='ocr_par' dir='ltr' id='par_1_61' title="bbox 996 5630 2580 5714">
     <span class='ocr_line' id='line_1_61' title="bbox 996 5630 2580 5714; baseline 0.016 -30"><span class='ocrx_word' id='word_1_419' title='bbox 996 5630 1287 5688; x_wconf 85' lang='lat' dir='ltr'><strong>virtutibus</strong></span> <span class='ocrx_word' id='word_1_420' title='bbox 1314 5631 1575 5691; x_wconf 89' lang='lat' dir='ltr'><strong>elevatur.</strong></span> <span class='ocrx_word' id='word_1_421' title='bbox 1612 5637 1689 5695; x_wconf 86' lang='lat' dir='ltr'><strong>De</strong></span> <span class='ocrx_word' id='word_1_422' title='bbox 1715 5654 1825 5710; x_wconf 89' lang='lat' dir='ltr'><strong>quo</strong></span> <span class='ocrx_word' id='word_1_423' title='bbox 1851 5657 1949 5714; x_wconf 87' lang='lat' dir='ltr'><strong>per</strong></span> <span class='ocrx_word' id='word_1_424' title='bbox 1967 5643 2312 5713; x_wconf 79' lang='lat' dir='ltr'><strong>Psalmistam</strong></span> <span class='ocrx_word' id='word_1_425' title='bbox 2341 5630 2541 5708; x_wconf 82' lang='lat' dir='ltr'><strong>dicitur</strong></span> <span class='ocrx_word' id='word_1_426' title='bbox 2564 5671 2580 5709; x_wconf 90' lang='lat'><strong>:</strong></span> 
     </span>
    </p>
   </div>
   <div class='ocr_carea' id='block_1_62' title="bbox 999 5719 2579 5806">
    <p class='ocr_par' dir='ltr' id='par_1_62' title="bbox 999 5719 2579 5806">
     <span class='ocr_line' id='line_1_62' title="bbox 999 5719 2579 5806; baseline 0.015 -27"><span class='ocrx_word' id='word_1_427' title='bbox 999 5739 1027 5779; x_wconf 87' lang='lat' dir='ltr'><strong>s</strong></span> <span class='ocrx_word' id='word_1_428' title='bbox 1062 5719 1167 5793; x_wconf 82' lang='lat' dir='ltr'><strong>Qui</strong></span> <span class='ocrx_word' id='word_1_429' title='bbox 1201 5724 1444 5784; x_wconf 81' lang='lat' dir='ltr'><strong>ascendit</strong></span> <span class='ocrx_word' id='word_1_430' title='bbox 1491 5742 1655 5803; x_wconf 81' lang='lat' dir='ltr'><strong>super</strong></span> <span class='ocrx_word' id='word_1_431' title='bbox 1679 5732 1982 5806; x_wconf 78' lang='lat' dir='ltr'><strong>cherubim,</strong></span> <span class='ocrx_word' id='word_1_432' title='bbox 2011 5746 2067 5794; x_wconf 87' lang='lat' dir='ltr'><strong>et</strong></span> <span class='ocrx_word' id='word_1_433' title='bbox 2098 5739 2299 5800; x_wconf 76' lang='lat' dir='ltr'><strong>volarit</strong></span> <span class='ocrx_word' id='word_1_434' title='bbox 2327 5760 2343 5798; x_wconf 88' lang='lat'><strong>:</strong></span> <span class='ocrx_word' id='word_1_435' title='bbox 2375 5743 2579 5804; x_wconf 74' lang='lat' dir='ltr'><strong>volavit</strong></span> 
     </span>
    </p>
   </div>
   <div class='ocr_carea' id='block_1_63' title="bbox 2688 568 4291 641">
    <p class='ocr_par' dir='ltr' id='par_1_63' title="bbox 2688 568 4291 641">
     <span class='ocr_line' id='line_1_63' title="bbox 2688 568 4291 641; baseline -0.001 -16"><span class='ocrx_word' id='word_1_436' title='bbox 2688 568 2846 627; x_wconf 85' lang='lat' dir='ltr'><strong>nobis</strong></span> <span class='ocrx_word' id='word_1_437' title='bbox 2880 586 2980 641; x_wconf 89' lang='lat' dir='ltr'><strong>pro</strong></span> <span class='ocrx_word' id='word_1_438' title='bbox 3011 570 3231 625; x_wconf 91' lang='lat' dir='ltr'><strong>modulo</strong></span> <span class='ocrx_word' id='word_1_439' title='bbox 3259 579 3450 625; x_wconf 89' lang='lat' dir='ltr'><strong>nostro</strong></span> <span class='ocrx_word' id='word_1_440' title='bbox 3471 576 3804 638; x_wconf 65' lang='lat' dir='ltr'><strong>pennmsunt</strong></span> <span class='ocrx_word' id='word_1_441' title='bbox 3825 568 4024 633; x_wconf 63' lang='lat' dir='ltr'><strong>insitae,</strong></span> <span class='ocrx_word' id='word_1_442' title='bbox 4054 568 4291 623; x_wconf 86' lang='lat' dir='ltr'><strong>virtutes</strong></span> 
     </span>
    </p>
   </div>
   <div class='ocr_carea' id='block_1_64' title="bbox 2686 654 4293 728">
    <p class='ocr_par' dir='ltr' id='par_1_64' title="bbox 2686 654 4293 728">
     <span class='ocr_line' id='line_1_64' title="bbox 2686 654 4293 728; baseline -0.002 -14"><span class='ocrx_word' id='word_1_443' title='bbox 2686 657 2898 714; x_wconf 83' lang='lat' dir='ltr'><strong>scilicet</strong></span> <span class='ocrx_word' id='word_1_444' title='bbox 2922 656 3257 728; x_wconf 87' lang='lat' dir='ltr'><strong>spirituales,</strong></span> <span class='ocrx_word' id='word_1_445' title='bbox 3286 658 3483 726; x_wconf 88' lang='lat' dir='ltr'><strong>quibus</strong></span> <span class='ocrx_word' id='word_1_446' title='bbox 3507 657 3554 711; x_wconf 89' lang='lat' dir='ltr'><strong>si</strong></span> <span class='ocrx_word' id='word_1_447' title='bbox 3578 655 3811 711; x_wconf 88' lang='lat' dir='ltr'><strong>viriliter</strong></span> <span class='ocrx_word' id='word_1_448' title='bbox 3828 654 4056 723; x_wconf 89' lang='lat' dir='ltr'><strong>utimur,</strong></span> <span class='ocrx_word' id='word_1_449' title='bbox 4082 656 4148 710; x_wconf 81' lang='lat' dir='ltr'><strong>ad</strong></span> <span class='ocrx_word' id='word_1_450' title='bbox 4175 670 4293 711; x_wconf 81' lang='lat' dir='ltr'><strong>coe-</strong></span> 
     </span>
    </p>
   </div>
   <div class='ocr_carea' id='block_1_65' title="bbox 2686 748 4291 820">
    <p class='ocr_par' dir='ltr' id='par_1_65' title="bbox 2686 748 4291 820">
     <span class='ocr_line' id='line_1_65' title="bbox 2686 748 4291 820; baseline -0.001 -16"><span class='ocrx_word' id='word_1_451' title='bbox 2686 750 2844 805; x_wconf 89' lang='lat' dir='ltr'><strong>lestia</strong></span> <span class='ocrx_word' id='word_1_452' title='bbox 2874 749 3262 805; x_wconf 82' lang='lat' dir='ltr'><strong>sublevamur:</strong></span> <span class='ocrx_word' id='word_1_453' title='bbox 3305 748 3389 804; x_wconf 88' lang='lat' dir='ltr'><strong>sin</strong></span> <span class='ocrx_word' id='word_1_454' title='bbox 3438 758 3619 803; x_wconf 90' lang='lat' dir='ltr'><strong>autem</strong></span> <span class='ocrx_word' id='word_1_455' title='bbox 3671 762 3741 803; x_wconf 77' lang='lat' dir='ltr'><strong>ex</strong></span> <span class='ocrx_word' id='word_1_456' title='bbox 3790 748 4013 804; x_wconf 71' lang='lat' dir='ltr'><strong>desidiae</strong></span> <span class='ocrx_word' id='word_1_457' title='bbox 4067 757 4291 820; x_wconf 85' lang='lat' dir='ltr'><strong>torpore</strong></span> 
     </span>
    </p>
   </div>
   <div class='ocr_carea' id='block_1_66' title="bbox 2685 833 4291 908">
    <p class='ocr_par' dir='ltr' id='par_1_66' title="bbox 2685 833 4291 908">
     <span class='ocr_line' id='line_1_66' title="bbox 2685 833 4291 908; baseline -0.001 -15"><span class='ocrx_word' id='word_1_458' title='bbox 2685 837 3031 906; x_wconf 72' lang='lat' dir='ltr'><strong>deponimus,</strong></span> <span class='ocrx_word' id='word_1_459' title='bbox 3056 851 3282 897; x_wconf 75' lang='lat' dir='ltr'><strong>necesse</strong></span> <span class='ocrx_word' id='word_1_460' title='bbox 3311 845 3395 892; x_wconf 89' lang='lat' dir='ltr'><strong>est</strong></span> <span class='ocrx_word' id='word_1_461' title='bbox 3422 845 3481 892; x_wconf 90' lang='lat' dir='ltr'><strong>ut</strong></span> <span class='ocrx_word' id='word_1_462' title='bbox 3507 838 3559 893; x_wconf 92' lang='lat' dir='ltr'><strong>in</strong></span> <span class='ocrx_word' id='word_1_463' title='bbox 3584 836 4005 908; x_wconf 89' lang='lat' dir='ltr'><strong>subripientium</strong></span> <span class='ocrx_word' id='word_1_464' title='bbox 4028 833 4291 891; x_wconf 87' lang='lat' dir='ltr'><strong>vitiorum</strong></span> 
     </span>
    </p>
   </div>
   <div class='ocr_carea' id='block_1_67' title="bbox 2687 928 3322 1000">
    <p class='ocr_par' dir='ltr' id='par_1_67' title="bbox 2687 928 3322 1000">
     <span class='ocr_line' id='line_1_67' title="bbox 2687 928 3322 1000; baseline -0.005 -15"><span class='ocrx_word' id='word_1_465' title='bbox 2687 928 2957 1000; x_wconf 85' lang='lat' dir='ltr'><strong>profunda</strong></span> <span class='ocrx_word' id='word_1_466' title='bbox 2986 942 3322 1000; x_wconf 84' lang='lat' dir='ltr'><strong>mergamur.</strong></span> 
     </span>
    </p>
   </div>
   <div class='ocr_carea' id='block_1_68' title="bbox 3297 1039 3677 1097">
    <p class='ocr_par' dir='ltr' id='par_1_68' title="bbox 3297 1039 3677 1097">
     <span class='ocr_line' id='line_1_68' title="bbox 3297 1039 3677 1097; baseline -0.005 0"><span class='ocrx_word' id='word_1_467' title='bbox 3297 1039 3525 1097; x_wconf 82' lang='lat' dir='ltr'><strong>CAPUT</strong></span> <span class='ocrx_word' id='word_1_468' title='bbox 3564 1040 3677 1095; x_wconf 77' lang='lat' dir='ltr'><strong>Xll.</strong></span> 
     </span>
    </p>
   </div>
   <div class='ocr_carea' id='block_1_69' title="bbox 3178 1150 3790 1205">
    <p class='ocr_par' dir='ltr' id='par_1_69' title="bbox 3178 1150 3790 1205">
     <span class='ocr_line' id='line_1_69' title="bbox 3178 1150 3790 1205; baseline -0.003 0"><span class='ocrx_word' id='word_1_469' title='bbox 3178 1150 3259 1205; x_wconf 83' lang='lat' dir='ltr'><strong>De</strong></span> <span class='ocrx_word' id='word_1_470' title='bbox 3292 1166 3446 1205; x_wconf 76' lang='lat' dir='ltr'><strong>sarra</strong></span> <span class='ocrx_word' id='word_1_471' title='bbox 3483 1151 3588 1205; x_wconf 77' lang='lat' dir='ltr'><strong>sive</strong></span> <span class='ocrx_word' id='word_1_472' title='bbox 3621 1166 3790 1205; x_wconf 80' lang='lat' dir='ltr'><strong>serra.</strong></span> 
     </span>
    </p>
   </div>
   <div class='ocr_carea' id='block_1_70' title="bbox 2758 1260 4294 1335">
    <p class='ocr_par' dir='ltr' id='par_1_70' title="bbox 2758 1260 4294 1335">
     <span class='ocr_line' id='line_1_70' title="bbox 2758 1260 4294 1335; baseline 0.003 -20"><span class='ocrx_word' id='word_1_473' title='bbox 2758 1260 2933 1330; x_wconf 82' lang='lat' dir='ltr'><strong>Hujus</strong></span> <span class='ocrx_word' id='word_1_474' title='bbox 2968 1260 3048 1315; x_wconf 89' lang='lat' dir='ltr'><strong>rei</strong></span> <span class='ocrx_word' id='word_1_475' title='bbox 3080 1268 3267 1331; x_wconf 88' lang='lat' dir='ltr'><strong>typum</strong></span> <span class='ocrx_word' id='word_1_476' title='bbox 3316 1268 3645 1319; x_wconf 69' lang='lat' dir='ltr'><strong>tenet‘sarra</strong></span> <span class='ocrx_word' id='word_1_477' title='bbox 3670 1260 3903 1335; x_wconf 67' lang='lat' dir='ltr'><strong>{serra},</strong></span> <span class='ocrx_word' id='word_1_478' title='bbox 3940 1262 4153 1319; x_wconf 88' lang='lat' dir='ltr'><strong>marina</strong></span> <span class='ocrx_word' id='word_1_479' title='bbox 4183 1262 4294 1319; x_wconf 82' lang='lat' dir='ltr'><strong>scl-</strong></span> 
     </span>
    </p>
   </div>
   <div class='ocr_carea' id='block_1_71' title="bbox 2685 1348 4291 1421">
    <p class='ocr_par' dir='ltr' id='par_1_71' title="bbox 2685 1348 4291 1421">
     <span class='ocr_line' id='line_1_71' title="bbox 2685 1348 4291 1421; baseline 0.003 -18"><span class='ocrx_word' id='word_1_480' title='bbox 2685 1348 2815 1405; x_wconf 88' lang='lat' dir='ltr'><strong>licet</strong></span> <span class='ocrx_word' id='word_1_481' title='bbox 2840 1349 3017 1405; x_wconf 87' lang='lat' dir='ltr'><strong>bellua</strong></span> <span class='ocrx_word' id='word_1_482' title='bbox 3048 1360 3192 1418; x_wconf 61' lang='lat' dir='ltr'><strong>quas,</strong></span> <span class='ocrx_word' id='word_1_483' title='bbox 3226 1366 3348 1405; x_wconf 92' lang='lat' dir='ltr'><strong>cum</strong></span> <span class='ocrx_word' id='word_1_484' title='bbox 3384 1351 3629 1418; x_wconf 81' lang='lat' dir='ltr'><strong>prolixas</strong></span> <span class='ocrx_word' id='word_1_485' title='bbox 3661 1351 3861 1406; x_wconf 88' lang='lat' dir='ltr'><strong>habeat</strong></span> <span class='ocrx_word' id='word_1_486' title='bbox 3902 1366 4131 1421; x_wconf 88' lang='lat' dir='ltr'><strong>pennas,</strong></span> <span class='ocrx_word' id='word_1_487' title='bbox 4161 1366 4291 1408; x_wconf 76' lang='lat' dir='ltr'><strong>mox</strong></span> 
     </span>
    </p>
   </div>
   <div class='ocr_carea' id='block_1_72' title="bbox 2687 1440 4293 1514">
    <p class='ocr_par' dir='ltr' id='par_1_72' title="bbox 2687 1440 4293 1514">
     <span class='ocr_line' id='line_1_72' title="bbox 2687 1440 4293 1514; baseline 0.001 -17"><span class='ocrx_word' id='word_1_488' title='bbox 2687 1450 2747 1498; x_wconf 89' lang='lat' dir='ltr'><strong>ut</strong></span> <span class='ocrx_word' id='word_1_489' title='bbox 2788 1442 2988 1497; x_wconf 88' lang='lat' dir='ltr'><strong>viderit</strong></span> <span class='ocrx_word' id='word_1_490' title='bbox 3018 1456 3211 1496; x_wconf 90' lang='lat' dir='ltr'><strong>navem</strong></span> <span class='ocrx_word' id='word_1_491' title='bbox 3243 1440 3629 1507; x_wconf 82' lang='lat' dir='ltr'><strong>velificantem,</strong></span> <span class='ocrx_word' id='word_1_492' title='bbox 3666 1441 3875 1497; x_wconf 88' lang='lat' dir='ltr'><strong>alarum</strong></span> <span class='ocrx_word' id='word_1_493' title='bbox 3904 1454 3958 1497; x_wconf 90' lang='lat' dir='ltr'><strong>et</strong></span> <span class='ocrx_word' id='word_1_494' title='bbox 4008 1444 4121 1514; x_wconf 88' lang='lat' dir='ltr'><strong>ipsa</strong></span> <span class='ocrx_word' id='word_1_495' title='bbox 4153 1458 4293 1514; x_wconf 78' lang='lat' dir='ltr'><strong>prte—</strong></span> 
     </span>
    </p>
   </div>
   <div class='ocr_carea' id='block_1_73' title="bbox 2686 1514 4292 1604">
    <p class='ocr_par' dir='ltr' id='par_1_73' title="bbox 2686 1514 4292 1604">
     <span class='ocr_line' id='line_1_73' title="bbox 2686 1514 4292 1604; baseline -0.001 -15"><span class='ocrx_word' id='word_1_496' title='bbox 2686 1536 2867 1589; x_wconf 89' lang='lat' dir='ltr'><strong>cincta</strong></span> <span class='ocrx_word' id='word_1_497' title='bbox 2897 1514 3161 1604; x_wconf 85' lang='lat' dir='ltr'><strong>remigiis,</strong></span> <span class='ocrx_word' id='word_1_498' title='bbox 3191 1534 3472 1588; x_wconf 83' lang='lat' dir='ltr'><strong>contendit</strong></span> <span class='ocrx_word' id='word_1_499' title='bbox 3499 1534 3774 1589; x_wconf 79' lang='lat' dir='ltr'><strong>velificarc</strong></span> <span class='ocrx_word' id='word_1_500' title='bbox 3798 1540 3921 1604; x_wconf 89' lang='lat' dir='ltr'><strong>post</strong></span> <span class='ocrx_word' id='word_1_501' title='bbox 3944 1549 4156 1590; x_wconf 87' lang='lat' dir='ltr'><strong>navem.</strong></span> <span class='ocrx_word' id='word_1_502' title='bbox 4182 1532 4292 1592; x_wconf 88' lang='lat' dir='ltr'><strong>Sed</strong></span> 
     </span>
    </p>
   </div>
   <div class='ocr_carea' id='block_1_74' title="bbox 2685 1623 4294 1694">
    <p class='ocr_par' dir='ltr' id='par_1_74' title="bbox 2685 1623 4294 1694">
     <span class='ocr_line' id='line_1_74' title="bbox 2685 1623 4294 1694; baseline 0 -16"><span class='ocrx_word' id='word_1_503' title='bbox 2685 1625 2777 1678; x_wconf 80' lang='lat' dir='ltr'><strong>vix</strong></span> <span class='ocrx_word' id='word_1_504' title='bbox 2808 1638 2906 1693; x_wconf 91' lang='lat' dir='ltr'><strong>per</strong></span> <span class='ocrx_word' id='word_1_505' title='bbox 2933 1624 3294 1694; x_wconf 87' lang='lat' dir='ltr'><strong>quadraginta</strong></span> <span class='ocrx_word' id='word_1_506' title='bbox 3342 1623 3518 1679; x_wconf 82' lang='lat' dir='ltr'><strong>stadia</strong></span> <span class='ocrx_word' id='word_1_507' title='bbox 3567 1624 3619 1677; x_wconf 92' lang='lat' dir='ltr'><strong>in</strong></span> <span class='ocrx_word' id='word_1_508' title='bbox 3653 1623 3812 1692; x_wconf 84' lang='lat' dir='ltr'><strong>hujus</strong></span> <span class='ocrx_word' id='word_1_509' title='bbox 3848 1625 4167 1680; x_wconf 89' lang='lat' dir='ltr'><strong>certaminis</strong></span> <span class='ocrx_word' id='word_1_510' title='bbox 4211 1623 4294 1678; x_wconf 84' lang='lat' dir='ltr'><strong>la-</strong></span> 
     </span>
    </p>
   </div>
   <div class='ocr_carea' id='block_1_75' title="bbox 2687 1714 4291 1784">
    <p class='ocr_par' dir='ltr' id='par_1_75' title="bbox 2687 1714 4291 1784">
     <span class='ocr_line' id='line_1_75' title="bbox 2687 1714 4291 1784; baseline -0.001 -13"><span class='ocrx_word' id='word_1_511' title='bbox 2687 1716 2820 1771; x_wconf 88' lang='lat' dir='ltr'><strong>bore</strong></span> <span class='ocrx_word' id='word_1_512' title='bbox 2844 1715 3147 1784; x_wconf 89' lang='lat' dir='ltr'><strong>persistens</strong></span> <span class='ocrx_word' id='word_1_513' title='bbox 3170 1714 3371 1779; x_wconf 82' lang='lat' dir='ltr'><strong>deﬁcit,</strong></span> <span class='ocrx_word' id='word_1_514' title='bbox 3399 1724 3454 1769; x_wconf 89' lang='lat' dir='ltr'><strong>et</strong></span> <span class='ocrx_word' id='word_1_515' title='bbox 3478 1716 3557 1769; x_wconf 88' lang='lat' dir='ltr'><strong>sic</strong></span> <span class='ocrx_word' id='word_1_516' title='bbox 3584 1714 3818 1782; x_wconf 85' lang='lat' dir='ltr'><strong>defessa,</strong></span> <span class='ocrx_word' id='word_1_517' title='bbox 3851 1715 3968 1770; x_wconf 88' lang='lat' dir='ltr'><strong>alas</strong></span> <span class='ocrx_word' id='word_1_518' title='bbox 3998 1717 4141 1770; x_wconf 90' lang='lat' dir='ltr'><strong>inter</strong></span> <span class='ocrx_word' id='word_1_519' title='bbox 4173 1714 4291 1771; x_wconf 86' lang='lat' dir='ltr'><strong>dis-</strong></span> 
     </span>
    </p>
   </div>
   <div class='ocr_carea' id='block_1_76' title="bbox 2614 1804 4295 1882">
    <p class='ocr_par' dir='ltr' id='par_1_76' title="bbox 2614 1804 4295 1882">
     <span class='ocr_line' id='line_1_76' title="bbox 2614 1804 4295 1882; baseline 0 -23"><span class='ocrx_word' id='word_1_520' title='bbox 2614 1805 2920 1882; x_wconf 74' lang='lat' dir='ltr'><strong>Bcrimina</strong></span> <span class='ocrx_word' id='word_1_521' title='bbox 2990 1804 3200 1857; x_wconf 88' lang='lat' dir='ltr'><strong>marina</strong></span> <span class='ocrx_word' id='word_1_522' title='bbox 3266 1804 3508 1871; x_wconf 83' lang='lat' dir='ltr'><strong>deponit.</strong></span> <span class='ocrx_word' id='word_1_523' title='bbox 3566 1804 3765 1859; x_wconf 86' lang='lat' dir='ltr'><strong>Fluctu</strong></span> <span class='ocrx_word' id='word_1_524' title='bbox 3822 1806 4010 1873; x_wconf 90' lang='lat' dir='ltr'><strong>itaque</strong></span> <span class='ocrx_word' id='word_1_525' title='bbox 4064 1811 4295 1860; x_wconf 79' lang='lat' dir='ltr'><strong>vorante</strong></span> 
     </span>
    </p>
   </div>
   <div class='ocr_carea' id='block_1_77' title="bbox 2689 1895 4292 1966">
    <p class='ocr_par' dir='ltr' id='par_1_77' title="bbox 2689 1895 4292 1966">
     <span class='ocr_line' id='line_1_77' title="bbox 2689 1895 4292 1966; baseline -0.001 -16"><span class='ocrx_word' id='word_1_526' title='bbox 2689 1896 3034 1964; x_wconf 80' lang='lat' dir='ltr'><strong>compellitur</strong></span> <span class='ocrx_word' id='word_1_527' title='bbox 3082 1904 3141 1949; x_wconf 92' lang='lat' dir='ltr'><strong>ut</strong></span> <span class='ocrx_word' id='word_1_528' title='bbox 3188 1896 3255 1949; x_wconf 89' lang='lat' dir='ltr'><strong>atl</strong></span> <span class='ocrx_word' id='word_1_529' title='bbox 3286 1895 3465 1949; x_wconf 90' lang='lat' dir='ltr'><strong>locum</strong></span> <span class='ocrx_word' id='word_1_530' title='bbox 3532 1897 3675 1951; x_wconf 89' lang='lat' dir='ltr'><strong>unde</strong></span> <span class='ocrx_word' id='word_1_531' title='bbox 3727 1896 3993 1966; x_wconf 90' lang='lat' dir='ltr'><strong>remigare</strong></span> <span class='ocrx_word' id='word_1_532' title='bbox 4025 1904 4292 1966; x_wconf 72' lang='lat' dir='ltr'><strong>cmperat,</strong></span> 
     </span>
    </p>
   </div>
   <div class='ocr_carea' id='block_1_78' title="bbox 2690 1982 4292 2053">
    <p class='ocr_par' dir='ltr' id='par_1_78' title="bbox 2690 1982 4292 2053">
     <span class='ocr_line' id='line_1_78' title="bbox 2690 1982 4292 2053; baseline -0.001 -14"><span class='ocrx_word' id='word_1_533' title='bbox 2690 1986 2883 2039; x_wconf 85' lang='lat' dir='ltr'><strong>iterum</strong></span> <span class='ocrx_word' id='word_1_534' title='bbox 2901 1984 3195 2038; x_wconf 85' lang='lat' dir='ltr'><strong>relabatur.</strong></span> <span class='ocrx_word' id='word_1_535' title='bbox 3212 1982 3375 2039; x_wconf 75' lang='lat' dir='ltr'><strong>Navis</strong></span> <span class='ocrx_word' id='word_1_536' title='bbox 3407 1983 3584 2053; x_wconf 87' lang='lat' dir='ltr'><strong>plane,</strong></span> <span class='ocrx_word' id='word_1_537' title='bbox 3616 2000 3737 2053; x_wconf 73' lang='lat' dir='ltr'><strong>quae</strong></span> <span class='ocrx_word' id='word_1_538' title='bbox 3758 1984 4023 2048; x_wconf 79' lang='lat' dir='ltr'><strong>.velificat,</strong></span> <span class='ocrx_word' id='word_1_539' title='bbox 4044 1993 4292 2039; x_wconf 88' lang='lat' dir='ltr'><strong>sanctam</strong></span> 
     </span>
    </p>
   </div>
   <div class='ocr_carea' id='block_1_79' title="bbox 2688 2073 4291 2142">
    <p class='ocr_par' dir='ltr' id='par_1_79' title="bbox 2688 2073 4291 2142">
     <span class='ocr_line' id='line_1_79' title="bbox 2688 2073 4291 2142; baseline 0.002 -15"><span class='ocrx_word' id='word_1_540' title='bbox 2688 2074 3009 2139; x_wconf 80' lang='lat' dir='ltr'><strong>Ecclesium,</strong></span> <span class='ocrx_word' id='word_1_541' title='bbox 3054 2074 3138 2127; x_wconf 88' lang='lat' dir='ltr'><strong>vel</strong></span> <span class='ocrx_word' id='word_1_542' title='bbox 3185 2088 3624 2142; x_wconf 87' lang='lat' dir='ltr'><strong>unamquamque</strong></span> <span class='ocrx_word' id='word_1_543' title='bbox 3664 2073 3877 2128; x_wconf 81' lang='lat' dir='ltr'><strong>ﬁdelem</strong></span> <span class='ocrx_word' id='word_1_544' title='bbox 3928 2076 4165 2128; x_wconf 87' lang='lat' dir='ltr'><strong>animam</strong></span> <span class='ocrx_word' id='word_1_545' title='bbox 4212 2074 4291 2130; x_wconf 81' lang='lat' dir='ltr'><strong>si-</strong></span> 
     </span>
    </p>
   </div>
   <div class='ocr_carea' id='block_1_80' title="bbox 2689 2162 4295 2232">
    <p class='ocr_par' dir='ltr' id='par_1_80' title="bbox 2689 2162 4295 2232">
     <span class='ocr_line' id='line_1_80' title="bbox 2689 2162 4295 2232; baseline 0.004 -18"><span class='ocrx_word' id='word_1_546' title='bbox 2689 2172 2838 2229; x_wconf 84' lang='lat' dir='ltr'><strong>gnat.</strong></span> <span class='ocrx_word' id='word_1_547' title='bbox 2887 2162 3020 2229; x_wconf 71' lang='lat' dir='ltr'><strong>Quze</strong></span> <span class='ocrx_word' id='word_1_548' title='bbox 3047 2162 3302 2215; x_wconf 89' lang='lat' dir='ltr'><strong>nimirum</strong></span> <span class='ocrx_word' id='word_1_549' title='bbox 3350 2162 3498 2230; x_wconf 83' lang='lat' dir='ltr'><strong>ligno</strong></span> <span class='ocrx_word' id='word_1_550' title='bbox 3524 2163 3705 2218; x_wconf 83' lang='lat' dir='ltr'><strong>crucis</strong></span> <span class='ocrx_word' id='word_1_551' title='bbox 3736 2174 3943 2227; x_wconf 87' lang='lat' dir='ltr'><strong>evecta,</strong></span> <span class='ocrx_word' id='word_1_552' title='bbox 3978 2174 4295 2232; x_wconf 78' lang='lat' dir='ltr'><strong>spumantes</strong></span> 
     </span>
    </p>
   </div>
   <div class='ocr_carea' id='block_1_81' title="bbox 2688 2254 4294 2326">
    <p class='ocr_par' dir='ltr' id='par_1_81' title="bbox 2688 2254 4294 2326">
     <span class='ocr_line' id='line_1_81' title="bbox 2688 2254 4294 2326; baseline 0.004 -19"><span class='ocrx_word' id='word_1_553' title='bbox 2688 2255 2959 2325; x_wconf 79' lang='lat' dir='ltr'><strong>noctivagi</strong></span> <span class='ocrx_word' id='word_1_554' title='bbox 3008 2254 3195 2308; x_wconf 92' lang='lat' dir='ltr'><strong>mundi</strong></span> <span class='ocrx_word' id='word_1_555' title='bbox 3244 2254 3513 2325; x_wconf 87' lang='lat' dir='ltr'><strong>procellas</strong></span> <span class='ocrx_word' id='word_1_556' title='bbox 3562 2256 3753 2319; x_wconf 90' lang='lat' dir='ltr'><strong>evitat,</strong></span> <span class='ocrx_word' id='word_1_557' title='bbox 3798 2255 4172 2326; x_wconf 88' lang='lat' dir='ltr'><strong>virtutumque</strong></span> <span class='ocrx_word' id='word_1_558' title='bbox 4202 2272 4294 2313; x_wconf 84' lang='lat' dir='ltr'><strong>re-</strong></span> 
     </span>
    </p>
   </div>
   <div class='ocr_carea' id='block_1_82' title="bbox 2690 2340 4297 2418">
    <p class='ocr_par' dir='ltr' id='par_1_82' title="bbox 2690 2340 4297 2418">
     <span class='ocr_line' id='line_1_82' title="bbox 2690 2340 4297 2418; baseline 0.004 -18"><span class='ocrx_word' id='word_1_559' title='bbox 2690 2348 2852 2415; x_wconf 83' lang='lat' dir='ltr'><strong>migio</strong></span> <span class='ocrx_word' id='word_1_560' title='bbox 2877 2348 2943 2401; x_wconf 87' lang='lat' dir='ltr'><strong>ad</strong></span> <span class='ocrx_word' id='word_1_561' title='bbox 2971 2356 3187 2417; x_wconf 85' lang='lat' dir='ltr'><strong>portum</strong></span> <span class='ocrx_word' id='word_1_562' title='bbox 3213 2360 3489 2418; x_wconf 63' lang='lat' dir='ltr'><strong>pcrpetur</strong></span> <span class='ocrx_word' id='word_1_563' title='bbox 3517 2340 3717 2418; x_wconf 87' lang='lat' dir='ltr'><strong>quietis</strong></span> <span class='ocrx_word' id='word_1_564' title='bbox 3742 2350 3983 2405; x_wconf 83' lang='lat' dir='ltr'><strong>anhelat.</strong></span> <span class='ocrx_word' id='word_1_565' title='bbox 4013 2349 4120 2405; x_wconf 87' lang='lat' dir='ltr'><strong>Sed</strong></span> <span class='ocrx_word' id='word_1_566' title='bbox 4151 2350 4297 2408; x_wconf 88' lang='lat' dir='ltr'><strong>hanc</strong></span> 
     </span>
    </p>
   </div>
   <div class='ocr_carea' id='block_1_83' title="bbox 2689 2440 4296 2511">
    <p class='ocr_par' dir='ltr' id='par_1_83' title="bbox 2689 2440 4296 2511">
     <span class='ocr_line' id='line_1_83' title="bbox 2689 2440 4296 2511; baseline 0.005 -18"><span class='ocrx_word' id='word_1_567' title='bbox 2689 2455 2843 2493; x_wconf 82' lang='lat' dir='ltr'><strong>sarra</strong></span> <span class='ocrx_word' id='word_1_568' title='bbox 2874 2440 2999 2493; x_wconf 91' lang='lat' dir='ltr'><strong>dum</strong></span> <span class='ocrx_word' id='word_1_569' title='bbox 3046 2442 3414 2511; x_wconf 88' lang='lat' dir='ltr'><strong>persequitur,</strong></span> <span class='ocrx_word' id='word_1_570' title='bbox 3447 2440 3660 2507; x_wconf 84' lang='lat' dir='ltr'><strong>deficit;</strong></span> <span class='ocrx_word' id='word_1_571' title='bbox 3705 2443 3834 2511; x_wconf 87' lang='lat' dir='ltr'><strong>quia</strong></span> <span class='ocrx_word' id='word_1_572' title='bbox 3866 2442 4045 2499; x_wconf 88' lang='lat' dir='ltr'><strong>mollis</strong></span> <span class='ocrx_word' id='word_1_573' title='bbox 4080 2453 4135 2499; x_wconf 90' lang='lat' dir='ltr'><strong>et</strong></span> <span class='ocrx_word' id='word_1_574' title='bbox 4181 2445 4296 2501; x_wconf 87' lang='lat' dir='ltr'><strong>dis-</strong></span> 
     </span>
    </p>
   </div>
   <div class='ocr_carea' id='block_1_84' title="bbox 2689 2529 4297 2603">
    <p class='ocr_par' dir='ltr' id='par_1_84' title="bbox 2689 2529 4297 2603">
     <span class='ocr_line' id='line_1_84' title="bbox 2689 2529 4297 2603; baseline 0.006 -20"><span class='ocrx_word' id='word_1_575' title='bbox 2689 2529 2864 2583; x_wconf 90' lang='lat' dir='ltr'><strong>soluta</strong></span> <span class='ocrx_word' id='word_1_576' title='bbox 2896 2530 3152 2597; x_wconf 83' lang='lat' dir='ltr'><strong>quaelibet</strong></span> <span class='ocrx_word' id='word_1_577' title='bbox 3180 2530 3362 2584; x_wconf 91' lang='lat' dir='ltr'><strong>anima</strong></span> <span class='ocrx_word' id='word_1_578' title='bbox 3390 2531 3599 2587; x_wconf 80' lang='lat' dir='ltr'><strong>fervide</strong></span> <span class='ocrx_word' id='word_1_579' title='bbox 3622 2532 3843 2601; x_wconf 88' lang='lat' dir='ltr'><strong>quidem</strong></span> <span class='ocrx_word' id='word_1_580' title='bbox 3872 2533 4085 2603; x_wconf 84' lang='lat' dir='ltr'><strong>incipit,</strong></span> <span class='ocrx_word' id='word_1_581' title='bbox 4115 2534 4213 2591; x_wconf 86' lang='lat' dir='ltr'><strong>sed</strong></span> <span class='ocrx_word' id='word_1_582' title='bbox 4237 2534 4297 2592; x_wconf 86' lang='lat' dir='ltr'><strong>In</strong></span> 
     </span>
    </p>
   </div>
   <div class='ocr_carea' id='block_1_85' title="bbox 2690 2622 4297 2694">
    <p class='ocr_par' dir='ltr' id='par_1_85' title="bbox 2690 2622 4297 2694">
     <span class='ocr_line' id='line_1_85' title="bbox 2690 2622 4297 2694; baseline 0.006 -19"><span class='ocrx_word' id='word_1_583' title='bbox 2690 2623 2877 2677; x_wconf 63' lang='lat' dir='ltr'><strong>labore</strong></span> <span class='ocrx_word' id='word_1_584' title='bbox 2906 2622 3208 2677; x_wconf 88' lang='lat' dir='ltr'><strong>lassescens</strong></span> <span class='ocrx_word' id='word_1_585' title='bbox 3236 2624 3302 2676; x_wconf 88' lang='lat' dir='ltr'><strong>ad</strong></span> <span class='ocrx_word' id='word_1_586' title='bbox 3347 2623 3698 2691; x_wconf 90' lang='lat' dir='ltr'><strong>perfectionis</strong></span> <span class='ocrx_word' id='word_1_587' title='bbox 3728 2623 3905 2691; x_wconf 91' lang='lat' dir='ltr'><strong>littus,</strong></span> <span class='ocrx_word' id='word_1_588' title='bbox 3938 2626 4081 2694; x_wconf 88' lang='lat' dir='ltr'><strong>quod</strong></span> <span class='ocrx_word' id='word_1_589' title='bbox 4110 2626 4297 2684; x_wconf 87' lang='lat' dir='ltr'><strong>subire</strong></span> 
     </span>
    </p>
   </div>
   <div class='ocr_carea' id='block_1_86' title="bbox 2690 2712 4295 2789">
    <p class='ocr_par' dir='ltr' id='par_1_86' title="bbox 2690 2712 4295 2789">
     <span class='ocr_line' id='line_1_86' title="bbox 2690 2712 4295 2789; baseline 0.005 -22"><span class='ocrx_word' id='word_1_590' title='bbox 2690 2714 3025 2775; x_wconf 71' lang='lat' dir='ltr'><strong>decreverat,</strong></span> <span class='ocrx_word' id='word_1_591' title='bbox 3055 2728 3162 2768; x_wconf 92' lang='lat' dir='ltr'><strong>non</strong></span> <span class='ocrx_word' id='word_1_592' title='bbox 3184 2712 3462 2785; x_wconf 80' lang='lat' dir='ltr'><strong>pertingit.</strong></span> <span class='ocrx_word' id='word_1_593' title='bbox 3494 2714 3636 2770; x_wconf 91' lang='lat' dir='ltr'><strong>Sunt</strong></span> <span class='ocrx_word' id='word_1_594' title='bbox 3662 2717 3806 2772; x_wconf 88' lang='lat' dir='ltr'><strong>enim</strong></span> <span class='ocrx_word' id='word_1_595' title='bbox 3836 2716 4028 2787; x_wconf 82' lang='lat' dir='ltr'><strong>aliqui,</strong></span> <span class='ocrx_word' id='word_1_596' title='bbox 4050 2718 4144 2789; x_wconf 88' lang='lat' dir='ltr'><strong>qui</strong></span> <span class='ocrx_word' id='word_1_597' title='bbox 4164 2724 4295 2777; x_wconf 86' lang='lat' dir='ltr'><strong>dum</strong></span> 
     </span>
    </p>
   </div>
   <div class='ocr_carea' id='block_1_87' title="bbox 2689 2806 4295 2883">
    <p class='ocr_par' dir='ltr' id='par_1_87' title="bbox 2689 2806 4295 2883">
     <span class='ocr_line' id='line_1_87' title="bbox 2689 2806 4295 2883; baseline 0.004 -23"><span class='ocrx_word' id='word_1_598' title='bbox 2689 2807 2824 2863; x_wconf 82' lang='lat' dir='ltr'><strong>alios</strong></span> <span class='ocrx_word' id='word_1_599' title='bbox 2876 2806 2958 2861; x_wconf 90' lang='lat' dir='ltr'><strong>ire</strong></span> <span class='ocrx_word' id='word_1_600' title='bbox 2998 2822 3097 2877; x_wconf 91' lang='lat' dir='ltr'><strong>per</strong></span> <span class='ocrx_word' id='word_1_601' title='bbox 3145 2806 3387 2862; x_wconf 84' lang='lat' dir='ltr'><strong>honestae</strong></span> <span class='ocrx_word' id='word_1_602' title='bbox 3427 2808 3550 2863; x_wconf 67' lang='lat' dir='ltr'><strong>vitae</strong></span> <span class='ocrx_word' id='word_1_603' title='bbox 3600 2810 3869 2864; x_wconf 87' lang='lat' dir='ltr'><strong>tramitem</strong></span> <span class='ocrx_word' id='word_1_604' title='bbox 3918 2824 4173 2879; x_wconf 84' lang='lat' dir='ltr'><strong>cernunt,</strong></span> <span class='ocrx_word' id='word_1_605' title='bbox 4204 2812 4295 2883; x_wconf 90' lang='lat' dir='ltr'><strong>pio</strong></span> 
     </span>
    </p>
   </div>
   <div class='ocr_carea' id='block_1_88' title="bbox 2690 2899 4294 2971">
    <p class='ocr_par' dir='ltr' id='par_1_88' title="bbox 2690 2899 4294 2971">
     <span class='ocr_line' id='line_1_88' title="bbox 2690 2899 4294 2971; baseline 0.005 -18"><span class='ocrx_word' id='word_1_606' title='bbox 2690 2899 2964 2953; x_wconf 87' lang='lat' dir='ltr'><strong>desiderio</strong></span> <span class='ocrx_word' id='word_1_607' title='bbox 2995 2899 3274 2966; x_wconf 88' lang='lat' dir='ltr'><strong>provocati</strong></span> <span class='ocrx_word' id='word_1_608' title='bbox 3303 2910 3424 2967; x_wconf 90' lang='lat' dir='ltr'><strong>post</strong></span> <span class='ocrx_word' id='word_1_609' title='bbox 3445 2914 3539 2956; x_wconf 88' lang='lat' dir='ltr'><strong>eos</strong></span> <span class='ocrx_word' id='word_1_610' title='bbox 3570 2901 3674 2954; x_wconf 89' lang='lat' dir='ltr'><strong>iter</strong></span> <span class='ocrx_word' id='word_1_611' title='bbox 3702 2901 3993 2971; x_wconf 84' lang='lat' dir='ltr'><strong>arripiunt.</strong></span> <span class='ocrx_word' id='word_1_612' title='bbox 4025 2902 4133 2959; x_wconf 90' lang='lat' dir='ltr'><strong>Sed</strong></span> <span class='ocrx_word' id='word_1_613' title='bbox 4163 2904 4294 2960; x_wconf 90' lang='lat' dir='ltr'><strong>dum</strong></span> 
     </span>
    </p>
   </div>
   <div class='ocr_carea' id='block_1_89' title="bbox 2690 2989 4298 3063">
    <p class='ocr_par' dir='ltr' id='par_1_89' title="bbox 2690 2989 4298 3063">
     <span class='ocr_line' id='line_1_89' title="bbox 2690 2989 4298 3063; baseline 0.003 -19"><span class='ocrx_word' id='word_1_614' title='bbox 2690 2989 2775 3044; x_wconf 89' lang='lat' dir='ltr'><strong>vel</strong></span> <span class='ocrx_word' id='word_1_615' title='bbox 2807 2990 2961 3044; x_wconf 83' lang='lat' dir='ltr'><strong>nimii</strong></span> <span class='ocrx_word' id='word_1_616' title='bbox 2992 2990 3217 3054; x_wconf 82' lang='lat' dir='ltr'><strong>laboris,</strong></span> <span class='ocrx_word' id='word_1_617' title='bbox 3249 2990 3331 3043; x_wconf 81' lang='lat' dir='ltr'><strong>vel</strong></span> <span class='ocrx_word' id='word_1_618' title='bbox 3364 2990 3756 3046; x_wconf 90' lang='lat' dir='ltr'><strong>inundantibus</strong></span> <span class='ocrx_word' id='word_1_619' title='bbox 3789 2991 4076 3063; x_wconf 76' lang='lat' dir='ltr'><strong>cujuslibet</strong></span> <span class='ocrx_word' id='word_1_620' title='bbox 4103 2995 4298 3051; x_wconf 83' lang='lat' dir='ltr'><strong>adver-</strong></span> 
     </span>
    </p>
   </div>
   <div class='ocr_carea' id='block_1_90' title="bbox 2691 3078 4299 3151">
    <p class='ocr_par' dir='ltr' id='par_1_90' title="bbox 2691 3078 4299 3151">
     <span class='ocr_line' id='line_1_90' title="bbox 2691 3078 4299 3151; baseline 0.005 -18"><span class='ocrx_word' id='word_1_621' title='bbox 2691 3079 2864 3133; x_wconf 85' lang='lat' dir='ltr'><strong>sitatis</strong></span> <span class='ocrx_word' id='word_1_622' title='bbox 2916 3078 3169 3133; x_wconf 78' lang='lat' dir='ltr'><strong>ﬂuctibus</strong></span> <span class='ocrx_word' id='word_1_623' title='bbox 3220 3079 3547 3145; x_wconf 80' lang='lat' dir='ltr'><strong>obruuntur,</strong></span> <span class='ocrx_word' id='word_1_624' title='bbox 3599 3083 3847 3151; x_wconf 89' lang='lat' dir='ltr'><strong>protinus</strong></span> <span class='ocrx_word' id='word_1_625' title='bbox 3894 3098 3924 3136; x_wconf 89' lang='lat' dir='ltr'><strong>a</strong></span> <span class='ocrx_word' id='word_1_626' title='bbox 3972 3084 4158 3139; x_wconf 87' lang='lat' dir='ltr'><strong>labore</strong></span> <span class='ocrx_word' id='word_1_627' title='bbox 4203 3086 4299 3141; x_wconf 80' lang='lat' dir='ltr'><strong>de-</strong></span> 
     </span>
    </p>
   </div>
   <div class='ocr_carea' id='block_1_91' title="bbox 2694 3168 4298 3238">
    <p class='ocr_par' dir='ltr' id='par_1_91' title="bbox 2694 3168 4298 3238">
     <span class='ocr_line' id='line_1_91' title="bbox 2694 3168 4298 3238; baseline 0.006 -16"><span class='ocrx_word' id='word_1_628' title='bbox 2694 3168 2911 3233; x_wconf 81' lang='lat' dir='ltr'><strong>ficiunt;</strong></span> <span class='ocrx_word' id='word_1_629' title='bbox 2960 3179 3015 3223; x_wconf 90' lang='lat' dir='ltr'><strong>et</strong></span> <span class='ocrx_word' id='word_1_630' title='bbox 3056 3170 3137 3223; x_wconf 93' lang='lat' dir='ltr'><strong>sic</strong></span> <span class='ocrx_word' id='word_1_631' title='bbox 3183 3170 3252 3224; x_wconf 91' lang='lat' dir='ltr'><strong>ad</strong></span> <span class='ocrx_word' id='word_1_632' title='bbox 3298 3170 3710 3226; x_wconf 87' lang='lat' dir='ltr'><strong>similitudinem</strong></span> <span class='ocrx_word' id='word_1_633' title='bbox 3758 3188 3949 3238; x_wconf 69' lang='lat' dir='ltr'><strong>sarrm,</strong></span> <span class='ocrx_word' id='word_1_634' title='bbox 3982 3177 4126 3229; x_wconf 91' lang='lat' dir='ltr'><strong>unde</strong></span> <span class='ocrx_word' id='word_1_635' title='bbox 4162 3175 4298 3231; x_wconf 84' lang='lat' dir='ltr'><strong>veli-</strong></span> 
     </span>
    </p>
   </div>
   <div class='ocr_carea' id='block_1_92' title="bbox 2694 3258 4297 3333">
    <p class='ocr_par' dir='ltr' id='par_1_92' title="bbox 2694 3258 4297 3333">
     <span class='ocr_line' id='line_1_92' title="bbox 2694 3258 4297 3333; baseline 0.006 -21"><span class='ocrx_word' id='word_1_636' title='bbox 2694 3258 2869 3313; x_wconf 74' lang='lat' dir='ltr'><strong>ficare</strong></span> <span class='ocrx_word' id='word_1_637' title='bbox 2891 3268 3191 3325; x_wconf 64' lang='lat' dir='ltr'><strong>coeperant,</strong></span> <span class='ocrx_word' id='word_1_638' title='bbox 3238 3259 3578 3315; x_wconf 89' lang='lat' dir='ltr'><strong>relabuntur.</strong></span> <span class='ocrx_word' id='word_1_639' title='bbox 3612 3259 3689 3313; x_wconf 91' lang='lat' dir='ltr'><strong>De</strong></span> <span class='ocrx_word' id='word_1_640' title='bbox 3717 3261 3917 3331; x_wconf 91' lang='lat' dir='ltr'><strong>quibus</strong></span> <span class='ocrx_word' id='word_1_641' title='bbox 3947 3264 4134 3333; x_wconf 89' lang='lat' dir='ltr'><strong>utique</strong></span> <span class='ocrx_word' id='word_1_642' title='bbox 4160 3267 4297 3321; x_wconf 88' lang='lat' dir='ltr'><strong>scri-</strong></span> 
     </span>
    </p>
   </div>
   <div class='ocr_carea' id='block_1_93' title="bbox 2692 3348 4294 3420">
    <p class='ocr_par' dir='ltr' id='par_1_93' title="bbox 2692 3348 4294 3420">
     <span class='ocr_line' id='line_1_93' title="bbox 2692 3348 4294 3420; baseline 0.006 -20"><span class='ocrx_word' id='word_1_643' title='bbox 2692 3360 2846 3420; x_wconf 81' lang='lat' dir='ltr'><strong>ptum</strong></span> <span class='ocrx_word' id='word_1_644' title='bbox 2884 3358 2967 3403; x_wconf 87' lang='lat' dir='ltr'><strong>est</strong></span> <span class='ocrx_word' id='word_1_645' title='bbox 3011 3367 3024 3401; x_wconf 86' lang='lat'><strong>:</strong></span> <span class='ocrx_word' id='word_1_646' title='bbox 3074 3365 3093 3400; x_wconf 79' lang='lat' dir='ltr'><strong>t</strong></span> <span class='ocrx_word' id='word_1_647' title='bbox 3129 3348 3225 3403; x_wconf 60' lang='lat' dir='ltr'><strong>Vas</strong></span> <span class='ocrx_word' id='word_1_648' title='bbox 3260 3349 3345 3404; x_wconf 89' lang='lat' dir='ltr'><strong>his</strong></span> <span class='ocrx_word' id='word_1_649' title='bbox 3391 3349 3482 3419; x_wconf 88' lang='lat' dir='ltr'><strong>qui</strong></span> <span class='ocrx_word' id='word_1_650' title='bbox 3525 3350 3877 3419; x_wconf 89' lang='lat' dir='ltr'><strong>perdiderunt</strong></span> <span class='ocrx_word' id='word_1_651' title='bbox 3912 3354 4294 3411; x_wconf 75' lang='lat' dir='ltr'><strong>sustinentium</strong></span> 
     </span>
    </p>
   </div>
   <div class='ocr_carea' id='block_1_94' title="bbox 2696 3439 4297 3511">
    <p class='ocr_par' dir='ltr' id='par_1_94' title="bbox 2696 3439 4297 3511">
     <span class='ocr_line' id='line_1_94' title="bbox 2696 3439 4297 3511; baseline 0.006 -17"><span class='ocrx_word' id='word_1_652' title='bbox 2696 3439 2892 3511; x_wconf 83' lang='lat' dir='ltr'><strong>(Eccli.</strong></span> <span class='ocrx_word' id='word_1_653' title='bbox 2930 3440 3015 3510; x_wconf 87' lang='grc' dir='ltr'><strong>ιι).</strong></span> <span class='ocrx_word' id='word_1_654' title='bbox 3064 3458 3083 3491; x_wconf 84' lang='grc' dir='ltr'><strong>ι</strong></span> <span class='ocrx_word' id='word_1_655' title='bbox 3121 3439 3187 3492; x_wconf 85' lang='lat' dir='ltr'><strong>Et</strong></span> <span class='ocrx_word' id='word_1_656' title='bbox 3218 3440 3303 3493; x_wconf 88' lang='lat' dir='ltr'><strong>vir</strong></span> <span class='ocrx_word' id='word_1_657' title='bbox 3353 3441 3571 3511; x_wconf 88' lang='lat' dir='ltr'><strong>sapiens</strong></span> <span class='ocrx_word' id='word_1_658' title='bbox 3612 3459 3624 3494; x_wconf 90' lang='lat'><strong>:</strong></span> <span class='ocrx_word' id='word_1_659' title='bbox 3666 3461 3682 3493; x_wconf 79' lang='grc' dir='ltr'><strong>ι</strong></span> <span class='ocrx_word' id='word_1_660' title='bbox 3718 3441 3813 3496; x_wconf 85' lang='lat' dir='ltr'><strong>Est</strong></span> <span class='ocrx_word' id='word_1_661' title='bbox 3857 3442 4065 3501; x_wconf 51' lang='lat' dir='ltr'><strong>aulicus</strong></span> <span class='ocrx_word' id='word_1_662' title='bbox 4112 3446 4297 3503; x_wconf 83' lang='lat' dir='ltr'><strong>socius</strong></span> 
     </span>
    </p>
   </div>
   <div class='ocr_carea' id='block_1_95' title="bbox 2693 3530 4293 3605">
    <p class='ocr_par' dir='ltr' id='par_1_95' title="bbox 2693 3530 4293 3605">
     <span class='ocr_line' id='line_1_95' title="bbox 2693 3530 4293 3605; baseline 0.007 -22"><span class='ocrx_word' id='word_1_663' title='bbox 2693 3543 2917 3595; x_wconf 67' lang='lat' dir='ltr'><strong>mensae,</strong></span> <span class='ocrx_word' id='word_1_664' title='bbox 2964 3538 3022 3583; x_wconf 89' lang='lat' dir='ltr'><strong>et</strong></span> <span class='ocrx_word' id='word_1_665' title='bbox 3064 3544 3173 3583; x_wconf 90' lang='lat' dir='ltr'><strong>non</strong></span> <span class='ocrx_word' id='word_1_666' title='bbox 3205 3538 3493 3599; x_wconf 89' lang='lat' dir='ltr'><strong>permanet</strong></span> <span class='ocrx_word' id='word_1_667' title='bbox 3521 3530 3574 3584; x_wconf 91' lang='lat' dir='ltr'><strong>in</strong></span> <span class='ocrx_word' id='word_1_668' title='bbox 3607 3531 3692 3586; x_wconf 89' lang='lat' dir='ltr'><strong>die</strong></span> <span class='ocrx_word' id='word_1_669' title='bbox 3725 3534 4069 3590; x_wconf 83' lang='lat' dir='ltr'><strong>necessitatis</strong></span> <span class='ocrx_word' id='word_1_670' title='bbox 4098 3535 4293 3605; x_wconf 82' lang='lat' dir='ltr'><strong>(Ecsli.</strong></span> 
     </span>
    </p>
   </div>
   <div class='ocr_carea' id='block_1_96' title="bbox 2692 3618 4297 3699">
    <p class='ocr_par' dir='ltr' id='par_1_96' title="bbox 2692 3618 4297 3699">
     <span class='ocr_line' id='line_1_96' title="bbox 2692 3618 4297 3699; baseline 0.007 -26"><span class='ocrx_word' id='word_1_671' title='bbox 2692 3621 2793 3688; x_wconf 81' lang='lat' dir='ltr'><strong>vi).</strong></span> <span class='ocrx_word' id='word_1_672' title='bbox 2828 3639 2848 3673; x_wconf 78' lang='grc' dir='ltr'><strong>ι</strong></span> <span class='ocrx_word' id='word_1_673' title='bbox 2884 3618 2991 3675; x_wconf 89' lang='lat' dir='ltr'><strong>Sed</strong></span> <span class='ocrx_word' id='word_1_674' title='bbox 3024 3620 3225 3676; x_wconf 90' lang='lat' dir='ltr'><strong>talibus</strong></span> <span class='ocrx_word' id='word_1_675' title='bbox 3264 3630 3507 3677; x_wconf 84' lang='lat' dir='ltr'><strong>rectores</strong></span> <span class='ocrx_word' id='word_1_676' title='bbox 3537 3622 3903 3679; x_wconf 85' lang='lat' dir='ltr'><strong>Ecclesiarum</strong></span> <span class='ocrx_word' id='word_1_677' title='bbox 3945 3628 4172 3699; x_wconf 86' lang='lat' dir='ltr'><strong>impigra</strong></span> <span class='ocrx_word' id='word_1_678' title='bbox 4201 3631 4297 3685; x_wconf 89' lang='lat' dir='ltr'><strong>de-</strong></span> 
     </span>
    </p>
   </div>
   <div class='ocr_carea' id='block_1_97' title="bbox 2692 3710 4297 3786">
    <p class='ocr_par' dir='ltr' id='par_1_97' title="bbox 2692 3710 4297 3786">
     <span class='ocr_line' id='line_1_97' title="bbox 2692 3710 4297 3786; baseline 0.007 -20"><span class='ocrx_word' id='word_1_679' title='bbox 2692 3711 2822 3766; x_wconf 89' lang='lat' dir='ltr'><strong>bent</strong></span> <span class='ocrx_word' id='word_1_680' title='bbox 2853 3710 3234 3765; x_wconf 81' lang='lat' dir='ltr'><strong>exhortatione</strong></span> <span class='ocrx_word' id='word_1_681' title='bbox 3279 3726 3623 3778; x_wconf 83' lang='lat' dir='ltr'><strong>succurrere,</strong></span> <span class='ocrx_word' id='word_1_682' title='bbox 3651 3728 3716 3769; x_wconf 91' lang='lat' dir='ltr'><strong>ae</strong></span> <span class='ocrx_word' id='word_1_683' title='bbox 3748 3716 3889 3770; x_wconf 85' lang='lat' dir='ltr'><strong>inter</strong></span> <span class='ocrx_word' id='word_1_684' title='bbox 3919 3718 4032 3786; x_wconf 86' lang='lat' dir='ltr'><strong>ipsa</strong></span> <span class='ocrx_word' id='word_1_685' title='bbox 4065 3721 4297 3776; x_wconf 57' lang='lat' dir='ltr'><strong>szevien.</strong></span> 
     </span>
    </p>
   </div>
   <div class='ocr_carea' id='block_1_98' title="bbox 2692 3802 4295 3879">
    <p class='ocr_par' dir='ltr' id='par_1_98' title="bbox 2692 3802 4295 3879">
     <span class='ocr_line' id='line_1_98' title="bbox 2692 3802 4295 3879; baseline 0.008 -24"><span class='ocrx_word' id='word_1_686' title='bbox 2692 3804 2763 3857; x_wconf 88' lang='lat' dir='ltr'><strong>tis</strong></span> <span class='ocrx_word' id='word_1_687' title='bbox 2804 3802 3057 3871; x_wconf 62' lang='lat' dir='ltr'><strong>procellas</strong></span> <span class='ocrx_word' id='word_1_688' title='bbox 3098 3804 3417 3859; x_wconf 88' lang='lat' dir='ltr'><strong>discrimina</strong></span> <span class='ocrx_word' id='word_1_689' title='bbox 3462 3804 3791 3861; x_wconf 83' lang='lat' dir='ltr'><strong>ﬂuctuantes</strong></span> <span class='ocrx_word' id='word_1_690' title='bbox 3823 3808 3999 3865; x_wconf 88' lang='lat' dir='ltr'><strong>valido</strong></span> <span class='ocrx_word' id='word_1_691' title='bbox 4030 3812 4295 3879; x_wconf 68' lang='lat' dir='ltr'><strong>pmdicao</strong></span> 
     </span>
    </p>
   </div>
   <div class='ocr_carea' id='block_1_99' title="bbox 2692 3894 4294 3973">
    <p class='ocr_par' dir='ltr' id='par_1_99' title="bbox 2692 3894 4294 3973">
     <span class='ocr_line' id='line_1_99' title="bbox 2692 3894 4294 3973; baseline 0.007 -25"><span class='ocrx_word' id='word_1_692' title='bbox 2692 3894 2900 3949; x_wconf 90' lang='lat' dir='ltr'><strong>tionum</strong></span> <span class='ocrx_word' id='word_1_693' title='bbox 2950 3894 3177 3950; x_wconf 88' lang='lat' dir='ltr'><strong>brachio</strong></span> <span class='ocrx_word' id='word_1_694' title='bbox 3223 3897 3505 3961; x_wconf 86' lang='lat' dir='ltr'><strong>roborare,</strong></span> <span class='ocrx_word' id='word_1_695' title='bbox 3538 3905 3597 3949; x_wconf 91' lang='lat' dir='ltr'><strong>ut</strong></span> <span class='ocrx_word' id='word_1_696' title='bbox 3622 3911 3717 3951; x_wconf 90' lang='lat' dir='ltr'><strong>eos</strong></span> <span class='ocrx_word' id='word_1_697' title='bbox 3754 3896 4067 3970; x_wconf 80' lang='lat' dir='ltr'><strong>naufragart</strong></span> <span class='ocrx_word' id='word_1_698' title='bbox 4099 3902 4294 3973; x_wconf 88' lang='lat' dir='ltr'><strong>pelago</strong></span> 
     </span>
    </p>
   </div>
   <div class='ocr_carea' id='block_1_100' title="bbox 2690 3985 4293 4060">
    <p class='ocr_par' dir='ltr' id='par_1_100' title="bbox 2690 3985 4293 4060">
     <span class='ocr_line' id='line_1_100' title="bbox 2690 3985 4293 4060; baseline 0.006 -19"><span class='ocrx_word' id='word_1_699' title='bbox 2690 3985 3327 4055; x_wconf 68' lang='lat' dir='ltr'><strong>sorbente‘prohibeant,</strong></span> <span class='ocrx_word' id='word_1_700' title='bbox 3361 3988 3490 4041; x_wconf 87' lang='lat' dir='ltr'><strong>dmn</strong></span> <span class='ocrx_word' id='word_1_701' title='bbox 3537 3988 3605 4041; x_wconf 90' lang='lat' dir='ltr'><strong>ad</strong></span> <span class='ocrx_word' id='word_1_702' title='bbox 3653 3992 4074 4060; x_wconf 67' lang='lat' dir='ltr'><strong>perseverantia:</strong></span> <span class='ocrx_word' id='word_1_703' title='bbox 4122 3994 4293 4051; x_wconf 81' lang='lat' dir='ltr'><strong>robur</strong></span> 
     </span>
    </p>
   </div>
   <div class='ocr_carea' id='block_1_101' title="bbox 2690 4077 3964 4139">
    <p class='ocr_par' dir='ltr' id='par_1_101' title="bbox 2690 4077 3964 4139">
     <span class='ocr_line' id='line_1_101' title="bbox 2690 4077 3964 4139; baseline 0.007 -8"><span class='ocrx_word' id='word_1_704' title='bbox 2690 4077 3015 4133; x_wconf 85' lang='lat' dir='ltr'><strong>inconcussa</strong></span> <span class='ocrx_word' id='word_1_705' title='bbox 3050 4080 3371 4133; x_wconf 65' lang='lat' dir='ltr'><strong>constantia:</strong></span> <span class='ocrx_word' id='word_1_706' title='bbox 3402 4080 3584 4135; x_wconf 86' lang='lat' dir='ltr'><strong>radice</strong></span> <span class='ocrx_word' id='word_1_707' title='bbox 3616 4082 3964 4139; x_wconf 79' lang='lat' dir='ltr'><strong>confirmant.</strong></span> 
     </span>
    </p>
   </div>
   <div class='ocr_carea' id='block_1_102' title="bbox 3287 4187 3691 4247">
    <p class='ocr_par' dir='ltr' id='par_1_102' title="bbox 3287 4187 3691 4247">
     <span class='ocr_line' id='line_1_102' title="bbox 3287 4187 3691 4247; baseline 0.01 -5"><span class='ocrx_word' id='word_1_708' title='bbox 3287 4187 3517 4245; x_wconf 73' lang='lat' dir='ltr'><strong>CAPUT</strong></span> <span class='ocrx_word' id='word_1_709' title='bbox 3556 4189 3691 4247; x_wconf 64' lang='lat' dir='ltr'><strong>Xll’l.</strong></span> 
     </span>
    </p>
   </div>
   <div class='ocr_carea' id='block_1_103' title="bbox 3337 4299 3640 4358">
    <p class='ocr_par' dir='ltr' id='par_1_103' title="bbox 3337 4299 3640 4358">
     <span class='ocr_line' id='line_1_103' title="bbox 3337 4299 3640 4358; baseline 0.017 -5"><span class='ocrx_word' id='word_1_710' title='bbox 3337 4299 3412 4355; x_wconf 83' lang='lat' dir='ltr'><strong>De</strong></span> <span class='ocrx_word' id='word_1_711' title='bbox 3440 4303 3640 4358; x_wconf 77' lang='lat' dir='ltr'><strong>echino.</strong></span> 
     </span>
    </p>
   </div>
   <div class='ocr_carea' id='block_1_104' title="bbox 2760 4407 4287 4493">
    <p class='ocr_par' dir='ltr' id='par_1_104' title="bbox 2760 4407 4287 4493">
     <span class='ocr_line' id='line_1_104' title="bbox 2760 4407 4287 4493; baseline 0.014 -31"><span class='ocrx_word' id='word_1_712' title='bbox 2760 4407 2916 4475; x_wconf 85' lang='lat' dir='ltr'><strong>Quod</strong></span> <span class='ocrx_word' id='word_1_713' title='bbox 2954 4410 3183 4465; x_wconf 90' lang='lat' dir='ltr'><strong>echinus</strong></span> <span class='ocrx_word' id='word_1_714' title='bbox 3224 4411 3389 4465; x_wconf 88' lang='lat' dir='ltr'><strong>etiam</strong></span> <span class='ocrx_word' id='word_1_715' title='bbox 3415 4453 3428 4473; x_wconf 94' lang='lat'><strong>,</strong></span> <span class='ocrx_word' id='word_1_716' title='bbox 3462 4413 3645 4470; x_wconf 82' lang='lat' dir='ltr'><strong>brevis</strong></span> <span class='ocrx_word' id='word_1_717' title='bbox 3680 4416 3932 4475; x_wconf 82' lang='lat' dir='ltr'><strong>videlicet</strong></span> <span class='ocrx_word' id='word_1_718' title='bbox 3974 4424 4287 4493; x_wconf 83' lang='lat' dir='ltr'><strong>pisciculus,</strong></span> 
     </span>
    </p>
   </div>
   <div class='ocr_carea' id='block_1_105' title="bbox 2610 4498 4292 4581">
    <p class='ocr_par' dir='ltr' id='par_1_105' title="bbox 2610 4498 4292 4581">
     <span class='ocr_line' id='line_1_105' title="bbox 2610 4498 4292 4581; baseline 0.014 -28"><span class='ocrx_word' id='word_1_719' title='bbox 2610 4521 2663 4581; x_wconf 73' lang='grc' dir='ltr'><strong>ι)</strong></span> <span class='ocrx_word' id='word_1_720' title='bbox 2690 4498 2886 4565; x_wconf 85' lang='lat' dir='ltr'><strong>innuit,</strong></span> <span class='ocrx_word' id='word_1_721' title='bbox 2925 4502 3015 4571; x_wconf 88' lang='lat' dir='ltr'><strong>qui</strong></span> <span class='ocrx_word' id='word_1_722' title='bbox 3047 4518 3213 4558; x_wconf 89' lang='lat' dir='ltr'><strong>naves</strong></span> <span class='ocrx_word' id='word_1_723' title='bbox 3240 4504 3483 4574; x_wconf 80' lang='lat' dir='ltr'><strong>ingentes</strong></span> <span class='ocrx_word' id='word_1_724' title='bbox 3508 4506 3684 4574; x_wconf 88' lang='lat' dir='ltr'><strong>plenis</strong></span> <span class='ocrx_word' id='word_1_725' title='bbox 3711 4522 3992 4568; x_wconf 84' lang='lat' dir='ltr'><strong>currentes</strong></span> <span class='ocrx_word' id='word_1_726' title='bbox 4016 4516 4151 4573; x_wconf 78' lang='lat' dir='ltr'><strong>velis</strong></span> <span class='ocrx_word' id='word_1_727' title='bbox 4190 4521 4292 4575; x_wconf 89' lang='lat' dir='ltr'><strong>im-</strong></span> 
     </span>
    </p>
   </div>
   <div class='ocr_carea' id='block_1_106' title="bbox 2693 4589 4292 4677">
    <p class='ocr_par' dir='ltr' id='par_1_106' title="bbox 2693 4589 4292 4677">
     <span class='ocr_line' id='line_1_106' title="bbox 2693 4589 4292 4677; baseline 0.006 -34"><span class='ocrx_word' id='word_1_728' title='bbox 2693 4589 2969 4645; x_wconf 86' lang='lat' dir='ltr'><strong>mobiliter</strong></span> <span class='ocrx_word' id='word_1_729' title='bbox 3008 4591 3173 4645; x_wconf 86' lang='lat' dir='ltr'><strong>sistit.</strong></span> <span class='ocrx_word' id='word_1_730' title='bbox 3220 4592 3412 4647; x_wconf 81' lang='lat' dir='ltr'><strong>Mirum</strong></span> <span class='ocrx_word' id='word_1_731' title='bbox 3444 4604 3594 4650; x_wconf 84' lang='lat' dir='ltr'><strong>certe</strong></span> <span class='ocrx_word' id='word_1_732' title='bbox 3642 4602 3915 4667; x_wconf 92' lang='lat' dir='ltr'><strong>quomodo</strong></span> <span class='ocrx_word' id='word_1_733' title='bbox 3962 4605 4127 4672; x_wconf 88' lang='lat' dir='ltr'><strong>piscis</strong></span> <span class='ocrx_word' id='word_1_734' title='bbox 4168 4622 4292 4677; x_wconf 73' lang='lat' dir='ltr'><strong>per.</strong></span> 
     </span>
    </p>
   </div>
   <div class='ocr_carea' id='block_1_107' title="bbox 2692 4680 4292 4757">
    <p class='ocr_par' dir='ltr' id='par_1_107' title="bbox 2692 4680 4292 4757">
     <span class='ocr_line' id='line_1_107' title="bbox 2692 4680 4292 4757; baseline 0.015 -24"><span class='ocrx_word' id='word_1_735' title='bbox 2692 4680 2921 4749; x_wconf 83' lang='lat' dir='ltr'><strong>exiguus</strong></span> <span class='ocrx_word' id='word_1_736' title='bbox 2947 4694 3195 4749; x_wconf 89' lang='lat' dir='ltr'><strong>corpore,</strong></span> <span class='ocrx_word' id='word_1_737' title='bbox 3229 4691 3335 4735; x_wconf 90' lang='lat' dir='ltr'><strong>tam</strong></span> <span class='ocrx_word' id='word_1_738' title='bbox 3366 4699 3649 4741; x_wconf 88' lang='lat' dir='ltr'><strong>enormem</strong></span> <span class='ocrx_word' id='word_1_739' title='bbox 3675 4690 3858 4744; x_wconf 86' lang='lat' dir='ltr'><strong>carabi</strong></span> <span class='ocrx_word' id='word_1_740' title='bbox 3890 4694 4083 4750; x_wconf 88' lang='lat' dir='ltr'><strong>molem</strong></span> <span class='ocrx_word' id='word_1_741' title='bbox 4112 4698 4292 4757; x_wconf 85' lang='lat' dir='ltr'><strong>valeat</strong></span> 
     </span>
    </p>
   </div>
   <div class='ocr_carea' id='block_1_108' title="bbox 2690 4771 4289 4849">
    <p class='ocr_par' dir='ltr' id='par_1_108' title="bbox 2690 4771 4289 4849">
     <span class='ocr_line' id='line_1_108' title="bbox 2690 4771 4289 4849; baseline 0.017 -26"><span class='ocrx_word' id='word_1_742' title='bbox 2690 4771 3012 4826; x_wconf 83' lang='lat' dir='ltr'><strong>inconcusse</strong></span> <span class='ocrx_word' id='word_1_743' title='bbox 3041 4788 3411 4844; x_wconf 87' lang='lat' dir='ltr'><strong>compescere,</strong></span> <span class='ocrx_word' id='word_1_744' title='bbox 3458 4788 3517 4831; x_wconf 91' lang='lat' dir='ltr'><strong>ut</strong></span> <span class='ocrx_word' id='word_1_745' title='bbox 3562 4788 3819 4849; x_wconf 89' lang='lat' dir='ltr'><strong>tanquam</strong></span> <span class='ocrx_word' id='word_1_746' title='bbox 3861 4785 3965 4839; x_wconf 75' lang='lat' dir='ltr'><strong>fixa</strong></span> <span class='ocrx_word' id='word_1_747' title='bbox 4014 4789 4289 4849; x_wconf 85' lang='lat' dir='ltr'><strong>radicibus</strong></span> 
     </span>
    </p>
   </div>
   <div class='ocr_carea' id='block_1_109' title="bbox 2689 4862 4288 4942">
    <p class='ocr_par' dir='ltr' id='par_1_109' title="bbox 2689 4862 4288 4942">
     <span class='ocr_line' id='line_1_109' title="bbox 2689 4862 4288 4942; baseline 0.018 -29"><span class='ocrx_word' id='word_1_748' title='bbox 2689 4862 2940 4917; x_wconf 86' lang='lat' dir='ltr'><strong>videatur</strong></span> <span class='ocrx_word' id='word_1_749' title='bbox 2966 4864 3191 4919; x_wconf 59' lang='lat' dir='ltr'><strong>haerere.</strong></span> <span class='ocrx_word' id='word_1_750' title='bbox 3228 4865 3467 4923; x_wconf 86' lang='lat' dir='ltr'><strong>Echinus</strong></span> <span class='ocrx_word' id='word_1_751' title='bbox 3493 4880 3627 4941; x_wconf 89' lang='lat' dir='ltr'><strong>ergo</strong></span> <span class='ocrx_word' id='word_1_752' title='bbox 3669 4871 3782 4942; x_wconf 72' lang='lat' dir='ltr'><strong>ﬁgit</strong></span> <span class='ocrx_word' id='word_1_753' title='bbox 3813 4876 3867 4929; x_wconf 91' lang='lat' dir='ltr'><strong>in</strong></span> <span class='ocrx_word' id='word_1_754' title='bbox 3896 4875 4149 4937; x_wconf 82' lang='lat' dir='ltr'><strong>ﬂuctibus</strong></span> <span class='ocrx_word' id='word_1_755' title='bbox 4193 4900 4288 4941; x_wconf 85' lang='lat' dir='ltr'><strong>na-</strong></span> 
     </span>
    </p>
   </div>
   <div class='ocr_carea' id='block_1_110' title="bbox 2686 4953 4287 5030">
    <p class='ocr_par' dir='ltr' id='par_1_110' title="bbox 2686 4953 4287 5030">
     <span class='ocr_line' id='line_1_110' title="bbox 2686 4953 4287 5030; baseline 0.016 -26"><span class='ocrx_word' id='word_1_756' title='bbox 2686 4965 2843 5016; x_wconf 87' lang='lat' dir='ltr'><strong>vem;</strong></span> <span class='ocrx_word' id='word_1_757' title='bbox 2891 4960 3074 5007; x_wconf 88' lang='lat' dir='ltr'><strong>rector</strong></span> <span class='ocrx_word' id='word_1_758' title='bbox 3117 4953 3375 5012; x_wconf 72' lang='lat' dir='ltr'><strong>Ecclesia:</strong></span> <span class='ocrx_word' id='word_1_759' title='bbox 3409 4973 3513 5013; x_wconf 88' lang='lat' dir='ltr'><strong>non</strong></span> <span class='ocrx_word' id='word_1_760' title='bbox 3543 4961 3829 5020; x_wconf 87' lang='lat' dir='ltr'><strong>confirmet</strong></span> <span class='ocrx_word' id='word_1_761' title='bbox 3859 4969 4069 5027; x_wconf 86' lang='lat' dir='ltr'><strong>animas</strong></span> <span class='ocrx_word' id='word_1_762' title='bbox 4117 4980 4287 5030; x_wconf 88' lang='lat' dir='ltr'><strong>tenta-</strong></span> 
     </span>
    </p>
   </div>
   <div class='ocr_carea' id='block_1_111' title="bbox 2689 5042 4285 5136">
    <p class='ocr_par' dir='ltr' id='par_1_111' title="bbox 2689 5042 4285 5136">
     <span class='ocr_line' id='line_1_111' title="bbox 2689 5042 4285 5136; baseline 0.016 -39"><span class='ocrx_word' id='word_1_763' title='bbox 2689 5042 2898 5136; x_wconf 72' lang='lat' dir='ltr'><strong>tionum</strong></span> <span class='ocrx_word' id='word_1_764' title='bbox 2945 5044 3394 5136; x_wconf 85' lang='lat' dir='ltr'><strong>inundationibus</strong></span> <span class='ocrx_word' id='word_1_765' title='bbox 3441 5050 3801 5110; x_wconf 81' lang='lat' dir='ltr'><strong>ﬂuctuantes?</strong></span> <span class='ocrx_word' id='word_1_766' title='bbox 3847 5056 4001 5114; x_wconf 92' lang='lat' dir='ltr'><strong>Sicut</strong></span> <span class='ocrx_word' id='word_1_767' title='bbox 4048 5062 4144 5129; x_wconf 91' lang='lat' dir='ltr'><strong>illi,</strong></span> <span class='ocrx_word' id='word_1_768' title='bbox 4189 5067 4285 5136; x_wconf 87' lang='lat' dir='ltr'><strong>qui</strong></span> 
     </span>
    </p>
   </div>
   <div class='ocr_carea' id='block_1_112' title="bbox 2687 5132 4286 5225">
    <p class='ocr_par' dir='ltr' id='par_1_112' title="bbox 2687 5132 4286 5225">
     <span class='ocr_line' id='line_1_112' title="bbox 2687 5132 4286 5225; baseline 0.018 -40"><span class='ocrx_word' id='word_1_769' title='bbox 2687 5132 2890 5225; x_wconf 86' lang='lat' dir='ltr'><strong>dudum</strong></span> <span class='ocrx_word' id='word_1_770' title='bbox 2936 5134 3184 5203; x_wconf 86' lang='lat' dir='ltr'><strong>vestigiis</strong></span> <span class='ocrx_word' id='word_1_771' title='bbox 3230 5136 3284 5191; x_wconf 91' lang='lat' dir='ltr'><strong>in</strong></span> <span class='ocrx_word' id='word_1_772' title='bbox 3342 5138 3533 5210; x_wconf 81' lang='lat' dir='ltr'><strong>pelago</strong></span> <span class='ocrx_word' id='word_1_773' title='bbox 3590 5143 3985 5214; x_wconf 89' lang='lat' dir='ltr'><strong>titubantibus,</strong></span> <span class='ocrx_word' id='word_1_774' title='bbox 4037 5132 4286 5225; x_wconf 67' lang='lat' dir='ltr'><strong>crepet-at</strong></span> 
     </span>
    </p>
   </div>
   <div class='ocr_carea' id='block_1_113' title="bbox 2685 5223 4288 5310">
    <p class='ocr_par' dir='ltr' id='par_1_113' title="bbox 2685 5223 4288 5310">
     <span class='ocr_line' id='line_1_113' title="bbox 2685 5223 4288 5310; baseline 0.016 -32"><span class='ocrx_word' id='word_1_775' title='bbox 2685 5223 2879 5293; x_wconf 89' lang='lat' dir='ltr'><strong>mergi,</strong></span> <span class='ocrx_word' id='word_1_776' title='bbox 2913 5226 3012 5281; x_wconf 91' lang='lat' dir='ltr'><strong>sed</strong></span> <span class='ocrx_word' id='word_1_777' title='bbox 3038 5229 3308 5297; x_wconf 88' lang='lat' dir='ltr'><strong>ereptoris</strong></span> <span class='ocrx_word' id='word_1_778' title='bbox 3338 5233 3537 5286; x_wconf 89' lang='lat' dir='ltr'><strong>meruit</strong></span> <span class='ocrx_word' id='word_1_779' title='bbox 3581 5233 3803 5290; x_wconf 84' lang='lat' dir='ltr'><strong>dextera</strong></span> <span class='ocrx_word' id='word_1_780' title='bbox 3854 5223 4169 5310; x_wconf 86' lang='lat' dir='ltr'><strong>sustentari,</strong></span> <span class='ocrx_word' id='word_1_781' title='bbox 4206 5246 4288 5303; x_wconf 86' lang='lat' dir='ltr'><strong>di-</strong></span> 
     </span>
    </p>
   </div>
   <div class='ocr_carea' id='block_1_114' title="bbox 2685 5318 4281 5395">
    <p class='ocr_par' dir='ltr' id='par_1_114' title="bbox 2685 5318 4281 5395">
     <span class='ocr_line' id='line_1_114' title="bbox 2685 5318 4281 5395; baseline 0.015 -24"><span class='ocrx_word' id='word_1_782' title='bbox 2685 5324 2833 5371; x_wconf 89' lang='lat' dir='ltr'><strong>ctum</strong></span> <span class='ocrx_word' id='word_1_783' title='bbox 2871 5323 2957 5372; x_wconf 91' lang='lat' dir='ltr'><strong>est</strong></span> <span class='ocrx_word' id='word_1_784' title='bbox 2996 5335 3010 5370; x_wconf 90' lang='lat'>:</span> <span class='ocrx_word' id='word_1_785' title='bbox 3058 5337 3076 5369; x_wconf 81' lang='grc' dir='ltr'><strong>ι</strong></span> <span class='ocrx_word' id='word_1_786' title='bbox 3116 5318 3182 5373; x_wconf 81' lang='lat' dir='ltr'><strong>Et</strong></span> <span class='ocrx_word' id='word_1_787' title='bbox 3230 5328 3285 5374; x_wconf 90' lang='lat' dir='ltr'><strong>tu</strong></span> <span class='ocrx_word' id='word_1_788' title='bbox 3336 5321 3632 5393; x_wconf 86' lang='lat' dir='ltr'><strong>aliquando</strong></span> <span class='ocrx_word' id='word_1_789' title='bbox 3679 5341 3974 5385; x_wconf 87' lang='lat' dir='ltr'><strong>conversus</strong></span> <span class='ocrx_word' id='word_1_790' title='bbox 4017 5336 4281 5395; x_wconf 73' lang='lat' dir='ltr'><strong>confirma</strong></span> 
     </span>
    </p>
   </div>
   <div class='ocr_carea' id='block_1_115' title="bbox 2687 5404 4285 5494">
    <p class='ocr_par' dir='ltr' id='par_1_115' title="bbox 2687 5404 4285 5494">
     <span class='ocr_line' id='line_1_115' title="bbox 2687 5404 4285 5494; baseline 0.015 -36"><span class='ocrx_word' id='word_1_791' title='bbox 2687 5404 2887 5460; x_wconf 80' lang='lat' dir='ltr'><strong>fratres</strong></span> <span class='ocrx_word' id='word_1_792' title='bbox 2916 5414 3036 5461; x_wconf 79' lang='lat' dir='ltr'><strong>tuos</strong></span> <span class='ocrx_word' id='word_1_793' title='bbox 3064 5406 3217 5476; x_wconf 85' lang='lat' dir='ltr'><strong>(Luc.</strong></span> <span class='ocrx_word' id='word_1_794' title='bbox 3248 5410 3410 5480; x_wconf 77' lang='lat' dir='ltr'><strong>xm).</strong></span> <span class='ocrx_word' id='word_1_795' title='bbox 3449 5429 3468 5464; x_wconf 81' lang='grc' dir='ltr'><strong>ι</strong></span> <span class='ocrx_word' id='word_1_796' title='bbox 3504 5411 3646 5482; x_wconf 84' lang='lat' dir='ltr'><strong>Ergo</strong></span> <span class='ocrx_word' id='word_1_797' title='bbox 3671 5417 3932 5485; x_wconf 62' lang='lat' dir='ltr'><strong>praesules</strong></span> <span class='ocrx_word' id='word_1_798' title='bbox 3957 5419 4126 5494; x_wconf 58' lang='lat'><strong>81‘</strong></span> <span class='ocrx_word' id='word_1_799' title='bbox 4168 5426 4285 5481; x_wconf 82' lang='lat' dir='ltr'><strong>ani-</strong></span> 
     </span>
    </p>
   </div>
   <div class='ocr_carea' id='block_1_116' title="bbox 2686 5499 4289 5577">
    <p class='ocr_par' dir='ltr' id='par_1_116' title="bbox 2686 5499 4289 5577">
     <span class='ocr_line' id='line_1_116' title="bbox 2686 5499 4289 5577; baseline 0.012 -26"><span class='ocrx_word' id='word_1_800' title='bbox 2686 5512 2897 5553; x_wconf 88' lang='lat' dir='ltr'><strong>marum</strong></span> <span class='ocrx_word' id='word_1_801' title='bbox 2925 5499 3157 5555; x_wconf 90' lang='lat' dir='ltr'><strong>solerter</strong></span> <span class='ocrx_word' id='word_1_802' title='bbox 3180 5502 3481 5573; x_wconf 83' lang='lat' dir='ltr'><strong>invigilent,</strong></span> <span class='ocrx_word' id='word_1_803' title='bbox 3512 5521 3580 5562; x_wconf 89' lang='lat' dir='ltr'><strong>ne</strong></span> <span class='ocrx_word' id='word_1_804' title='bbox 3601 5523 3738 5577; x_wconf 90' lang='lat' dir='ltr'><strong>quos</strong></span> <span class='ocrx_word' id='word_1_805' title='bbox 3767 5509 3833 5564; x_wconf 91' lang='lat' dir='ltr'><strong>de</strong></span> <span class='ocrx_word' id='word_1_806' title='bbox 3859 5512 4075 5569; x_wconf 88' lang='lat' dir='ltr'><strong>casibus</strong></span> <span class='ocrx_word' id='word_1_807' title='bbox 4096 5518 4289 5574; x_wconf 62' lang='lat' dir='ltr'><strong>saeculi.</strong></span> 
     </span>
    </p>
   </div>
   <div class='ocr_carea' id='block_1_117' title="bbox 2684 5588 4280 5673">
    <p class='ocr_par' dir='ltr' id='par_1_117' title="bbox 2684 5588 4280 5673">
     <span class='ocr_line' id='line_1_117' title="bbox 2684 5588 4280 5673; baseline 0.014 -30"><span class='ocrx_word' id='word_1_808' title='bbox 2684 5588 2856 5644; x_wconf 89' lang='lat' dir='ltr'><strong>semel</strong></span> <span class='ocrx_word' id='word_1_809' title='bbox 2877 5591 3135 5660; x_wconf 87' lang='lat' dir='ltr'><strong>eripiunt,</strong></span> <span class='ocrx_word' id='word_1_810' title='bbox 3164 5606 3358 5651; x_wconf 72' lang='lat' dir='ltr'><strong>rursus</strong></span> <span class='ocrx_word' id='word_1_811' title='bbox 3388 5610 3477 5652; x_wconf 85' lang='lat' dir='ltr'><strong>eos</strong></span> <span class='ocrx_word' id='word_1_812' title='bbox 3505 5606 3694 5669; x_wconf 84' lang='lat' dir='ltr'><strong>raptor</strong></span> <span class='ocrx_word' id='word_1_813' title='bbox 3722 5600 3963 5673; x_wconf 82' lang='lat' dir='ltr'><strong>invadat,</strong></span> <span class='ocrx_word' id='word_1_814' title='bbox 3995 5621 4183 5668; x_wconf 87' lang='lat' dir='ltr'><strong>rursus</strong></span> <span class='ocrx_word' id='word_1_815' title='bbox 4210 5610 4280 5666; x_wconf 86' lang='lat' dir='ltr'><strong>ad</strong></span> 
     </span>
    </p>
   </div>
   <div class='ocr_carea' id='block_1_118' title="bbox 2682 5679 3488 5757">
    <p class='ocr_par' dir='ltr' id='par_1_118' title="bbox 2682 5679 3488 5757">
     <span class='ocr_line' id='line_1_118' title="bbox 2682 5679 3488 5757; baseline 0.009 -21"><span class='ocrx_word' id='word_1_816' title='bbox 2682 5679 2944 5738; x_wconf 89' lang='lat' dir='ltr'><strong>vomitum</strong></span> <span class='ocrx_word' id='word_1_817' title='bbox 2974 5682 3155 5741; x_wconf 78' lang='lat' dir='ltr'><strong>redire</strong></span> <span class='ocrx_word' id='word_1_818' title='bbox 3178 5685 3488 5757; x_wconf 77' lang='lat' dir='ltr'><strong>compellat.</strong></span> 
     </span>
    </p>
   </div>
  </div>
