5882 6558
1179 455 1282 513 777

2026 458 2270 520 OPUSC.
2310 463 2420 518 LII.
2458 495 2529 507 -ο
2563 466 2654 524 DE
2693 467 2876 526 ΒΟΝο
2915 467 3258 529 RELIGIOSI
3298 471 3598 533 STATUS.

4347 483 4454 542 773

1175 583 1274 642 per
1314 568 1686 628 infirmitatem
1713 569 1934 628 luminis
1962 570 2030 627 ab
2070 573 2404 642 ingenuitate
2429 568 2763 642 destituitur,
2793 585 2837 644 Α
2873 586 3000 644 trat,
3037 593 3136 648 per
3160 593 3350 636 aurem
3379 579 3690 654 egreditur;
3715 582 3865 653 quia,
3895 591 3957 638 ut
3987 584 4064 641 ita
4099 585 4295 654 fatear,
4325 606 4460 648 eon-

1175 664 1388 735 generis
1440 663 1809 722 hereditatem
1857 664 2256 734 quodammodo
2300 665 2444 720 inter
2494 667 2757 736 ingenuos

1175 751 1314 807 filios
1361 768 1466 808 non
1511 752 1754 807 sortitur.
1803 752 1909 808 Sed
1953 753 2254 824 aquilinum
2300 755 2446 810 hunc
2483 757 2687 826 pullum
2725 772 2757 810 a

1175 842 1418 912 genuina.-
1444 841 1707 912 prosapize
1736 842 2064 897 sublimitate
2090 842 2359 910 dejectum
2384 845 2590 914 plebeia
2617 862 2758 916 quae-

1171 932 1297 985 dam
1336 932 1470 996 avis,
1509 930 1670 986 fulica
1715 932 1984 997 videlicet,
2013 947 2137 1001 quae
2163 931 2351 994 Graece
2386 935 2584 988 dicitur
2609 941 2752 1009 φάνη,

1169 1021 1320 1076 velut
1343 1022 1650 1092 adoptivum
1690 1024 1949 1093 suscipit,
1983 1031 2038 1078 et
2065 1033 2321 1094 tanquam
2347 1027 2590 1081 naturale
2617 1029 2757 1084 inter

1163 1113 1419 1182 proprios
1443 1114 1584 1169 fetus
1614 1114 1908 1170 clementer
1930 1115 2154 1169 enutrit.
2185 1116 2253 1170 Et
2275 1117 2379 1171 hoc
2408 1118 2569 1173 modo
2590 1134 2753 1189 quem

1163 1203 1348 1271 aquila
1370 1205 1662 1260 crudeliter
1679 1215 1920 1274 paternae
1939 1204 2068 1261 fecit
2086 1207 2422 1263 hereditatis
2451 1223 2750 1278 exsortem,

1162 1289 1268 1344 ista
1294 1291 1394 1346 sibi
1419 1294 1571 1362 quasi
1613 1306 1872 1350 maternae
1906 1296 2126 1365 pietatis
2159 1297 2356 1352 intuitu
2382 1298 2497 1354 suis
2530 1300 2750 1370 adoptao

1160 1383 1239 1437 vit
1265 1383 1392 1440 ﬁliis
1415 1386 1774 1443 collect-edem.

1735 1474 1966 1538 CAPUT
2004 1482 2165 1538 XVII.
2243 1540 2245 1542 .

1575 1563 1653 1624 De
1678 1570 1972 1629 vulturibus
1996 1584 2044 1629 et
2076 1575 2340 1631 mustella.

1225 1650 1303 1713 Ut
1349 1657 1511 1729 igitur
1560 1676 1712 1716 arma
1759 1663 2023 1720 virtutum
2071 1667 2126 1721 in
2173 1669 2404 1738 spiritali
2453 1674 2750 1732 certamine

1151 1745 1432 1801 constituti
1468 1748 1629 1802 etiam
1661 1764 1689 1803 a
1719 1751 2032 1809 volucribus
2074 1764 2408 1824 mutuemur,
2462 1761 2602 1817 sicut
2645 1764 2746 1819 bu-

1148 1849 1392 1903 manam,
1442 1838 1552 1892 imo
1592 1839 1956 1898 Christianam
2002 1845 2437 1916 obstupescimus
2484 1853 2540 1907 in
2584 1852 2745 1909 fulica

2863 675 3051 737 ceptus
3075 681 3215 722 escae
3236 667 3471 724 fructum
3496 671 3640 741 parit
3660 669 4012 739 obedientiae;
4037 682 4093 730 et
4115 691 4276 746 quem
4303 679 4458 738 cibus

2861 756 3071 811 edendo
3094 755 3244 811 velut
3279 758 3635 828 concipiendo
3675 758 3931 830 delectat,
3959 762 4113 820 labor
4136 766 4460 827 obedientlte

2859 845 3013 916 quasi
3045 847 3395 916 parturiendo
3419 848 3628 921 fatigat.

2929 934 3088 1004 Aspis
3116 945 3299 991 autem
3329 949 3574 1006 econtra,
3599 941 3855 1018 quoniam
3878 943 4334 1007 incantationibus
4355 965 4456 1008 au-

2859 1037 2949 1079 res
2969 1026 3210 1092 obturat,
3248 1026 3537 1090 obstinatae
3569 1032 3765 1087 mentis
3793 1033 4220 1093 inobedientiam
4245 1039 4449 1111 signat.

2857 1111 2994 1168 Nam
3017 1129 3140 1169 cum
3171 1130 3292 1171 eam
3323 1118 3390 1172 ad
3417 1133 3480 1174 os
3508 1119 3779 1189 spelunca:
3819 1138 4056 1191 mersus,
4102 1135 4164 1180 ut
4203 1131 4450 1200 egrediav

2857 1208 2966 1268 tur,
2993 1203 3267 1272 incantat,
3325 1206 3414 1262 illa
3439 1208 3692 1278 protinus
3723 1210 3886 1265 unam
3913 1227 4101 1268 aurem
4133 1225 4293 1272 terra:
4320 1219 4453 1274 stri-

2855 1290 2997 1346 ctius
3027 1292 3309 1363 imprimit,
3352 1296 3511 1353 alteri
3563 1298 3796 1364 caudam
3837 1301 3986 1356 velut
4038 1304 4454 1374 impenetrabile

2855 1378 3136 1439 suillamen
3159 1385 3403 1454 opponit.
3442 1387 3642 1457 Sicque
3663 1389 3790 1444 dum
3823 1406 3930 1447 vox
3969 1396 4198 1451 venelici
4234 1400 4449 1459 aurium

2853 1466 2974 1542 ejus
3003 1471 3264 1528 interiora
3297 1491 3404 1531 non
3431 1487 3703 1548 penetrat,
3734 1480 3825 1535 illa
3863 1482 3919 1536 in
3942 1497 4109 1538 cavea
4139 1501 4237 1540 sua
4257 1488 4452 1546 immo-

2851 1561 2977 1618 bilis
3012 1575 3345 1634 perseverat.
3391 1567 3565 1637 Hujus
3611 1585 3775 1639 porro
3829 1575 4101 1643 serpentis
4151 1577 4445 1638 multorum

2851 1654 3093 1724 pravitas
3115 1656 3398 1712 hominum
3430 1659 3678 1718 imitatur
3705 1664 4033 1734 exemplum,
4067 1666 4182 1735 qui,
4208 1669 4334 1724 dum
4359 1671 4451 1727 hic

2852 1753 3068 1801 terrena
3095 1747 3349 1819 diligunt,
3375 1748 3485 1806 illic
3532 1753 3585 1806 in
3609 1756 3928 1824 posterioris
3955 1759 4080 1812 vita:
4099 1758 4448 1832 longzevitate

2851 1850 2962 1890 non
3013 1836 3314 1906 confidunt,
3367 1843 3523 1912 quasi
3584 1852 3784 1901 terram
3831 1855 3888 1902 et
3953 1851 4183 1905 caudam
4219 1855 4448 1912 auribus

1145 1926 1406 1996 pietatem
1427 1969 1444 1994 ,
1489 1929 1569 1986 sic
1601 1931 1764 2001 etiam
1811 1932 1972 1990 altius
2001 1935 2338 1995 admiremur
2366 1940 2653 2000 fecundam
2685 1947 2738 2002 in
2773 1937 2817 1996 Β
2845 1926 2980 1994 “list
3015 1941 3086 1983 ne
3108 1943 3212 1985 '0‘
3241 1933 3645 2002 Ρτωάίθθίίθηίδ
3670 1937 4024 2008 ίηετθάίδωτν
4066 1954 4369 2014 ⁰ΡΡ⁰⁰⁰¹¹¹⁶

1144 2017 1454 2074 vulturibus
1481 2020 1868 2090 virginitatem.
1913 2024 2278 2084 Perhibentur
2311 2032 2456 2086 enim
2504 2034 2744 2092 vultures

1142 2116 1468 2164 ceterarum
1517 2099 1696 2166 avium
1760 2129 1914 2171 more
1959 2118 2268 2173 concubitui
2298 2120 2609 2180 nullatenus
2656 2127 2742 2182 io—

1140 2194 1396 2265 dulgere,
1431 2199 1526 2252 sed
1569 2200 1775 2270 absque
1819 2202 1924 2257 ulla
1969 2219 2194 2274 prorsus
2243 2211 2526 2267 masculini
2579 2230 2741 2272 sexus

1137 2285 1469 2344 admistione
1495 2291 1817 2362 concipere;
1872 2303 1949 2362 ut,
1982 2297 2027 2352 si
2071 2299 2140 2353 ad
2182 2301 2448 2359 castitatis
2477 2305 2741 2366 habenda:

1136 2377 1464 2433 munditiam
1511 2380 1749 2438 humana
1798 2400 1898 2442 nos
1943 2387 2191 2458 exempla
2248 2407 2354 2447 non
2407 2408 2738 2468 provocant,

1136 2464 1337 2522 saltem
1373 2471 1440 2525 de
1466 2470 1774 2542 virginitate
1816 2475 2088 2532 vulturum
2129 2482 2383 2549 prodiens
2428 2488 2604 2554 pudor
2629 2464 2735 2545 im;

1134 2557 1343 2627 pellat;
1379 2575 1480 2615 nec
1513 2571 1720 2618 tantum
1748 2580 1865 2630 eos,
1893 2568 1983 2637 qui
2012 2584 2079 2623 ex
2106 2570 2208 2626 hac
2237 2571 2440 2631 fuerint
2469 2582 2732 2649 stupenda

1131 2645 1518 2718 singularitate
1560 2655 1865 2729 progeniti,
1913 2657 2095 2713 brevis
2135 2661 2257 2716 vitae
2287 2662 2408 2754 linis
2443 2645 2731 2738 angustat,

1132 2748 1260 2789 cum
1291 2751 1461 2806 usque
1491 2741 1558 2794 ad
1589 2751 1805 2796 centum
1836 2759 2008 2800 annos
2045 2747 2283 2820 lougreva
2315 2743 2374 2807 se
2403 2769 2590 2812 corum
2609 2759 2730 2813 Vita

1131 2823 1423 2890 producat.

1201 2912 1351 2980 Apes
1375 2913 1537 2969 etiam
1564 2916 1706 2973 sicut
1733 2930 1858 2975 sunt
1887 2924 2156 2983 immunes
2198 2943 2227 2982 a
2259 2932 2428 2998 coitu,
2463 2934 2537 2989 ita
2564 2937 2728 2994 etiam

1126 2999 1449 3060 nullatenus
1483 3021 1909 3080 corrumpuntur
1939 3015 1991 3069 in
2024 3026 2215 3086 partu;
2251 3030 2305 3074 et
2339 3022 2483 3079 sicut
2518 3025 2571 3082 in
2597 3043 2729 3084 cono

1125 3101 1292 3160 reptu
1324 3107 1488 3151 sexus
1511 3100 1664 3154 sexui
1697 3115 1803 3156 non
1834 3104 2114 3171 miscetur,
2144 3109 2222 3165 sic
2263 3113 2318 3166 in
2343 3115 2569 3190 edendis
2605 3119 2730 3175 feti-

3416 2022 3645 2081 CAPUT
3681 2025 3862 2083 XVIII.

3308 2114 3387 2170 De
3411 2111 3591 2172 ascitfa
3615 2129 3662 2173 et
3692 2119 3926 2190 alcyone.

2915 2199 3022 2258 Sed
3045 2203 3354 2275 sicutaspis
3377 2220 3472 2262 eos
3501 2208 3759 2276 exprimit
3785 2212 3874 2279 qui
3900 2226 3994 2267 cor
4016 2213 4069 2268 in
4103 2221 4340 2275 terrenis
4371 2235 4436 2279 ac

2845 2293 3232 2360 temporalibus
3269 2294 3462 2366 figunt,
3494 2296 3576 2352 sic
3621 2299 3806 2355 ascida
3840 2300 4038 2379 [asida]
4073 2306 4271 2378 ligurat
4313 2325 4435 2380 eos,

2841 2382 2932 2451 qui
2965 2399 3117 2454 spem
3147 2401 3302 2441 suam
3335 2387 3389 2442 in
3419 2387 3734 2447 caelestibus
3754 2404 3984 2462 ponunt.
4023 2398 4120 2454 Est
4141 2403 4286 2456 enim
4313 2405 4437 2460 ani-

2839 2471 2948 2525 mal
2970 2483 3266 2542 pennatum
3289 2476 3533 2546 quidem,
3577 2481 3673 2535 sed
3701 2483 3883 2559 volare
3931 2501 4040 2542 non
4073 2489 4292 2560 valens;
4347 2505 4435 2551 est

2836 2563 3001 2618 etiam
3034 2566 3359 2622 naturaliter
3410 2567 3732 2627 obliviosum
3786 2590 3850 2630 ac
3891 2580 4170 2635 memoriae
4222 2584 4434 2642 viribus

2835 2666 3105 2722 vacuum;
3144 2663 3202 2710 et
3228 2657 3351 2712 ideo
3383 2675 3663 2732 nunquam
3698 2665 3861 2734 parit,
3893 2667 3998 2722 nisi
4031 2684 4153 2724 cum
4194 2672 4249 2727 in
4281 2683 4433 2733 astra

2832 2746 3176 2815 prospiciens
3225 2750 3480 2820 vergilias
3503 2753 3618 2821 jam
3649 2771 3879 2827 surgere
3917 2761 3973 2814 in
4013 2766 4299 2833 superiora
4339 2782 4435 2826 co-

2826 2839 3099 2906 guowrit.
3123 2839 3336 2897 Estivo
3360 2834 3551 2915 itaque
3574 2856 3839 2918 tempore,
3866 2849 4023 2919 juxta
4065 2855 4287 2913 Junium
4320 2860 4430 2918 scl-

2832 2924 2954 2980 Iicet
2997 2941 3262 2995 mensem,
3315 2935 3479 3004 parit,
3534 2938 3672 2992 etin
3709 2942 3843 2996 solis
3875 2942 4091 3001 fervore
4137 2949 4425 3010 conlidens

2827 3028 2927 3069 ova
2955 3031 3052 3071 sua
3087 3020 3278 3077 sabulo
3307 3023 3390 3078 vel
3423 3028 3608 3082 arenis
3641 3029 3949 3099 abscondit,
3978 3047 4056 3102 ut,
4083 3038 4212 3095 dum
4245 3049 4428 3099 mater

2826 3107 2909 3161 sui
2939 3107 3084 3165 fetus
3125 3111 3466 3172 obliviscitur
3492 3129 3550 3174 et
3576 3119 3756 3177 locum
3806 3126 4066 3197 deposita
4105 3132 4311 3190 sobolis
4336 3137 4423 3194 in-

1122 3180 1229 3238 ιπη
1271 3199 1615 3257 nequaquam
1654 3192 1936 3264 virginalis
1982 3197 2266 3267 integrius
2311 3187 2564 3263 νῖοιηιιηυ,
2606 3209 2723 3266 Non
2761 3275 2795 3282 Δ
2829 3199 3045 3268 tercipit
3068 3214 3292 3270 prorsus
3311 3205 3536 3274 oblivio,
3569 3213 3722 3267 calor
3748 3213 3880 3271 solis
3928 3228 3984 3273 et
4012 3219 4304 3280 clementia
4333 3227 4414 3282 si-

1121 3274 1272 3328 enim
1302 3277 1481 3341 vulva,
1523 3281 1639 3346 sed,
1672 3293 1732 3338 ut
1761 3285 1834 3342 ita
1862 3286 2071 3357 loquar,
2110 3291 2279 3346 bucca
2315 3297 2557 3352 sobolem
2591 3315 2718 3370 pro-
2750 3275 2795 3338 Ο
2825 3291 2937 3345 mill
2968 3293 3111 3348 aeris
3140 3309 3241 3350 ονε
3271 3298 3444 3354 (τοῦτο

2110 3291 2279 3346 bucca
2315 3297 2557 3352 sobojem
2591 3315 2718 3370 pm-
2750 3275 2795 3338 C
2825 3291 2937 3345 mui
2968 3293 3111 3348 aeris
3140 3309 3241 3350 ova
3271 3298 3627 3368 confoveant,
3673 3319 3737 3360 ac
3777 3307 3924 3364 velut
3951 3311 4019 3366 ad
4044 3323 4306 3373 materna
4332 3333 4417 3374 se-

1119 3374 1344 3428 creant,
1370 3375 1427 3420 et
1456 3367 1676 3426 illibata
1728 3388 1948 3444 prorsus
1981 3386 2036 3431 et
2073 3379 2296 3450 integrae
2322 3383 2390 3465 ab
2419 3387 2567 3441 omni
2595 3367 2721 3443 cor-

1121 3454 1352 3521 ruptela:
1377 3459 1628 3529 contagio
1654 3476 2023 3530 perseverant.
2056 3466 2191 3523 Nam
2227 3463 2491 3530 ore'iilios
2518 3490 2549 3531 e
2577 3476 2720 3536 foliis

1116 3537 1332 3612 legunt,
1372 3554 1426 3599 et
1463 3547 1542 3603 sic
1571 3563 1904 3608 successum
1934 3559 2267 3624 posteritatis
2293 3576 2524 3620 examen
2554 3567 2716 3624 entit-

1119 3635 1264 3683 tunt.

1188 3716 1304 3771 Sed
1348 3733 1448 3774 cur
1490 3735 1588 3779 nos
1633 3725 1963 3798 virginitatis
2003 3730 2248 3791 fecundae
2292 3738 2614 3799 miraculum
2661 3745 2714 3801 in

1113 3804 1432 3864 volatilibus
1463 3819 1673 3870 tantum
1701 3819 2079 3888 pracdicemus,
2107 3837 2233 3880 cum
2269 3828 2322 3883 in
2349 3831 2548 3889 vilibus
2577 3850 2711 3906 quo-

1109 3910 1224 3967 que
1253 3901 1534 3969 reptilibus
1565 3918 1884 3978 conceptum
1901 3952 1917 3981 ,
1965 3913 2126 3969 simul
2165 3927 2222 3984 et
2252 3931 2467 3989 partum
2494 3901 2609 3981 non.
2633 3928 2713 3984 Ie-

1109 3985 1236 4041 vius
1263 3988 1637 4047 admiremur?
1664 3993 1908 4053 Mustella
1937 4004 2158 4073 quippe,
2183 3985 2322 4062 sicut
2349 4011 2560 4083 physici
2590 4022 2714 4085 per-

1106 4072 1329 4141 hibent,
1352 4092 1451 4147 per
1471 4095 1537 4137 os
1557 4083 1779 4152 quidem
1804 4072 2061 4162 concipit,
2079 4072 2183 4151 sed
2204 4112 2304 4167 per
2327 4072 2516 4159 a—ur'em
2544 4072 2708 4177 parit.

1104 4160 1212 4218 Cui
1245 4167 1518 4236 profecto,
1549 4173 1597 4228 si
1632 4174 1853 4246 dignum
1888 4160 2138 4241 ducimus
2167 4160 2463 4251 immundis
2492 4160 2564 4253 at;

1105 4256 1358 4311 nusculis
1387 4261 1547 4317 rebus
1596 4265 1830 4323 humana
1880 4273 2147 4343 conferre,
2195 4295 2436 4351 congrue
2480 4285 2709 4348 forsitan

1101 4345 1377 4440 qupsdam
1413 4349 1611 4440 fratres
1659 4358 1838 4414 minus
1865 4363 2085 4431 quidem
2110 4345 2444 4440 jejunantes,
2476 4379 2572 4434 sed
2603 4345 2710 4435 hu:

1101 4431 1319 4494 militer
1367 4437 1712 4509 obedientes,
1767 4462 2057 4516 possumus
2107 4431 2382 4529 coeptare.
2431 4431 2548 4521 'Per
2594 4471 2709 4526 oris

1098 4522 1313 4595 quippe
1346 4541 1663 4604 conceptum
1691 4537 2044 4612 intelligimus
2074 4522 2279 4618 cibum,
2320 4554 2463 4612 sicut
2496 4522 2706 4620 Veritas

1097 4610 1283 4668 dicit:
1322 4633 1341 4667 ο
1378 4617 1568 4688 Omne,
1594 4627 1740 4693 quod
1775 4628 1827 4682 in
1854 4610 1917 4685 os
1947 4633 2132 4700 intrat,
2171 4637 2225 4694 in
2258 4610 2504 4701 ventrem
2531 4649 2699 4718 vadit,

1093 4708 1153 4756 et
1197 4703 1258 4758 in
1308 4719 1581 4778 secessum
1619 4718 1887 4773 emittitur
1921 4720 2140 4795 (Matth.
2178 4730 2293 4801 xv).
2339 4751 2358 4784 ι
2402 4732 2509 4791 Per
2550 4703 2702 4802 auris

1091 4804 1234 4850 vero
1261 4806 1482 4866 partum
1506 4803 1753 4875 signatur
1771 4811 2104 4884 obedientia,
2127 4819 2271 4876 sicut
2294 4825 2558 4896 scriptum
2579 4844 2662 4887 est
2683 4851 2696 4888 :

1093 4881 1430 4984 ePopulus,
1456 4907 1625 4984 quem,
1646 4913 1753 4953 non
1789 4906 2054 4974 cognovi,
2082 4881 2305 4968 servivit
2333 4881 2699 4984 milii,

1087 4970 1209 5024 ditu
1239 4977 1398 5081 auris
1420 4979 1657 5038 obedivit
1684 4988 1812 5042 milii
1839 4970 2018 5060 (f'sal.
2038 4970 2199 5070 im).
2233 5018 2253 5053 ο
2293 4970 2698 5081 namque

1086 5061 1346 5116 nonnulli
1372 5063 1590 5137 fratres,
1616 5075 1708 5143 qui
1734 5077 1818 5132 vel
1847 5093 1960 5149 prae
1983 5061 2294 5145 valetudine
2319 5061 2698 5165 corporisfvcl

1087 5154 1306 5207 mentis.
1331 5152 1623 5256 fragilitate
1643 5166 1892 5236 jejunare
1917 5174 2002 5230 vix
2029 5177 2196 5251 817
2226 5152 2474 5256 possunt,
2503 5152 2597 5246 sed

1083 5244 1509 5304 exsecutionem
1533 5252 1872 5326 obedientiaa,
1903 5244 2246 5338 quaecunque-
2267 5273 2374 5330 illis
2398 5277 2694 5352 injungun-

1087 5339 1200 5399 tur,
1232 5333 1515 5395 ferventer
1549 5353 1608 5400 se
1650 5351 1970 5421 accingunt;
2002 5355 2060 5412 et
2101 5374 2208 5428 quo
2250 5365 2482 5424 validius
2528 5333 2694 5429 robur

1082 5431 1187 5487 per
1217 5422 1482 5482 alimenta
1514 5435 1843 5506 percipiunt,
1876 5453 1942 5498 eo
1969 5422 2238 5514 gravioris
2259 5451 2585 5515 obedientia:
2613 5460 2691 5516 la-

1301 5511 1502 5611 ferunt.
1549 5520 1656 5576 Per
1699 5539 1761 5582 os
1801 5541 1930 5599 ergo
1964 5510 2145 5591 cibum
2193 5548 2451 5611 tanquam

1079 5597 1495 5696 delectabiliter
1525 5611 1734 5669 edendo
1755 5597 2085 5690 concipiunt,
2123 5626 2278 5696 cujus
2303 5597 2687 5695 ueremini;

1079 5705 1212 5746 cum
1263 5691 1454 5751 labore
1496 5713 1594 5768 per
1637 5705 2005 5766 obedientiam
2051 5691 2308 5786 tanquam
2350 5736 2450 5792 per
2497 5739 2684 5784 aurem

1076 5783 1463 5853 parturientes
1488 5791 1761 5849 entittunt.
1801 5798 1999 5856 Semen
2029 5783 2178 5876 ergo.
2198 5783 2474 5883 quod'per
2500 5832 2562 5873 os
2604 5783 2683 5877 ini-7

1379 5879 1648 5947 Par-os.
1695 5891 1945 5962 CXLV.

2823 3382 3070 3441 dulitatis
3123 3386 3432 3446 accubitum
3480 3391 3626 3450 fetus
3689 3411 3962 3472 erumpat.
4009 3403 4419 3467 Obstetricante

2823 3475 2992 3545 igitur
3017 3479 3150 3545 sole,
3180 3493 3485 3541 nascuntur
3511 3488 3711 3545 ascidae
3731 3482 3885 3562 pulli,
3914 3495 4064 3553 velut
4094 3499 4212 3571 ipsa
4241 3512 4421 3559 matre

2820 3566 3053 3636 desuper
3074 3571 3381 3630 accubante
3403 3576 3627 3634 confoti.
3647 3579 3773 3638 iitrc
3795 3583 3982 3657 itaque
4002 3566 4260 3658 volucris,
4285 3592 4416 3650 dum

2818 3655 3107 3714 oblivionis
3125 3665 3373 3732 propriae
3388 3670 3607 3724 conscia
3639 3672 3706 3728 de
3724 3689 3809 3730 ~se
3837 3655 4084 3746 paritura
4111 3655 4323 3751 diliilit,
4345 3685 4416 3743 ad

2818 3747 3017 3804 calum
3042 3753 3197 3822 prius
3225 3756 3413 3812 oculos
3432 3761 3614 3832 erigit,
3648 3773 3708 3818 ut
3751 3766 3955 3825 fetibus
3984 3772 4101 3829 suis
4134 3777 4279 3832 aeris
4307 3747 4420 3834 cle-

2817 3837 3023 3893 mentia
3054 3841 3321 3912 suppleat,
3345 3849 3492 3917 quod
3510 3861 3756 3909 materna
3783 3857 4055 3918 stoliditas
4083 3874 4266 3936 negat.
4298 3865 4412 3926 Nos

2815 3927 3002 3994 etiam,
3030 3941 3092 3987 ut
3123 3947 3192 3988 ex
3219 3937 3378 3994 nobis
3403 3939 3531 3996 boni
3552 3945 3735 4014 operis
3760 3963 3982 4019 germen
4004 3927 4277 4027 erumpat,
4302 3975 4413 4016 non

2815 4016 3128 4077 hesitemus
3155 4023 3400 4082 favorem
3423 4029 3591 4087 divini
3623 4016 3863 4106 Spiritus
3885 4041 3952 4098 de
3976 4016 4296 4105 cmlcst'ibu's
4314 4049 4410 4106 ﬂa-

2814 4106 3008 4178 gitare,
3040 4119 3101 4166 ut
3127 4116 3385 4174 cordibus
3406 4123 3630 4190 nostris,
3659 4142 3780 4197 quae
3807 4134 4026 4204 propria
4060 4135 4283 4197 fatuitas
4309 4142 4409 4198 bc-

2811 4196 2981 4266 betat,
3012 4201 3130 4273 ipse
3159 4205 3304 4264 vires
3326 4211 3553 4271 edenda
3592 4196 4102 4297 salutiferae-prolis
4132 4196 4407 4291 infundat.

2880 4292 3018 4383 Avis
3039 4297 3224 4363 etiam,
3256 4314 3380 4370 qua:
3407 4303 3607 4378 alcyon
3633 4309 3860 4380 dicitur,
3878 4292 4181 4377 in-edendis
4208 4323 4410 4383 fetibus

2810 4379 3075 4439 mirabilis
3102 4389 3444 4456 perhibetur.
3475 4394 3543 4450 Et
3581 4399 3725 4456 sicut
3753 4379 3868 4474 illa,
3920 4423 4086 4480 quam
4143 4379 4406 4484 diximus,

2807 4473 3056 4530 aestivum
3077 4481 3276 4548 quaerit
3306 4483 3361 4539 in
3386 4487 3602 4546 edendo
3632 4473 3906 4566 calorem;
3936 4473 4020 4558 sic
4052 4505 4157 4559 ista
4184 4473 4404 4566 bruma:

2809 4559 2914 4617 lem
2943 4564 3097 4638 eligit
3121 4585 3232 4627 non
3259 4573 3380 4631 sine
3404 4580 3632 4639 marinis
3653 4559 3929 4647 littoribus
3958 4593 4216 4658 hiemem.
4264 4600 4400 4659 Bru-

2810 4652 2938 4748 mali
2976 4657 3180 4748 quippe
3220 4670 3467 4734 tempore
3494 4668 3551 4725 in
3580 4685 3748 4730 arena
3790 4681 3990 4738 marini
4046 4652 4246 4746 littoris
4265 4652 4398 4748 76;.

2806 4740 3052 4845 deponit,
3084 4763 3219 4846 cum
3237 4753 3492 4846 videlicet
3519 4764 3884 4831 procellarum
3911 4740 4400 4846 impetus—fervent

2807 4831 2914 4887 tius
2952 4833 3007 4889 in
3035 4840 3288 4898 cumulos
3313 4845 3584 4919 elevatur,
3625 4869 3690 4911 ac
3725 4831 4006 4920 littoribus
4038 4831 4272 4927 validior
4301 4831 4399 4930 iiu-

2804 4930 2925 5031 ctus
2949 4924 3194 4986 illiditur.
3221 4932 3353 5003 Sed,
3365 4951 3401 4991 ο
3415 4953 3666 5011 superna:
3679 4947 4053 5019 dispositionis
4070 4924 4262 5031 stupen

2803 5012 2961 5070 valde
3013 5020 3376 5081 miraculum!
3413 5046 3540 5087 mox
3591 5046 3649 5089 ut
3685 5012 3877 5110 ale-you
3925 5061 4092 5116 super
4146 5012 4394 5112 littoreas

2802 5115 2998 5164 arenas
3017 5104 3188 5182 818
3218 5129 3320 5171 ova
3345 5118 3684 5191 deposuerit,
3706 5104 4104 5197 quantumlibet
4130 5146 4392 5211 uudosus,

2800 5198 3139 5264 quantalibet
3164 5205 3237 5259 sit
3264 5215 3589 5279 tempestate
3612 5233 3932 5292 concussus,
3962 5227 4173 5297 placida
4196 5198 4389 5304 pontus

2799 5287 3190 5355 tranquillitate
3217 5296 3472 5354 mitescit.
3495 5301 3773 5367 Elationes
3792 5287 4054 5374 fluctuum
4070 5287 4385 5392 concidunt,

2799 5378 2853 5426 et
2899 5388 3092 5433 omnes
3147 5381 3443 5443 furentium
3493 5403 3781 5455 ventorum
3824 5407 4071 5465 turbines
4130 5417 4380 5486 conquie-

2797 5466 2987 5532 scunt;
3018 5479 3073 5524 et
3103 5472 3277 5532 donec
3329 5482 3447 5538 avis
3495 5486 3611 5544 haec
3640 5506 3744 5548 ova
3781 5509 3880 5551 sua
3928 5500 4200 5569 confovet,
4236 5466 4381 5568 mare

2800 5560 3154 5664 tranquillum
3179 5578 3235 5622 et
3261 5573 3505 5640 quietum
3541 5580 3710 5648 jacet.
3742 5586 3961 5658 Septem
3994 5560 4379 5664 porro

2795 5649 2954 5705 editis
2974 5654 3093 5708 ovis
3118 5657 3416 5733 incumbit;
3453 5681 3660 5738 septem
3689 5649 3920 5748 quoque,
3962 5649 4378 5757 postquamvnat‘

2792 5749 2942 5808 sunt,
2995 5746 3172 5813 pullos
3225 5759 3453 5813 enutrit.
3509 5761 3621 5819 Hoc
3647 5769 3794 5825 enim
3845 5771 4153 5835 brevissimi
4203 5787 4376 5854 spatio

2790 5834 3050 5900 tempolis
3072 5838 3409 5915 adolescunt,
3435 5851 3756 5926 a’aruinque
3781 5864 4019 5934 remigiis
4040 5834 4261 5928 avolant;
4281 5891 4369 5946 pu-

3690 5953 3768 6016 ‘25
