5882 6636
52 6425 939 6636 -μ

278 8 2803 237 ,με

2433 596 2552 655 779

2877 597 2935 654 S.
2966 596 3169 654 PETRI
3206 593 3488 654 DAMIANI
3528 593 3676 650 OPl’.
3707 593 3943 656 TOMUS
3985 592 4116 649 SEU
4156 591 4336 649 PARS
4369 589 4456 648 nt.
4496 621 4564 632 -
4594 589 4958 648 OPUSCULA
4997 587 5224 646 VARIA.

5585 588 5686 645 78o

2445 708 2730 765 bescentes
2758 705 3036 775 incipiunt.
3077 703 3170 758 His
3230 704 3410 773 itaque
3457 701 3868 772 quatuordecim
3915 702 4030 760 die-
4061 711 4106 768 Α
4135 716 4360 772 quoque
4413 700 4814 773 Scripturarum
4873 702 4925 756 hi
4965 713 5280 772 permanere
5324 711 5565 770 possunt,
5606 705 5694 773 qui

2439 797 2541 852 bus
2590 805 2798 865 tempus
2842 807 3108 855 serenum,
3156 808 3304 848 mare
3357 793 3724 863 tranquillum,
3771 802 3826 848 et
3874 793 4015 848 nulla

2447 899 2670 954 prorsus
2689 881 2983 938 eiﬂantium
3022 882 3214 938 stridet
3247 892 3528 937 ventorum
3563 883 3820 952 procella.
3853 881 4017 952 Cujus

2445 977 2688 1045 profecto
2713 986 2895 1045 typum
2927 984 3110 1028 sancta
3145 983 3291 1028 tenet
3326 975 3591 1040 Ecclesia,
3622 990 3741 1043 qui:
3789 989 3886 1042 per
3929 989 4006 1028 se-

2445 1065 2751 1135 ptenarium
2804 1078 3084 1118 numerum
3121 1074 3177 1118 et
3209 1065 3352 1119 fovet
3390 1074 3445 1119 et
3475 1067 3673 1130 nutrit;
3709 1067 3832 1134 quia
3882 1079 4016 1134 quos

2449 1170 2548 1225 per
2568 1153 2894 1224 septiformis
2921 1155 3106 1223 gratim
3133 1154 3367 1223 Spiritus
3399 1157 3449 1209 in
3473 1153 3892 1223 baptismatead
3948 1154 4012 1206 ιι-

2444 1247 2564 1301 dem
2605 1245 2767 1315 parit,
2809 1261 2905 1315 per
2948 1245 3188 1312 ejusdem
3237 1245 3470 1316 Spiritus
3508 1246 3648 1300 dona
3699 1246 3767 1300 ad
3816 1255 4018 1301 sancta:

2440 1335 2775 1404 operationis
2802 1335 3132 1389 incrementa
3157 1335 3420 1403 perducit.
3458 1333 3563 1388 Sed
3598 1334 3650 1387 in
3696 1334 4017 1402 exponendo

2448 1426 2686 1481 volucris
2717 1425 2874 1494 hujus
2918 1433 3071 1494 partu
3135 1423 3506 1492 postponimus
3554 1437 3760 1478 moram
3820 1430 4014 1486 terere,

2447 1533 2515 1572 nc
2535 1527 2589 1570 ct
2626 1518 2724 1586 ipsi
2759 1517 3036 1569 videamur
3080 1515 3355 1569 fastidium
3395 1514 3698 1586 legentibus
3724 1515 4010 1582 parturire.

2439 1605 2556 1662 Hoc
2603 1620 2732 1675 ergo
2785 1605 2907 1659 ideo
2954 1620 3058 1659 non
3111 1606 3430 1675 exponendo
3472 1604 3924 1666 transcurrimus,
3965 1614 4021 1656 ut

2442 1697 2817 1752 tantummodo
2885 1679 3191 1766 legentibus
3265 1696 3336 1752 sit
3398 1695 3764 1759 miraculum,
3807 1696 3901 1750 sed
3963 1705 4023 1748 ut

2443 1785 2606 1842 altius
2657 1785 3126 1842 considerantibus
3181 1784 3273 1840 ﬂat
3326 1785 3585 1856 spiritalis
3658 1783 4024 1854 intelligentia:

2442 1862 2870 1931 sacramentum.

3028 1957 3259 2019 CAPUT
3287 1961 3430 2017 XIX.

2809 2052 2884 2105 De
2914 2050 3186 2116 columbis,
3219 2052 3356 2104 ibide
3377 2065 3425 2105 et
3454 2053 3642 2120 lagano.
4042 2066 4092 2126 Β

2508 2140 2888 2200 Columbarum
2911 2154 3125 2210 quoque
3155 2155 3262 2194 non
3312 2139 3532 2210 vulgare
3575 2139 3851 2212 quoddam
3883 2153 4017 2208 prae-

2435 2233 2529 2288 bet
2576 2241 2770 2286 natura
2821 2230 3165 2285 miraculum.
3201 2230 3299 2285 Est
3341 2231 3487 2285 enim
3520 2231 3572 2285 in
3617 2230 3782 2296 Indice
3818 2229 4015 2284 ﬁnibus

2437 2321 2623 2385 arbor,
2655 2319 2842 2374 Graec
2878 2319 3190 2388 peredixion
3232 2319 3593 2391 [peridexion]
3635 2327 3880 2384 vocatur,
3925 2334 4018 2373 cu-

2433 2409 2523 2476 jus
2551 2408 2736 2479 utique
2765 2409 2975 2464 fructus
3003 2408 3164 2462 nimis
3196 2417 3281 2470 est
3315 2407 3484 2463 dulcis
3511 2416 3584 2462 'et
3614 2409 3770 2462 valde
3817 2409 4016 2463 suavis.

2435 2497 2493 2553 ιιι
2523 2499 2681 2568 hujus
2710 2498 2872 2568 igitur
2900 2499 3112 2554 arboris
3159 2489 3335 2569 gratia
3375 2498 3639 2554 columbae
3666 2513 3772 2554 non
3812 2497 4023 2552 modice

2437 2587 2801 2652 delectantur,
2833 2587 2987 2657 cujus
3030 2586 3285 2642 nimirum
3333 2602 3427 2643 eas
3465 2587 3693 2643 fructus
3754 2587 3929 2642 reﬁcit
3968 2589 4024 2642 et

2435 2677 2627 2733 umbra
2657 2675 2911 2730 defendit.
2949 2673 3286 2729 Teterrimus
3322 2675 3468 2733 enim
3519 2676 3684 2730 draco
3731 2673 3885 2730 ferali
3929 2689 4023 2728 eas

2433 2765 2779 2820 immanitate
2831 2764 3194 2835 persequitur,
3245 2774 3300 2819 et
3349 2765 3561 2820 cruenti
3597 2765 3834 2836 gutturis
3865 2765 4022 2818 bara-

2437 2862 2564 2915 thro
2583 2860 2830 2915 inhiantc
2858 2860 3153 2915 absorbere
3185 2859 3425 2914 molitur.
3456 2858 3563 2913 Sed
3594 2859 3739 2918 sicut
3761 2850 4023 2912 columba:

2432 2950 2751 3012 draconem,
2806 2951 2877 3002 ita
2949 2949 3304 3003 nihilominus
3348 2949 3512 3003 draco
3567 2946 3826 3004 formidat
3876 2961 4017 3009 eam,

2433 3052 2598 3107 quam
2641 3037 3009 3105 praedi-ximus,
3071 3037 3326 3092 arborem
3355 3054 3368 3089 :
3397 3036 3492 3091 sed
3544 3037 3816 3106 praecipue
3871 3035 4024 3089 timet

2438 3126 2714 3186 umbram,
2741 3125 2816 3178 ita
2847 3124 2971 3178 utsi
2995 3125 3188 3178 umbra
3224 3123 3387 3178 fuerit
3410 3138 3440 3177 a
3468 3133 3624 3191 parte
3645 3121 3860 3176 arboris
3892 3123 4022 3175 dex-

2446 3223 2555 3276 tra,
2586 3211 2675 3266 ille
2730 3212 2858 3266 licet
2899 3209 3089 3280 procul
3123 3208 3294 3280 fugiat
3332 3211 3396 3264 ad
3419 3210 3737 3271 sinistram;
3778 3210 3924 3278 quod
3975 3208 4020 3263 si

2437 3303 2634 3358 umbra
2664 3302 2907 3358 cernitur
2938 3302 2989 3353 in
3016 3301 3262 3367 sinistra,
3281 3300 3371 3355 ille
3395 3309 3638 3355 vertatur
3657 3300 3726 3354 ad
3751 3300 4018 3354 dextram.

4127 795 4234 849 Deo
4263 794 4492 860 vivunt;
4520 795 4766 864 quisquis
4791 802 4968 848 autem
5011 810 5040 848 a
5091 794 5192 848 [ide
5240 792 5324 849 vel
5375 793 5536 848 rectis
5573 809 5695 864 ope-

4125 885 4275 939 ribus
4329 885 4578 950 moritur,
4612 894 4897 954 corruptus
4936 899 4996 939 ac
5037 883 5232 939 fetidus
5262 898 5290 937 a
5321 882 5519 938 Christi
5572 899 5692 938 cor-

4119 992 4268 1046 pore,
4287 977 4430 1048 quod
4451 986 4534 1032 est
4551 977 4806 1044 Ecclesia,
4837 990 5058 1031 necesse
5083 984 5475 1039 estevomatur,
5492 975 5694 1029 dicente

4109 1065 4400 1135 Scriptura
4439 1085 4450 1118 :
4499 1083 4518 1117 ι
4557 1066 4690 1133 Quia
4720 1065 4927 1136 tepidus
4953 1079 5041 1130 es,
5067 1063 5320 1133 incipiam
5347 1070 5402 1117 te
5445 1075 5690 1117 evomere

4119 1169 4185 1209 ex
4217 1169 4311 1210 ore
4343 1169 4463 1210 meo
4486 1156 4670 1224 (Apoc.
4700 1157 4804 1226 ιιι).
4841 1173 4862 1208 ι

4188 1244 4501 1310 Enimvero,
4534 1247 4662 1314 quia
4693 1245 4762 1299 ab
4788 1259 4873 1302 eo.
4905 1244 5045 1313 quod
5071 1251 5196 1298 ante
5221 1251 5561 1312 conceperat,
5586 1256 5676 1296 ca-

4128 1334 4243 1390 lore
4276 1335 4519 1404 tepescit,
4545 1336 4700 1404 quasi
4736 1335 4802 1390 de
4828 1335 4965 1398 viro,
4993 1333 5083 1404 qui
5112 1332 5307 1399 fuerat,
5352 1347 5469 1387 sese
5509 1333 5561 1386 in
5611 1332 5684 1388 fe-

4121 1426 4322 1480 minam
4346 1426 4524 1486 vertit,
4550 1436 4603 1478 et
4627 1426 4714 1479 hic
4738 1425 4926 1496 hyenae
4951 1425 5143 1480 merito
5169 1434 5531 1494 comparatur,
5564 1438 5682 1498 qua:

4123 1528 4506 1582 nonnunquam
4537 1514 4604 1567 de
4631 1515 4870 1570 masculo
4905 1514 4958 1568 in
4987 1513 5264 1580 feminam,
5305 1513 5589 1583 aliquando
5617 1513 5682 1570 de

4124 1605 4322 1660 femina
4382 1606 4435 1659 in
4474 1605 4774 1676 masculum
4829 1614 5215 1668 commutatur,
5249 1615 5409 1674 atque
5437 1605 5556 1659 ideo
5591 1603 5687 1656 im-

4129 1697 4385 1750 mundum
4418 1695 4618 1750 animal
4649 1695 4867 1761 dicitur,
4908 1695 5063 1766 etvob
5115 1696 5167 1750 id
5211 1694 5462 1748 humanis
5515 1693 5691 1747 esibus

4125 1785 4471 1856 prohibetur,
4499 1785 4566 1840 de
4615 1800 4721 1854 qua
4769 1799 4867 1855 per
4907 1783 5200 1840 Jeremiam
5232 1783 5466 1838 dicitur:
5504 1799 5522 1834 ι
5560 1781 5689 1852 Spe-

4128 1875 4285 1932 lunca
4307 1877 4495 1948 hyeme
4507 1876 4794 1934 hereditas
4819 1891 4937 1932 mea
4953 1874 5092 1932 facta
5111 1883 5194 1932 est
5219 1873 5348 1930 mihi
5375 1873 5642 1945 (lenm).
5671 1893 5690 1928 ι

4701 1956 4965 2022 CAPUT
5003 1963 5135 2020 XX.

4733 2056 4810 2112 De
4830 2058 5104 2126 panthera.

4192 2147 4329 2203 Huic
4378 2148 4642 2218 panthera
4698 2159 4794 2215 per
4833 2145 5198 2202 diversitatem
5251 2154 5456 2201 natura
5488 2145 5697 2200 videtur

4120 2239 4342 2292 omnino
4395 2235 4689 2299 contraria,
4715 2233 4860 2303 quod
4879 2234 5087 2318 .animal
5125 2235 5308 2289 calore
5337 2235 5549 2303 quidem
5596 2249 5688 2288 va-

4123 2335 4288 2396 rium,
4320 2329 4413 2385 sed
4469 2329 4650 2398 specie
4681 2327 4965 2397 pulchrum
5012 2334 5068 2380 et
5115 2325 5476 2395 simplicitatis
5527 2331 5696 2393 gratia

4123 2426 4494 2479 mansuetum,
4545 2416 4646 2470 soli
4672 2423 4878 2468 tantum
4901 2415 5118 2468 draconi
5147 2415 5404 2481 probatur
5431 2426 5548 2467 esse
5572 2427 5700 2468 con-

4125 2511 4369 2566 trarium.
4403 2506 4530 2561 Hzcc
4567 2506 4748 2573 itaque
4792 2504 5055 2574 panthera
5095 2517 5213 2558 cum
5243 2503 5468 2558 diversis
5512 2516 5571 2557 se
5598 2518 5691 2558 ve-

4125 2599 4432 2654 nationibus
4458 2593 4730 2656 refecerit,
4761 2609 4882 2648 mox
4915 2593 4968 2646 in
4995 2607 5094 2647 suo
5124 2591 5319 2662 speheo
5351 2606 5410 2646 se
5433 2591 5700 2662 recipiens

4125 2690 4360 2744 dormit:
4392 2694 4512 2756 post
4551 2685 4787 2738 triduum
4824 2696 4952 2737 vero
4979 2681 5184 2738 refecta
5234 2695 5427 2752 sopore
5478 2696 5693 2736 consur-

4125 2795 4254 2850 gcns
4293 2789 4541 2847 magnum
4586 2773 4786 2827 emittit
4831 2787 4954 2826 cum
5015 2773 5250 2825 clamore
5287 2773 5538 2840 rugitum,
5575 2785 5698 2825 cum

4122 2884 4228 2937 quo
4257 2866 4416 2920 simul
4447 2863 4624 2934 rugitu
4654 2871 4760 2916 tam
4786 2862 4937 2915 mira:
4987 2856 5267 2916 suavitatis
5293 2871 5451 2928 atque
5471 2859 5701 2929 ﬂagrau-

4125 2959 4209 3011 tia:
4230 2958 4361 3011 odor
4386 2955 4682 3025 egreditur,
4712 2964 4769 3008 ut
4803 2968 4992 3009 omnes
5048 2953 5442 3022 pigmentorum
5469 2949 5549 3006 vel
5579 2965 5698 3005 aro-

4124 3055 4326 3100 matum
4355 3046 4569 3114 species
4606 3045 4827 3117 vincere
4865 3042 5132 3098 videatur.
5171 3040 5369 3096 Omnes
5395 3050 5571 3095 autem
5601 3041 5700 3096 be-

4124 3137 4241 3190 stiae
4287 3133 4542 3198 saltuum,
4575 3134 4641 3188 ad
4667 3149 4804 3202 quas
4840 3134 4974 3188 odor
5020 3132 5107 3187 ille
5136 3132 5415 3202 pertingit,
5460 3132 5524 3186 ad
5577 3146 5702 3186 eam

4126 3226 4369 3296 protinus
4400 3223 4699 3289 conﬂuunt,
4751 3239 4814 3278 ac
4861 3233 5023 3278 tantae
5071 3223 5351 3278 suavitatis
5407 3221 5697 3292 spiramine

4123 3317 4495 3382 delectantur;
4529 3316 4674 3371 solus
4697 3325 4876 3370 autem
4905 3315 5088 3382 draco,
5115 3331 5233 3370 cum
5259 3329 5444 3370 vocem
5469 3314 5584 3382 ejus
5604 3330 5701 3369 ae-

2433 3394 2622 3450 Βοηεο
2665 3407 2795 3463 ετὲο
2842 3390 3104 3455 comm”
3148 3390 3250 3444 sub
3283 3389 3494 3446 “boris
3525 3388 3675 3444 5m“
3701 3385 4018 3442 “mbmc‘uo
4052 3399 4098 3463 C
4131 3407 4310 3472 dierit,
4339 3406 4509 3460 nimio
4533 3414 4740 3460 terrore
4768 3405 5123 3474 contrahitur,
5157 3420 5220 3459 ac
5249 3404 5610 3460 subterraneis
5627 3405 5703 3458 il-

2435 3483 2639 3539 fuerint
2668 3489 3032 3548 commorata,
3085 3481 3250 3536 nullis
3297 3495 3392 3536 eas
3419 3479 3656 3534 crudelis
3680 3479 3849 3532 bestia
3878 3477 4020 3532 valet

2433 3577 2655 3631 insidiis
2668 3574 2893 3639 laedere;
2919 3573 3158 3642 alioquin
3181 3572 3225 3627 si
3261 3571 3444 3643 procul
3470 3586 3565 3626 eas
3586 3571 3876 3633 invenerit,
3907 3569 4046 3631 sine

2435 3663 2547 3719 ullo
2597 3663 3045 3717 contmdictionis
3092 3661 3376 3716 obstaculo
3417 3659 3736 3731 repentinus
3793 3657 4018 3712 invadit.

2437 3753 2551 3809 Nos
2575 3752 2734 3822 plane
2763 3749 2957 3821 quibus
2985 3750 3302 3820 simplicitas
3329 3750 3639 3804 columbina
3688 3747 4022 3818 praecipitur,

2437 3856 2668 3899 necesse
2691 3851 2776 3897 est
2799 3843 2868 3895 ad
2899 3853 3174 3896 sacrarum
3205 3827 3610 3910 Scripturarum
3650 3837 3900 3893 arborem
3933 3833 4020 3889 fu-

2424 3949 2588 4007 gere,
2616 3935 2661 3988 si
2693 3941 2974 3988 cruentam
3011 3933 3264 3987 draconis
3291 3932 3470 4008 intimi
3520 3931 3728 3986 rabiem
3774 3931 4024 3987 volumus

2435 4026 2666 4080 evitare.
3631 4085 3642 4096 _

2507 4116 2616 4172 Sed
2658 4130 2818 4186 quem
2864 4115 3026 4169 draco
3068 4115 3267 4185 signat,
3309 4113 3559 4168 eumdem
3607 4121 3662 4168 et
3691 4111 3797 4168 ibis
3828 4111 4022 4167 nihilo-

2435 4206 2618 4263 minus
2653 4205 2872 4259 indicat.
2915 4204 3010 4258 Est
3049 4207 3192 4257 enim
3237 4204 3457 4260 volatile
3507 4203 3766 4264 luridum,
3820 4211 3876 4255 et
3924 4201 4025 4256 im-

2437 4296 2719 4361 mundum,
2758 4304 2815 4348 et
2864 4294 3096 4350 obsceno
3162 4295 3444 4348 fetentium
3490 4293 3730 4348 sordium
3771 4290 4025 4360 squalore

2436 4391 2724 4463 pollutum.
2750 4387 2885 4442 Nam
2916 4387 3220 4444 morticinis
3246 4402 3460 4458 semper
3475 4387 3831 4443 cadaveribus
3855 4388 4020 4441 vesci-

2376 4496 2380 4500 ‘
2439 4495 2551 4544 tur.
2594 4491 2647 4536 et
2675 4497 2840 4551 prope
2893 4481 3074 4536 littora
3129 4482 3243 4535 sive
3285 4481 3474 4544 maris,
3527 4479 3642 4533 sive
3681 4487 4019 4547 stagnorum,

2438 4576 2556 4629 sive
2587 4573 2872 4626 ﬂuminum
2893 4571 3098 4641 jugiter
3142 4582 3529 4636 commoratur.
3562 4569 3766 4637 Quaerit
3801 4570 3946 4623 enim
3973 4571 4019 4622 si

2438 4666 2568 4734 quid
2620 4665 2914 4733 putridum,
2951 4666 3062 4716 sive
3105 4670 3420 4732 corruptum
3472 4663 3540 4716 ab
3595 4662 3750 4730 aquis
3782 4661 4021 4714 cadaver

2437 4759 2743 4828 ejicitur,ut
2767 4755 2876 4820 illo,
2899 4755 3024 4822 quia
3048 4769 3106 4809 se
3134 4755 3285 4808 timet
3308 4753 3559 4809 ﬂuctibus
3587 4751 3832 4816 credere,
3850 4753 4016 4806 satie-
4049 4739 4101 4796 ἶ)

2445 4861 2566 4911 tur;
2597 4856 2650 4900 et
2678 4848 2824 4915 quia,
2857 4856 3045 4899 natare
3075 4846 3344 4907 nesciens,
3371 4859 3712 4914 nequaquam
3747 4858 3804 4896 se
3844 4843 4024 4913 gurgi-

2445 4941 2591 4994 tibus
2615 4938 2774 4990 aude’t
2811 4937 3153 5005 immergere,
3180 4935 3509 5003 quibuslibet
3535 4933 3898 4986 immunditiis
3926 4933 4024 4984 ﬂu-

2446 5039 2537 5081 ctu
2569 5035 2815 5079 vomente
2843 5025 3100 5095 projectis
3125 5023 3397 5077 aviditatis
3427 5037 3540 5076 suae
3570 5023 3774 5076 rabiem
3797 5031 4023 5074 conten-

2443 5128 2532 5171 tus
2559 5124 2641 5170 est
2675 5116 2897 5169 satiare.
2930 5111 3037 5168 Sed
3063 5129 3224 5182 quem
3254 5112 3368 5166 ales
3396 5113 3497 5165 iste
3523 5113 3790 5181 designat,
3825 5114 3915 5180 qui
3939 5112 4024 5164 fa-

2448 5205 2556 5259 mis
2610 5203 2757 5258 rabie
2789 5203 3044 5258 ﬂuctuum
3099 5214 3344 5258 extrema
3368 5201 3698 5267 circumdat,
3726 5201 3895 5272 819
3915 5203 4017 5258 nisi

2445 5294 2600 5351 illum
2643 5295 2711 5354 de
2746 5306 2854 5362 quo
2895 5293 3088 5361 Petrus
3115 5293 3192 5347 ait
3250 5311 3263 5346 :
3311 5311 3331 5344 ι
3365 5291 3632 5360 Quoniam
3674 5292 4021 5346 adversarius

2450 5392 2640 5439 noster
2670 5380 2934 5446 diabolus,
2960 5390 3212 5450 tanquam
3247 5382 3328 5436 leo
3371 5383 3609 5452 rugiens,
3635 5382 3850 5445 circuit,
3873 5395 4024 5448 quie-

2447 5485 2758 5551 rens‘quem
2789 5471 3049 5526 devoret?
3078 5491 3096 5524 ι
3128 5471 3184 5545 (Il
3207 5471 3350 5525 Petr.
3376 5475 3453 5542 v.)
3485 5472 3623 5540 Quid
3665 5472 3823 5540 aquis
3849 5471 4020 5540 ejecta

2441 5563 2708 5618 cadavera
2737 5561 2987 5631 piscium,
3040 5560 3143 5618 nisi
3168 5561 3380 5630 putrida
3436 5576 3500 5616 ac
3543 5561 3783 5616 marcida
3813 5560 4020 5632 signiti-

2452 5663 2582 5706 cant
2607 5654 2765 5714 corda
2812 5651 3108 5720 carnaliter
3159 5652 3458 5706 viventium
3519 5653 3912 5721 reproborum?
3947 5651 4024 5708 De

2436 5739 2646 5809 quibus
2673 5731 2803 5796 dicit
2829 5739 3150 5812 Apostolus:
3177 5739 3303 5808 quia
3331 5757 3350 5789 ι
3375 5748 3502 5794 sunt
3522 5741 4023 5812 hominesveprobi,

2454 5826 2701 5898 naufragi
2732 5827 2875 5882 circa
2908 5820 3063 5884 fidem
3094 5828 3180 5899 (Il
3205 5827 3342 5882 Tim.
3364 5828 3467 5898 ιιι).
3507 5847 3526 5881 ι
3561 5829 3706 5883 Mare
3727 5832 3925 5901 quippe
3945 5832 4022 5886 vi-

2445 5921 2881 5995 ventiacorpora
2911 5924 3128 5990 retinet,
3157 5923 3419 5980 cadavera
3453 5921 3698 5994 projicit;
3731 5924 3784 5976 in
3805 5922 4021 5978 ﬂuentis

4123 3496 4226 3552 lico
4254 3495 4520 3566 specubus
4574 3493 4897 3556 occultatur,
4955 3493 5135 3564 ibique
5175 3494 5282 3546 vim
5330 3492 5461 3546 tanti
5511 3492 5699 3546 odoris

4125 3587 4427 3643 nullatenus
4456 3587 4639 3642 fet-ens
4688 3589 4890 3658 rigidus
4914 3589 5267 3656 obstupescit,
5306 3596 5360 3642 et
5397 3584 5586 3642 eﬂ’etus
5611 3587 5698 3640 vi-

4131 3680 4284 3733 ribus
4329 3695 4395 3734 ac
4431 3695 4657 3751 prorsus
4716 3680 4890 3733 inanis
4937 3687 5188 3747 tauquam
5233 3687 5472 3732 mortuus
5500 3677 5703 3730 deﬂcit.

4126 3769 4334 3824 Caetera
4359 3784 4488 3824 vero
4519 3767 4794 3831 animalia,
4835 3769 5089 3836 quoniam
5132 3767 5380 3834 jucunda!
5417 3765 5703 3827 suavitatis

4123 3858 4291 3912 odore
4321 3865 4641 3926 pascuntur,
4690 3855 4980 3910 redolentis
5034 3856 5329 3924 pantheras,
5375 3867 5702 3922 quocunque

4124 3955 4330 4015 pergat,
4374 3945 4597 4015 vestigia
4633 3959 4736 3997 non
4766 3943 5093 4012 relinquunt.
5133 3941 5363 4008 Quantis
5407 3941 5705 4010 expositio-

4125 4038 4208 4091 nis
4241 4035 4474 4091 ﬂosculis
4498 4037 4612 4090 haec
4641 4044 4819 4103 posset
4839 4033 5133 4088 exuberare
5172 4033 5416 4095 materia,
5464 4033 5555 4102 qui
5605 4045 5698 4086 sa-

4125 4128 4232 4182 cris
4257 4136 4412 4181 vacat
4437 4126 4664 4195 eloquiis
4691 4140 4794 4180 non
4824 4125 5054 4193 ignorat.
5077 4123 5181 4177 Sed
5208 4137 5302 4177 nos
5321 4122 5443 4176 hinc
5465 4130 5693 4192 quanto—

4124 4223 4241 4278 cius
4262 4221 4498 4292 expediri
4525 4221 4792 4282 volumus,
4815 4219 5072 4288 quoniam
5118 4218 5185 4271 ad
5226 4216 5328 4272 alia
5357 4215 5694 4272 festinamus.

4126 4313 4393 4366 Panthera
4423 4310 4776 4380 plane-omnia
4794 4311 5003 4379 capiens
5024 4308 5429 4377 interpretatur,
5454 4305 5593 4375 quod
5618 4305 5696 4359 illi

4125 4415 4420 4471 congruere
4451 4416 4553 4453 non
4583 4397 4925 4467 ambigimus,
4958 4398 5046 4465 qui
5075 4397 5242 4450 dicit:
5272 4415 5290 4445 ι
5332 4395 5389 4449 Si
5421 4395 5692 4450 exaltatns

4127 4490 4318 4544 fueroa
4338 4498 4498 4547 terra.
4519 4487 4700 4540 omnia
4724 4486 4930 4539 traham
4956 4486 5020 4539 ad
5045 4485 5302 4553 meipsum
5319 4481 5499 4552 (Joan.
5520 4487 5637 4552 xu).
5666 4501 5688 4534 ι

4125 4581 4281 4635 Varia
4307 4590 4412 4642 cst,
4433 4589 4487 4633 et
4513 4579 4769 4633 Christus
4791 4577 5031 4632 omnium
5062 4576 5302 4646 gentium
5333 4585 5416 4628 est
5438 4574 5697 4628 varietate

4127 4673 4370 4726 vestitus.
4395 4669 4464 4725 Et
4492 4668 4747 4738 quoniam
4787 4669 5047 4738 panthera
5089 4654 5307 4735 pulchra
5355 4676 5454 4726 est,
5485 4665 5550 4718 ab
5581 4665 5695 4734 ipso

4129 4777 4234 4814 non
4285 4761 4549 4818 dissonat,
4603 4758 4668 4810 dc
4701 4773 4809 4825 quo
4864 4756 5122 4823 scriptum
5173 4763 5257 4809 est
5298 4772 5311 4806 :
5350 4772 5366 4804 ι
5405 4753 5691 4823 Speciosus

4129 4853 4302 4904 forma
4356 4865 4466 4919 prae
4489 4848 4613 4901 filiis
4643 4847 4944 4909 hominum,
4973 4844 5163 4900 dilfusa
5194 4855 5275 4911 est
5311 4847 5480 4915 gratia
5512 4845 5561 4898 in
5610 4845 5694 4898 la-

4128 4940 4229 4993 biis
4254 4937 4356 4991 tuis
4387 4934 4557 5006 (Psat.
4579 4938 4741 5004 thv).
4773 4954 4790 4984 ι
4810 4935 4875 4989 Et
4903 4949 5097 5002 sponsa
5124 4935 5176 4987 in
5191 4934 5454 4990 Canticis:
5483 4934 5504 4985 ι’
5525 4934 5680 4994 Ecce.

4131 5028 4324 5098 inquit,
4367 5024 4988 5094 tu’pulclicres,-dilecte
5032 5025 5127 5088 mi,
5157 5032 5211 5077 et
5249 5025 5473 5077 decorus
5515 5021 5691 5092 (Cum.

4133 5119 4197 5187 I).
4240 5139 4258 5169 ι
4295 5116 4443 5182 Quod
4475 5128 4600 5170 vero
4629 5125 4963 5169 mansuetum
5010 5123 5094 5168 est
5122 5111 5339 5174 animal,
5368 5121 5421 5166 et
5450 5113 5514 5166 de
5539 5111 5694 5166 Chri-

4127 5219 4211 5261 sto
4236 5204 4537 5276 perlsaiam
4565 5203 4792 5258 dicitur:
4824 5221 4841 5278 ι
4873 5202 5078 5263 Gaude,
5100 5213 5154 5256 et
5182 5201 5384 5266 laetare,
5407 5201 5513 5255 filia
5538 5201 5687 5266 Sion,

4125 5296 4376 5365 prtedica,
4407 5293 4573 5364 820
4602 5292 4708 5346 filia
4734 5291 5096 5354 Hierusalem,
5137 5291 5390 5360 quoniam
5436 5306 5527 5345 rex
5567 5301 5687 5344 tuus

4127 5384 4274 5438 venit
4311 5392 4624 5437 mansuetus
4655 5388 4709 5433 et
4763 5381 4976 5434 salvans
5005 5379 5139 5451 (Ira.
5167 5386 5319 5450 uti).
5360 5399 5379 5432 ι
5413 5379 5515 5447 Qui
5563 5381 5688 5434 dum

4129 5474 4258 5528 dicit
4307 5489 4321 5524 :
4373 5491 4390 5522 ι
4441 5471 4553 5540 Ego
4582 5470 4760 5538 cibum
4806 5464 4980 5525 habeo
5012 5472 5356 5533 manducare,
5389 5485 5547 5538 quem
5593 5485 5691 5524 vos

4130 5561 4354 5634 nescitis
4379 5557 4563 5628 (Joan.
4585 5569 4697 5630 IV);
4730 5577 4745 5611 i
4775 5567 5027 5629 tanquam
5055 5558 5370 5630 quibusdam
5397 5558 5686 5613 venationi-

4124 5655 4225 5709 bus
4243 5653 4568 5728 satiatusest
4578 5651 4833 5720 primitiis
4844 5650 5159 5707 electorum.
5174 5649 5312 5719 Ipse.
5336 5649 5424 5718 qui
5441 5649 5683 5704 dormivit

4125 5745 4176 5798 iu
4217 5752 4393 5799 morte
4422 5758 4520 5812 per
4557 5742 4819 5816 triduum,
4853 5745 5192 5812 postmodum
5236 5742 5421 5805 emisit
5447 5743 5674 5814 rugilum

4126 5834 4438 5904 apostolicae
4460 5834 4880 5903 praedicationis.
4904 5831 4960 5889 et'
4977 5850 5074 5906 per
5099 5835 5258 5889 silvas
5289 5835 5524 5888 omnium
5553 5849 5676 5905 geu-

4129 5923 4259 5976 tium
4301 5923 4653 5996 fragrantiam
4688 5923 4944 5992 Spirltalis
4983 5921 5185 5979 diﬂ‘udit
5208 5921 5406 5977 odoris.
5437 5939 5455 5972 ι
5493 5921 5546 5976 lu
5574 5935 5672 5976 orn-
