5882 6628
1156 496 1248 554 ’781

1154 703 1298 758 orbis
1327 709 1484 752 terrae
1511 695 1674 750 verba
1709 706 1897 748 eorum
1930 686 2103 757 (Psal.
2135 683 2314 752 ινιιι).
2355 701 2372 732 ι
2403 681 2505 747 Qui
2555 677 2723 732 etiam

1148 791 1309 846 dicit:
1341 807 1358 839 ι
1383 789 1491 842 Deo
1521 793 1697 839 autem
1719 783 1941 854 gratias,
1963 778 2054 846 qui
2081 776 2228 830 dedit
2267 774 2420 828 nobis
2446 770 2728 824 victoriam

1156 862 1234 934 in.
1259 878 1477 932 Christo
1510 875 1638 928 Jesu
1663 873 1888 928 Domino
1911 877 2135 930 nostro;
2165 876 2221 920 et
2272 865 2495 920 odorem
2525 860 2733 915 notitiae

1146 983 1256 1025 suae
1275 964 1646 1021 manifestavit
1665 979 1763 1034 per
1790 974 1891 1014 nos
1916 951 1983 1012 in‘
2013 958 2161 1012 omni
2194 957 2336 1019 loco,
2364 950 2727 1022 quiaChrisli

1147 1057 1320 1113 bonus
1348 1056 1486 1112 odor
1510 1070 1698 1120 sumus
1721 1052 1832 1105 Deo
1861 1050 1914 1102 in
1948 1050 2011 1104 iis
2044 1049 2133 1117 qui
2165 1047 2296 1103 salvi
2321 1046 2473 1108 ﬁunt,
2499 1053 2554 1098 et
2585 1042 2639 1096 in
2666 1042 2733 1097 iis

1140 1147 1232 1215 qui
1264 1152 1530 1215 pereunt;
1581 1142 1701 1196 aliis
1729 1140 1944 1209 quidem
1965 1159 1971 1169 ο
1992 1137 2126 1193 odor
2177 1135 2370 1189 mortis
2394 1134 2445 1187 in
2478 1143 2730 1195 mortem,

1142 1236 1261 1291 aliis
1287 1237 1427 1291 odor
1453 1235 1579 1288 vitae
1605 1232 1670 1285 ad
1694 1231 1859 1284 vitam
1893 1229 1974 1298 (ll
2005 1227 2127 1282 Cor.
2163 1226 2245 1297 ιι).
2279 1245 2296 1276 ι
2334 1225 2434 1279 Hic
2455 1232 2536 1298 est
2567 1223 2735 1293 igitur

1140 1326 1273 1381 odor
1285 1322 1587 1395 spiritualis
1606 1321 1814 1391 gratim,
1831 1320 1945 1373 haec
1961 1315 2256 1387 ﬂagrantia
2275 1313 2466 1369 salutis
2482 1313 2732 1367 humanae

1139 1428 1298 1483 quam
1319 1413 1585 1483 panthera
1610 1409 1848 1465 cmlestis
1869 1415 2100 1470 eructat,
2126 1414 2182 1459 ut
2209 1405 2276 1458 ad
2304 1418 2363 1458 se
2389 1404 2534 1458 teras
2565 1402 2734 1458 silva-

1138 1518 1281 1569 rum,
1301 1505 1525 1566 hocest,
1548 1501 1787 1572 gentium
1809 1498 2207 1554 multitudinem
2232 1495 2432 1548 trahat.
2458 1493 2618 1550 Solus
2639 1507 2734 1546 au-

1139 1601 1243 1646 tem
1273 1591 1441 1646 draco
1469 1591 1522 1644 in
1553 1591 1922 1644 subterraneae
1959 1586 2170 1640 scrobis
2193 1585 2503 1654 voraginem
2536 1581 2736 1652 mergi-

1137 1679 1384 1748 tur,quia
1411 1687 1730 1733 veternosus
1752 1676 1925 1732 hostis
1943 1675 2055 1744 qui,
2076 1675 2228 1745 juxta
2240 1673 2524 1738 Joannem,
2540 1672 2736 1727 dicitur

1136 1769 1378 1825 diabolus
1399 1779 1455 1825 et
1470 1769 1721 1834 Satanas,
1735 1769 1803 1823 de
1823 1767 1961 1822 cmlo
1977 1764 2265 1836 projectus.
2281 1774 2445 1834 atque
2463 1763 2516 1817 in
2539 1762 2735 1833 abysso

1132 1870 1215 1916 est
1238 1861 1490 1932 superna:
1519 1859 1802 1915 sententia:
1826 1865 2023 1912 eatena
2051 1856 2247 1926 ligatus
2275 1855 2458 1926 (Apbc.
2483 1853 2618 1924 ut).

1463 2018 1465 2020 η
1727 1947 1958 2004 CAPUT
1997 1945 2141 2000 χχι.

1447 2039 1525 2095 De
1554 2038 1917 2104 salamandra,
1940 2039 2167 2091 dorcade
2197 2047 2246 2091 et
2278 2036 2445 2106 lynce.

1198 2131 1568 2186 Salamandra
1599 2145 1835 2200 quoque,
1861 2130 1985 2186 licet
2008 2131 2221 2200 exigua,
2243 2129 2544 2184 mirabilem
2561 2130 2734 2182 fertur

1131 2218 1334 2275 habere
1375 2228 1647 2283 naturam,
1698 2218 1832 2273 adeo
1863 2228 1922 2272 ut
1961 2218 2004 2272 si
2033 2233 2160 2272 casu
2193 2216 2482 2285 aliquando
2513 2217 2574 2286 in
2609 2217 2733 2287 igne

1127 2310 1418 2380 mergitur,
1443 2310 1622 2364 omnis
1649 2308 1802 2378 ignea
1837 2307 1918 2362 vis
1951 2316 2204 2377 tanquam
2237 2301 2551 2362 inundantis
2578 2321 2732 2375 aqua:

1127 2383 1406 2469 proﬂuvio“
1439 2399 1688 2468 protinus
1713 2399 2108 2468 exstinguatur.
2158 2397 2225 2450 Et
2252 2407 2312 2450 ut
2349 2396 2479 2466 quid
2510 2409 2607 2464 per
2630 2395 2734 2450 hoc

1081 2473 1087 2478 ’
1125 2488 1421 2559 ﬁguretur,
1453 2488 1687 2554 eluceat,
1708 2488 1990 2543 humilitas
2013 2487 2285 2558 patientiae
2313 2487 2560 2556 reprimit
2580 2484 2731 2538 ﬂatu-

1126 2579 1429 2648 mivomum
1458 2580 1733 2635 hominem
1761 2597 1791 2634 a
1819 2580 2036 2636 fervore
2065 2569 2338 2634 vindicta).

1080 2729 1085 2735 ,
1196 2649 1406 2726 Dorcas
1457 2671 1665 2736 etiam,
1698 2684 1820 2739 quae
1871 2668 2064 2724 Latine
2107 2683 2305 2738 caprea
2355 2668 2571 2731 dicitur,
2622 2670 2728 2721 non

1126 2757 1318 2814 inutile
1348 2760 1754 2815 conversationi
1790 2769 1989 2814 nostra:
2017 2768 2224 2813 naturae
2261 2760 2496 2829 propria:
2525 2757 2730 2825 praebet

1123 2850 1460 2919 exemplum.
1505 2849 1627 2904 Haec
1664 2848 1913 2905 habitans
1957 2853 2009 2904 in
2040 2851 2414 2905 cacuminibus
2461 2849 2728 2904 montium

1123 2942 1234 2995 vim
1264 2942 1436 2997 habet
1473 2957 1579 2995 non
1612 2943 1771 2996 modo
1801 2942 2072 3006 subtiliter
2095 2943 2332 3006 videndi,
2361 2943 2453 2996 sed
2478 2952 2532 2996 et
2561 2943 2729 2994 inira-

1123 3032 1308 3087 biliter
1351 3033 1732 3100 discernendi;
1770 3035 1840 3088 ita
1895 3044 1955 3089 ut
2001 3036 2055 3089 in
2111 3035 2420 3105 longinquis
2450 3051 2512 3090 ac
2540 3040 2728 3105 procul

1125 3125 1353 3179 remotis
1396 3125 1716 3195 regionibus
1747 3127 1998 3181 homines
2028 3127 2228 3192 videat,
2260 3135 2316 3180 et
2340 3136 2630 3183 venatores
2657 3145 2724 3184 an

1121 3213 1362 3269 viatores
1383 3214 1500 3270 sint
1526 3215 1794 3285 sagaciter
1834 3216 2226 3285 deprehendat.
2274 3215 2381 3272 Nos
2411 3233 2648 3288 quoque,
2681 3221 2726 3275 si
2755 3280 2798 3301 Α

2783 3299 2798 3340 λ
2833 3299 3125 3367 ingenuum
3171 3317 3237 3355 ac
3283 3303 3437 3356 valde
3466 3304 3700 3358 nobilius
3730 3305 3785 3358 in
3826 3317 4102 3376 serpente,
4132 3312 4275 3380 quod
4305 3313 4441 3368 dici-

1123 3311 1343 3356 terrena
1372 3303 1689 3359 deserentes
1724 3305 1939 3359 excelsa
1970 3307 2166 3359 mentis
2205 3322 2330 3362 arce
2373 3307 2724 3375 subnittmur,

1119 3393 1190 3447 ad
1212 3394 1612 3449 discernendos
1635 3395 1940 3464 spiritus,si
1967 3411 2032 3451 ex
2060 3397 2170 3450 Deo
2197 3399 2326 3460 sint,
2353 3413 2452 3466 per
2470 3399 2726 3455 divinitus

1121 3483 1430 3553 impensam
1473 3485 1820 3542 discretionis
1850 3488 2078 3558 gratiam
2113 3488 2488 3556 sublevamur;
2545 3501 2726 3546 utrum

1120 3575 1330 3633 scilicet
1381 3587 1639 3648 tanqham
1691 3579 1926 3636 viatores
1956 3597 2053 3635 nos
2094 3582 2160 3635 ad
2197 3583 2428 3651 patriam
2467 3585 2724 3655 dirigant,

1118 3682 1187 3720 an
1235 3669 1382 3746 sicut
1412 3678 1704 3724 venatores
1736 3673 1800 3725 ad
1851 3673 2154 3727 sulistratos
2205 3675 2564 3730 tentationum
2602 3692 2726 3731 sna-

1119 3772 1239 3811 rnm
1290 3758 1524 3828 laqueos
1563 3769 1617 3814 et
1663 3760 1915 3831 objectos‘
1954 3763 2272 3817 insidiarum
2304 3779 2491 3821 casses
2529 3769 2725 3838 impel-

1117 3844 1255 3901 lant.

1185 3933 1344 4006 Lynx
1392 3953 1612 4013 quoque
1657 3949 1781 3994 tam
1831 3941 2254 4011 inmmparabile
2299 3946 2445 4002 visus
2496 3965 2724 4008 acumen

1115 4023 1307 4092 habet,
1341 4038 1402 4080 ut
1435 4044 1541 4084 non
1570 4033 1731 4086 modo
1774 4033 2049 4101 quodlibet
2101 4050 2299 4105 corpus
2341 4038 2598 4107 solidum,
2629 4046 2722 4098 sed

1111 4125 1171 4169 et
1220 4116 1474 4188 lapideos
1528 4123 1766 4190 parietes
1817 4136 2085 4195 penetret.
2128 4127 2281 4194 Quod
2331 4131 2588 4187 nimirum
2621 4136 2725 4191 hoc

1112 4207 1280 4262 modo
1307 4211 1593 4278 probatur,
1623 4214 1748 4281 quia
1800 4216 1843 4269 si
1895 4215 2020 4286 lynx
2071 4233 2138 4272 ex
2165 4235 2270 4273 una
2307 4222 2534 4291 parietis
2566 4238 2724 4295 parte

1111 4296 1406 4385 consistit,
1440 4313 1569 4354 caro
1613 4316 1743 4356 vero
1793 4302 2116 4360 altrinsecus
2163 4310 2410 4377 ponitur,
2463 4321 2720 4385 tanquam

1112 4382 1250 4439 nihil
1274 4386 1518 4453 intersit,
1560 4388 1626 4442 ad
1671 4403 1791 4444 eam
1822 4393 2072 4461 protinus
2101 4396 2275 4451 inhiat
2314 4409 2498 4471 atque,
2529 4382 2590 4459 ut
2617 4407 2720 4460 sibi

1107 4477 1452 4545 praebeatur,
1478 4480 1718 4535 anhelat.
1749 4481 1807 4537 Si
1834 4498 1966 4555 ergo
1990 4496 2195 4542 mutum
2227 4505 2396 4560 pecus
2424 4501 2542 4548 tam
2560 4497 2718 4552 vivax

1108 4568 1347 4625 intuitus
1404 4586 1635 4627 acumen
1685 4575 1882 4643 habet,
1949 4578 2198 4636 humanae
2265 4588 2466 4643 mentis
2525 4589 2712 4646 intima

1107 4659 1254 4717 Deus
1280 4665 1635 4732 omnipotens
1676 4678 1879 4736 quanto
1916 4673 2232 4739 profundius
2281 4679 2462 4734 videt?
2493 4702 2510 4734 ι
2547 4685 2714 4742 Vivus

1103 4755 1190 4803 est
1212 4753 1366 4805 enim
1390 4766 1574 4807 sermo
1602 4753 1718 4822 Dei,
1749 4767 1805 4812 et
1827 4761 2036 4826 etlicax,
2069 4776 2122 4816 et
2149 4771 2538 4834 penetrabilior
2567 4778 2712 4830 omni

1101 4841 1287 4911 gladio
1314 4843 1574 4913 ancipiti;
1599 4847 1915 4920 pertingens
1958 4869 2128 4923 usque
2157 4859 2223 4912 ad
2255 4860 2576 4919 divisionem
2602 4868 2717 4922 aui-

1103 4946 1231 5023 mze
1255 4946 1324 4986 ae
1356 4932 1608 5002 spiritus,
1633 4950 1957 5010 eompagum
1994 4959 2211 5016 quoque
2247 4957 2294 5003 et
2334 4953 2711 5023 medullarum,

1100 5030 1156 5074 et
1202 5022 1487 5114 discretor
1537 5028 1928 5106 cogitationum
1992 5044 2047 5089 et
2095 5038 2457 5097 intentionum
2507 5022 2708 5114 cordis,

1100 5119 1155 5207 et
1182 5105 1338 5207 nulla
1366 5121 1621 5207 creatura
1670 5126 1755 5174 est
1796 5115 2283 5193 salinvisibilis
2328 5131 2383 5186 in
2419 5105 2712 5207 conspectu

1104 5199 1198 5297 ιιει
1267 5201 1463 5290 omnia
1513 5207 1698 5262 autem
1734 5211 1876 5265 nuda
1908 5222 1964 5268 et
1994 5226 2180 5284 aperta
2208 5230 2336 5274 sunt
2375 5199 2568 5280 oculis
2594 5227 2713 5297 ejus

1101 5288 1312 5360 (llebr.
1331 5297 1438 5358 tv).

1698 5386 1926 5447 CAPUT
1965 5392 2126 5451 XXII.

1587 5474 1666 5532 De
1705 5473 1897 5535 natura
1931 5497 2245 5553 serpentum.

1176 5557 1290 5616 Sed
1320 5571 1382 5616 et
1414 5561 1484 5617 'in
1518 5569 1861 5634 serpentibus
1895 5588 2110 5644 quoque
2139 5580 2394 5636 nonnulla
2451 5588 2716 5644 naturalis

1102 5652 1328 5708 astutia
1368 5655 1722 5722 reperiuntur
1765 5660 1986 5728 indicia,
2017 5681 2137 5735 qua:
2175 5685 2281 5724 non
2332 5673 2598 5731 inutiliter
2645 5683 2712 5736 ad

1102 5752 1313 5798 nostra
1357 5739 1794 5828 cenversationis
1842 5754 2130 5812 trahuntur
2167 5762 2435 5832 exempla.
2475 5764 2713 5836 Serpens

1279 5847 1417 5887 cum
1455 5824 1720 5915 senuerit,
1749 5845 1808 5896 et
1835 5843 1976 5898 oculi
2001 5844 2114 5916 ejus
2146 5824 2409 5921 coeperint
2452 5824 2707 5928 caligare,

2013 478 2256 548 opusc,
2304 475 2408 532 ιιι.
2447 506 2513 517 -
2543 472 2631 528 os
2670 467 2853 524 nouo
2894 461 3236 520 RELlGIOSl
3281 457 3578 517 sums.
3722 532 3730 540 ἢ

1151 624 1272 670 nem
1298 608 1439 665 enim
1489 616 1690 660 terram
1741 599 1910 656 exivit
1960 610 2125 650 sonus
2160 605 2374 655 eorum,
2417 589 2553 644 etin
2586 586 2722 639 ﬂues
2750 583 2800 641 Α
2828 593 2925 648 ρει·
2977 575 3240 670 οίτοιξξυιη
3286 572 3645 670 quadraginta
3690 569 3901 670 (ξίῗΐυω
3953 567 4290 670 ίοξίιξθωξίυε
4340 586 4446 670 ιξξιδ

4338 454 4443 513 782

2835 671 3002 724 ctium
3035 667 3182 722 nullo
3212 682 3437 737 prorsus
3478 665 3602 720 cibo
3631 661 3894 726 reﬁcitur,
3943 663 4038 716 sed
4076 661 4222 732 jugis
4251 663 4447 718 inedita

2835 760 3170 815 continentia
3202 766 3530 811 maceratur.
3575 754 3667 810 Sic
3706 754 3964 808 nimirum
3989 769 4096 824 quo
4125 753 4299 833 magis
4331 769 4446 808 ma-

2837 851 3034 907 cilenta
3059 865 3260 920 corpus
3286 849 3404 917 ejus
3423 848 3678 918 ariditate
3698 847 4110 917 constringitur,
4126 855 4275 900 tanto
4289 846 4447 916 pellis

2836 942 2952 1012 ejus
2976 957 3265 1012 squamosa
3297 941 3544 1006 laxatur;
3593 947 3649 994 et
3676 939 3804 993 dum
3853 952 3986 992 caro
4030 952 4059 990 a
4114 952 4209 990 sua
4248 952 4450 1005 corpu-

2838 1032 3004 1086 lentia
3032 1031 3238 1097 delieit,
3271 1031 3427 1101 pellis
3459 1030 3619 1086 eﬂ'eta
3654 1029 3886 1084 follescit
3916 1048 3927 1082 :
3961 1029 4159 1084 deinde
4199 1029 4284 1083 vel
4323 1029 4473 1105 hia-t

2840 1134 2951 1179 tum
2979 1125 3130 1178 dura:
3157 1132 3316 1179 terrm
3365 1121 3448 1178 vel
3474 1123 3768 1177 scissuram
3800 1119 3995 1190 lapidis
4020 1121 4233 1190 quairit,
4259 1135 4324 1174 ac
4351 1135 4449 1189 per
4473 1118 4476 1119 ⁷

2837 1214 2983 1269 illius
3006 1214 3287 1285 angustias
3318 1229 3378 1269 se
3414 1211 3729 1269 sull'ulciens
3773 1211 3988 1276 transit,
4021 1211 4210 1281 sicque
4249 1211 4444 1280 pellem

2835 1308 3055 1376 penitus
3081 1323 3206 1362 cum
3228 1316 3512 1362 senectute
3532 1307 3782 1376 deponit;
3808 1319 3934 1360 mox
3963 1306 4150 1375 itaque
4169 1304 4444 1372 ﬁtnovus,

2838 1400 2924 1454 cui
2956 1399 3116 1453 simul
3145 1409 3202 1454 et
3252 1399 3426 1454 virtus
3468 1407 3756 1468 reparatur
3780 1397 3831 1452 et
3872 1397 4039 1452 visus.
4070 1396 4179 1451 Nos
4208 1398 4372 1451 etiam
4399 1396 4444 1449 si

2837 1488 3132 1559 aliquando
3158 1504 3186 1543 a
3214 1488 3438 1556 juvenili
3469 1476 3642 1544 sancti
3664 1487 3930 1542 desiderii
3961 1477 4174 1542 fervore
4207 1487 4444 1558 tepesCi-

2839 1594 2978 1644 mus,
2993 1590 3048 1635 et
3070 1579 3345 1635 dissolutae
3362 1580 3484 1634 vita:
3506 1578 3660 1634 senio
3679 1578 4000 1648 caligamus,
4031 1593 4131 1647 per
4151 1587 4315 1632 arctm
4336 1593 4448 1648 pm-

2839 1671 3083 1726 nitentiaa
3106 1680 3448 1726 transeamus
3462 1670 3762 1740 angustias,
3785 1677 3868 1736 ut,
3887 1670 4016 1724 dum
4038 1679 4277 1725 veterem
4295 1678 4446 1724 exte-

2839 1765 3002 1820 rioris
3020 1764 3473 1836 concupiscentia!
3489 1760 3814 1834 deponimus
3830 1763 4049 1832 pellem,
4065 1764 4132 1818 ad
4153 1763 4443 1833 pristinam
4531 1835 4537 1841 ἢ

2842 1855 3128 1910 redeamus
3151 1854 3430 1910 interioris
3469 1853 3706 1909 heminis
3743 1853 4062 1925 novitatem.
4092 1853 4192 1907 Est
4234 1857 4289 1908 et
4337 1852 4443 1907 alia

2758 1945 2806 2006 Β
2836 1954 3025 1999 natura
3056 1945 3356 2014 serpentis,
3385 1941 3512 2014 quia
3543 1958 3665 1999 cum
3716 1941 3906 2000 bibere
3936 1945 4278 2015 concupiscit
4316 1958 4445 2000 ante

2840 2051 3109 2092 venenum
3155 2037 3376 2101 evomit,
3409 2036 3601 2090 hausta
3643 2046 3773 2090 vero
3809 2033 4142 2091 suﬂicienter
4183 2052 4353 2108 aqua,
4376 2038 4445 2092 ad

2837 2128 3016 2181 locum
3043 2126 3132 2181 ubi
3159 2134 3446 2181 vomuerat
3468 2125 3633 2190 redit,
3656 2125 4032 2196 vomitumque
4064 2128 4312 2182 resumit.

2900 2215 3202 2288 Presbyter
3253 2218 3474 2286 quidam
3523 2215 3714 2274 retulit
3759 2217 3885 2293 quia
3944 2217 4047 2272 sub
4104 2219 4277 2274 oculis
4325 2223 4445 2288 ejus

2823 2315 3060 2376 ’serpens
3091 2309 3144 2361 in
3175 2307 3352 2378 lapide
3378 2307 3607 2372 vomuit,
3639 2307 3834 2363 deinde
3860 2305 4092 2363 festinus
4129 2310 4197 2363 ad
4233 2309 4441 2365 fontem

2835 2397 3106 2463 bibiturus
3165 2398 3422 2466 irrepsit,
3475 2397 3570 2452 sed
3611 2397 3741 2452 dum
3797 2396 3888 2452 ille
3946 2408 4159 2468 peteret
4212 2396 4442 2464 (etatem.

2835 2490 3063 2545 revolvit
3087 2489 3372 2560 presbyter
3396 2487 3665 2557 lapidem;
3699 2501 3952 2543 reversus
3990 2498 4171 2543 autem
4197 2504 4440 2560 serpens,

2833 2579 2962 2633 dum
3009 2592 3301 2645 venenum,
3333 2580 3478 2650 quod
3529 2591 3856 2646 resumeret,
3909 2598 4015 2638 non
4069 2585 4296 2648 invenit,
4337 2585 4444 2640 huc

2835 2669 3072 2739 illucque
3101 2672 3443 2740 perquirens,
3471 2673 3721 2742 protinus
3747 2674 4068 2743 exspiravit.
4100 2665 4210 2731 Nos
4246 2678 4437 2743 etiam,

2833 2776 2957 2815 cum
3005 2761 3250 2816 cmlestis
3283 2761 3482 2833 eloquii
3522 2762 3724 2818 ﬂuenta
3766 2765 4143 2820 desideramus
4193 2768 4438 2834 haurire,

2835 2866 2930 2919 per
2979 2862 3232 2906 conatum
3279 2868 3430 2922 purae
3454 2853 3814 2910 contessionis
3855 2857 4041 2910 omnia
4090 2857 4342 2912 vitiorum
4385 2867 4443 2915 et

2833 2941 3081 3010 lapsuum
3131 2958 3335 2998 venena
3387 2945 3649 2999 debemus
3705 2960 3976 3001 evomere.
4035 2946 4141 3003 Sed
4187 2951 4332 3004 absit
4383 2961 4443 3005 ut

2835 3039 3177 3084 revertamur
3204 3032 3270 3084 ad
3311 3033 3764 3102 vomitum;quia
3797 3051 3903 3089 non
3945 3052 4048 3106 per,
4070 3046 4271 3093 terram
4311 3057 4437 3096 cum

2832 3121 3176 3188 serpentibus
3230 3135 3441 3191 repere,
3492 3125 3586 3178 sed
3632 3126 3698 3177 ad
3755 3140 3818 3179 ea
3875 3141 3995 3195 quae
4053 3144 4266 3183 sursum
4312 3141 4440 3187 sunt

2833 3209 3058 3277 (Coloss.
3092 3216 3175 3282 ιιι)
3207 3211 3557 3282 praecipimur
3598 3213 3878 3271 festinare.
3903 3217 4037 3273 lllud
4065 3230 4148 3273 est
4171 3232 4435 3290 praeterea

2835 3398 2921 3442 tur
2941 3391 3072 3458 quia
3101 3389 3236 3461 fugit
3270 3393 3546 3448 hominem
3572 3395 4154 3468 nudum,-aggreditur
4184 3406 4436 3459 mordere

2832 3480 3106 3534 vestitum.
3131 3482 3209 3536 Ac
3234 3483 3280 3536 si
3313 3483 3470 3538 fortis
3495 3485 3727 3556 quisque
3754 3487 3987 3543 bellator
4013 3491 4233 3548 invadat
4254 3511 4440 3549 arma-

2833 3580 2967 3635 tum,
3002 3581 3255 3626 vereatur
3283 3575 3569 3635 inermem.
3601 3576 3718 3633 Non
3753 3578 3835 3634 vis
3861 3596 3992 3652 ergo
4022 3585 4214 3639 timere
4248 3587 4438 3646 diabo-

2829 3660 2975 3730 lum?
3009 3671 3349 3717 terrenarum
3382 3680 3565 3720 rerum
3612 3675 3665 3721 te
3710 3671 3955 3726 vestibus
3989 3687 4146 3728 exue.
4193 3676 4437 3735 Vestitus

2827 3751 2920 3804 es?
2947 3752 3253 3822 cingentem
3295 3753 3576 3810 colubrum
3624 3758 4000 3825 perhorresce.
4055 3761 4149 3817 Vis
4198 3765 4266 3819 ad
4314 3782 4436 3822 ser-

2826 3844 3004 3912 pentis
3040 3845 3350 3915 exemplum
3395 3862 3566 3904 novus
3610 3850 3751 3917 ﬁeri,
3779 3862 3835 3906 et
3880 3855 4190 3926 languentis
4234 3862 4435 3918 anima:

2827 3937 3270 4000 senectutem_in
3321 3937 3669 4007 pubescentis
3731 3943 4114 4003 adolescentia:
4178 3949 4437 4010 reﬂorere

2827 4025 3117 4081 decorem?
3157 4025 3344 4099 jejuna
3394 4045 3517 4085 cum
3567 4043 3822 4101 serpente
3861 4053 3962 4106 per
4009 4040 4436 4112 quadragenarii

2829 4121 3088 4190 temporis
3129 4123 3415 4191 circulum,
3448 4126 3550 4182 hoc
3586 4139 3690 4195 est,
3733 4147 3760 4184 ιι
3803 4133 4117 4191 carnalibus
4148 4137 4434 4198 desideriis

2828 4216 3067 4277 tempera
3113 4226 3212 4280 per
3254 4227 3471 4270 omnem
3503 4218 3662 4286 hujus
3693 4220 3816 4273 vitae
3846 4223 4156 4278 decursum.
4188 4226 4322 4283 Nam
4377 4239 4435 4286 et

2823 4298 2964 4352 idem
2995 4314 3221 4369 serpens
3246 4314 3447 4372 quanta
3491 4307 3771 4377 sitjejunii
3807 4313 3978 4367 virtus
4008 4318 4271 4384 ostendit,
4301 4323 4432 4390 quia

2823 4407 2948 4446 mox
2983 4407 3042 4446 ut
3071 4403 3290 4462 sputum
3321 4395 3491 4468 jejuni
3525 4401 3764 4460 hominis
3811 4416 4016 4474 gustat,
4058 4412 4307 4478 protinus
4348 4413 4429 4466 in-

2823 4494 3122 4575 teremptus
3150 4489 3415 4559 exspirat.
3452 4490 3568 4547 Non
3602 4509 3752 4564 ergo,
3784 4509 3942 4552 serve
3979 4498 4096 4563 Dei,
4145 4510 4196 4557 te
4242 4503 4430 4575 pigeat

2815 4573 3085 4643 jejunare,
3114 4587 3174 4632 ut
3200 4581 3466 4636 moriatur
3494 4583 3581 4638 ille
3608 4587 3699 4655 qui
3745 4597 3798 4641 te
3839 4589 3961 4643 cibo
3999 4592 4267 4661 turgidum
4300 4573 4427 4651 niti-

2822 4685 2909 4724 tur
2953 4671 3256 4741 deglutiens
3304 4674 3617 4732 absorbere.
3653 4678 3890 4750 Serpens
3937 4696 4197 4752 praeterea
4247 4700 4419 4745 totum

2819 4778 3016 4832 corpus
3047 4763 3243 4818 ictibus
3273 4767 3614 4824 verberantis
3642 4773 3884 4841 exponit,
3915 4776 4086 4830 solum
4112 4791 4273 4848 caput
4295 4784 4423 4836 abs:-

2819 4857 3020 4910 condit.
3067 4856 3146 4909 Tu
3185 4872 3401 4927 quoque
3455 4861 3508 4914 in
3562 4866 4034 4929 perseeutionihus
4089 4874 4421 4929 constitutus

2818 4949 3096 5012 Christum
3127 4949 3270 5003 intra
3298 4951 3497 5006 mentis
3530 4967 3729 5008 arcana
3766 4959 4026 5026 reconde;
4063 4976 4258 5033 corpus
4289 4975 4421 5022 vero

2820 5053 2996 5105 tuum,
3042 5042 3088 5096 si
3122 5057 3212 5096 res
3239 5042 3426 5115 exigit.
3474 5050 3916 5114 persequentium
3949 5053 4199 5110 manibus
4241 5059 4418 5113 trade.

2891 5133 3058 5203 822
3107 5133 3242 5189 Esse
3290 5149 3508 5206 quoque
3566 5138 3879 5210 viperarum
3929 5158 4102 5214 genus
4152 5148 4414 5218 creditur,

2820 5224 2965 5293 quod
2993 5224 3040 5277 si
3071 5223 3347 5278 hominem
3376 5228 3645 5294 mordeat,
3673 5237 3843 5286 totum
3876 5247 4074 5304 corpus
4099 5237 4217 5308 ejus
4254 5240 4308 5294 in
4341 5242 4420 5295 vi-

2823 5329 2915 5367 rus
2941 5323 3139 5367 vertat.
3167 5313 3463 5384 Propterea
3489 5319 3762 5388 quoddam
3784 5323 3932 5379 aliud
3957 5340 4078 5383 esse
4107 5330 4413 5399 viperinum

2820 5421 2995 5476 genus
3030 5406 3296 5460 asseritur
3340 5415 3447 5462 tam
3495 5413 3638 5467 acris
3682 5417 3902 5482 veneni,
3943 5427 4005 5472 ut
4050 5420 4093 5476 si
4144 5437 4249 5491 qua
4298 5424 4420 5480 avis

2826 5511 2993 5565 super
3023 5496 3150 5551 illud
3182 5497 3367 5552 volare
3398 5502 3717 5575 contigerit,
3746 5508 4057 5564 exhalantis
4102 5511 4303 5569 virtute
4339 5515 4416 5569 fe-

2823 5587 2955 5641 toris
2998 5587 3274 5657 extemplo
3321 5589 3562 5647 moriens
3593 5604 3835 5650 corruat.
3869 5596 4001 5664 Qua:
4030 5599 4285 5658 videlicet
4315 5605 4416 5659 hac

2819 5677 3082 5763 coeundi,
3125 5679 3210 5731 vel
3265 5683 3511 5750 pariendi
3564 5689 3962 5743 consuetudine
4028 5693 4261 5748 naturali
4316 5705 4416 5764 po-

2821 5771 3028 5824 tiuntur
3058 5770 3307 5841 imperio.
3336 5783 3395 5828 ut
3421 5775 3692 5831 masculus
3720 5778 3771 5830 in
3800 5793 3864 5833 os
3895 5769 4111 5836 femina:
4130 5794 4292 5854 caput
4318 5785 4417 5840 imo

2816 5862 3024 5932 pingat,
3049 5863 3193 5934 quod
3219 5863 3306 5918 illa
3334 5879 3444 5934 pra:
3479 5867 3631 5922 nimii
3665 5872 3869 5926 amoris
3900 5871 4238 5944 impatientia
4267 5893 4418 5933 mor-
