5882 6634
0 6345 1220 6634 ἑνκ

2517 621 2622 678 783

2946 619 3004 676 S.
3034 620 3235 677 PETRI
3265 622 3542 678 ῡΑΗΙΑΝΙ
3573 623 3719 679 OPP.
3766 624 4004 682 1'0)st
4041 625 4172 682 SEU
4204 626 4382 684 PARS
4419 628 4508 684 ΙΙΙ.
4549 658 4615 670 -—
4654 630 5019 690 OPUSGULA
5060 631 5291 691 VARIA.

5644 637 5742 696 786

2509 732 2687 789 dendo
2710 731 2971 801 praecidat
2988 745 3054 819 ac
3080 741 3280 800 praesto
3302 732 3581 803 deglutiat.
3610 733 3684 786 Ex
3713 733 3866 802 cujus
3895 735 4090 806 capitis
4119 749 4162 801 Α
4194 754 4298 796 non
4345 737 4602 804 suﬂiciat,
4651 744 4837 798 eadem
4881 760 4976 798 ore
5033 747 5253 816 proprio
5293 759 5455 817 grana
5504 749 5756 819 praecidit,

2507 819 2688 877 oculis
2722 820 2828 875 duo
2857 817 3020 874 catuli
3062 829 3433 888 procreantur,
3479 822 3573 890 qui
3622 832 3809 891 partus
3853 831 4092 894 tempore

2518 918 2765 965 materna
2811 907 2980 962 latera
3034 907 3290 977 utrinque
3335 901 3651 975 corrodun‘t,
3689 919 3744 965 et
3784 911 3864 965 sic
3905 912 4093 966 altrin-

2511 1011 2671 1054 secus
2704 996 2863 1052 simul
2917 995 3226 1052 occidentes
3253 1005 3306 1052 et
3331 1007 3620 1054 nascentes
3646 1009 3954 1070 erumpunt.
3989 1001 4092 1067 Qui

2510 1089 2770 1146 nimirum
2813 1098 2937 1145 ante
2982 1099 3108 1144 sunt
3151 1091 3434 1160 parricidae
3477 1100 3638 1162 Quam
3687 1095 3840 1159 filii;
3871 1104 3928 1149 et
3971 1095 4093 1151 ideo

2507 1195 2785 1250 nunquam
2817 1191 3015 1250 praeter
3041 1182 3175 1235 duos
3223 1181 3367 1236 valet
3394 1181 3555 1252 hujus
3577 1185 3792 1256 generis
3819 1185 4092 1243 excedens

2508 1271 2711 1340 aliquid
2739 1271 2994 1329 inveniri.-

2583 1360 2680 1414 Est
2701 1361 2885 1424 etiam,
2927 1359 3067 1414 sicut
3096 1358 3287 1426 fertur,
3315 1361 3458 1417 aliud
3496 1377 3672 1433 genus
3717 1364 3860 1433 quod
3891 1365 4090 1420 dicitur

2497 1449 2761 1521 jaculum,
2804 1449 2948 1520 quod
2975 1448 3203 1505 volando
3244 1460 3468 1520 repente
3509 1453 3783 1508 hominem
3806 1463 4085 1524 penetrat,

2506 1548 2563 1595 et
2592 1541 2666 1594 ita
2695 1539 3014 1610 pertransit,
3045 1548 3300 1609 tanquam
3331 1540 3404 1594 nil
3429 1541 3530 1597 sibi
3571 1557 3794 1612 prorsus
3835 1544 4083 1600 obsistat.

2507 1629 2590 1685 Ad
2643 1629 3017 1684 instruendam
3072 1629 3274 1699 quippe
3324 1631 3616 1700 humanam
3671 1641 3920 1687 naturam
3967 1634 4088 1704 pius

2491 1720 2764 1776 Conditor
2804 1719 3047 1776 diversas
3093 1721 3269 1776 brutis
3295 1722 3623 1778 animalibus
3647 1724 3814 1789 vires,
3849 1732 3906 1779 et
3935 1734 4086 1780 astu-

2498 1810 2632 1865 tiam
2670 1809 2917 1875 contulit,
2945 1819 3005 1864 ut
3038 1825 3105 1866 ex
3133 1810 3384 1866 belluinae
3424 1826 3638 1882 quoque
3663 1814 3981 1883 sagacitatis
4009 1815 4087 1870 in-

2497 1899 2693 1969 dagine
2716 1915 2823 1955 non
2851 1901 3249 1956 contemnenda
3293 1901 3346 1956 in
3390 1912 3605 1960 nostros
3627 1912 3782 1960 actus
3806 1904 4086 1962 valeamus

2498 1989 2749 2062 exempla
2777 1989 3091 2048 transferre.

3064 2081 3295 2140 CAPUT
3333 2083 3520 2140 XXI".

2535 2168 2610 2228 De
2637 2189 2857 2243 onagro,
2885 2172 3176 2240 elephants,
3208 2173 3473 2241 unicorni,
3508 2175 3687 2246 aquila
3721 2187 3769 2232 et
3796 2177 4041 2246 formica.

2571 2263 2706 2331 Quis
2753 2263 2896 2320 enim
2937 2263 3123 2320 docuit
3167 2279 3452 2335 onagrum,
3493 2274 3553 2321 ut
3586 2267 3641 2321 in
3687 2269 4079 2337 aequinoctialis

2498 2357 2703 2410 mensis
2752 2353 2928 2409 Martii
2984 2355 3369 2426 perpendiculo
3431 2371 3527 2426 per
3574 2357 3852 2414 duodenas
3915 2360 4080 2415 horas

2499 2447 2641 2512 diei,
2694 2446 2861 2502 simul
2898 2454 2954 2501 et
2991 2447 3170 2501 noctis
3211 2447 3435 2502 totidem
3486 2447 3698 2517 rugitus
3744 2448 3998 2502 emittat?
4024 2457 4080 2503 et

2497 2539 2649 2594 velut
2692 2552 2791 2608 per
2843 2537 3109 2594 naturalis
3154 2537 3418 2608 horologii
3469 2553 3772 2610 organum,
3817 2539 4072 2596 horarum

2496 2640 2770 2688 momenta
2805 2630 3132 2701 distinguat?
3154 2630 3257 2687 Per
3291 2630 3530 2703 singulas
3569 2631 3712 2688 enim
3746 2632 3907 2688 horas
3962 2634 4076 2688 sive

2489 2720 2602 2776 diei
2653 2720 2766 2775 sive
2817 2720 2994 2774 noctis
3042 2719 3208 2774 semel
3263 2721 3440 2791 rugit,
3504 2735 3566 2775 ac
3617 2735 3714 2789 per
3761 2722 3865 2776 hoc
3904 2725 4074 2793 aequi-

2491 2813 2745 2870 noctialis
2772 2813 3128 2870 libmadesse
3159 2825 3370 2884 tempus
3392 2815 3650 2870 ostendit.

2563 2904 2696 2972 Quis
2726 2907 2908 2960 docuit
2937 2906 3273 2976 elephantem
3292 2915 3616 2977 perpetuam
3655 2906 3879 2977 diligere
3913 2907 4073 2962 caon

2489 2996 2698 3052 tatem?
2719 2995 2821 3064 Qui
2852 3005 3182 3052 tamencum
3209 3007 3419 3055 natura:
3443 3006 3665 3052 coactus
3694 2997 3921 3067 imperio
3951 3009 4070 3052 ver-

2490 3097 2614 3143 tens
2661 3094 2824 3157 caput
2872 3095 2994 3156 post
3052 3100 3130 3151 se,
3183 3086 3341 3157 quasi
3369 3086 3598 3142 nolendo
3632 3095 3686 3142 et
3733 3085 4068 3151 nauseando,

2487 3178 2703 3243 coierit,
2749 3187 2804 3232 et
2837 3177 3147 3246 concipiens
3174 3177 3341 3232 semel
3379 3175 3578 3231 femina
3627 3176 3695 3230 ad
3725 3175 4070 3231 concubitum

2483 3284 2595 3324 non
2641 3268 2949 3323 revertitur.
2992 3267 3084 3321 llla
3123 3281 3252 3322 vero
3292 3270 3418 3322 dum
3475 3267 3788 3333 draconem,
3828 3267 3919 3336 qui
3967 3268 4071 3322 sibi

2432 3417 2436 3420 ,
2485 3359 2731 3416 feraliter
2756 3358 3060 3423 insidiatur,
3101 3357 3414 3413 tremefacta
3452 3357 3736 3424 formidat,
3777 3373 3884 3412 non
3915 3358 4066 3424 alibi,

4199 843 4267 883 ne
4295 830 4551 884 videlicet
4594 847 4694 901 per
4724 833 4969 889 hiemalis
5012 835 5409 891 inclementiam
5439 837 5624 894 imbris
5661 839 5753 895 ite-

4198 933 4313 971 rum
4348 927 4616 991 turgeant,
4647 930 4702 976 et
4745 932 4935 993 negata
4968 938 5064 993 spe
5092 924 5268 981 victus
5291 925 5344 980 in
5374 925 5567 984 herbas
5591 942 5746 984 erum

4193 1015 4341 1074 pant.

4758 1104 4986 1160 CAPUT
5026 1105 5214 1164 XXIV.

4421 1190 4498 1244 De
4531 1192 4731 1260 vipera,
4760 1195 5023 1264 accipitre,
5055 1207 5287 1266 serpente
5321 1209 5368 1252 et
5394 1216 5534 1256 ursa.

4263 1278 4397 1345 Quis
4447 1282 4610 1335 etiam
4655 1284 4890 1352 viperam
4943 1286 5127 1340 docuit
5175 1296 5268 1353 ut,
5321 1304 5440 1344 cum
5498 1291 5757 1362 cupiditas

4190 1369 4367 1424 coitus
4415 1371 4638 1437 incitat,
4678 1373 4744 1426 ad
4809 1372 4964 1429 littus
4997 1374 5140 1431 illico
5191 1393 5484 1448 properans
5527 1396 5756 1438 murena

4189 1462 4477 1516 maritima:
4515 1463 4760 1532 copulam
4801 1465 4995 1532 petat?
5040 1466 5153 1523 Hac
5195 1470 5357 1540 igitur
5395 1473 5563 1527 sibilis
5603 1487 5751 1528 suam

4193 1548 4525 1604 testificante
4578 1552 4965 1620 praesentiam,
5027 1556 5286 1612 continuo
5345 1575 5562 1614 murena
5632 1577 5754 1630 pro-

4187 1638 4446 1706 greditur,
4476 1647 4531 1692 et
4571 1648 4850 1694 venenatae
4879 1639 5066 1698 bestia
5097 1643 5321 1700 alterius
5343 1647 5596 1702 elementi
5635 1647 5759 1702 mis-

4188 1735 4363 1782 cetur.
4630 1736 4634 1740 ’

4261 1814 4394 1880 Quis
4425 1816 4775 1886 accipitribus
4821 1817 5128 1888 hujusmodi
5166 1820 5301 1893 legis
5329 1821 5449 1890 jura
5493 1825 5742 1894 praefixit,

4187 1915 4247 1958 ut
4281 1905 4370 1959 ubi
4402 1906 4703 1972 nidificant,
4740 1923 4837 1978 per
4882 1910 5119 1980 amplum
5162 1911 5289 1968 hinc
5320 1913 5441 1969 inde
5479 1915 5758 1970 circuitum

4187 1993 4349 2048 nullis
4382 1996 4604 2050 omnino
4632 1997 4837 2066 rapinis
4866 1998 5141 2062 insistant,
5173 2009 5228 2055 et
5258 2015 5377 2056 cum
5424 2001 5492 2056 ab
5530 2003 5609 2058 eis
5643 2002 5760 2060 ubb

4114 2081 4159 2140 B
4189 2099 4295 2152 que
4323 2085 4568 2139 locorum
4601 2085 4704 2140 nisi
4737 2087 5006 2142 bello—non
5031 2090 5253 2157 vivitur,
5280 2090 5387 2150 illic
5414 2091 5499 2146 ubi
5529 2092 5760 2148 victores

4190 2174 4426 2230 hostium
4476 2175 4763 2249 manubias
4800 2177 5110 2243 conferunt,
5151 2192 5259 2248 pax
5314 2180 5598 2249 tranquilla
5646 2195 5760 2237 ser-

4183 2263 4378 2317 vetur?
4405 2264 4477 2318 At
4509 2247 4598 2319 tibi
4631 2264 4776 2320 fetus
4804 2280 4932 2320 suos
4954 2266 5064 2334 jam
5102 2247 5500 2337 plumescentes
5538 2271 5754 2326 avolare

4187 2368 4346 2424 posse
4394 2354 4824 2423 deprehendunt,
4859 2357 5086 2426 pedibus
5129 2373 5223 2413 eos
5271 2372 5335 2413 ac
5385 2369 5561 2413 rostro
5615 2359 5760 2415 nidis

4183 2443 4498 2508 eliminant;
4555 2456 4610 2499 et
4650 2454 4906 2515 tanquam
4946 2447 5313 2518 emancipatus
5348 2447 5551 2518 legibus
5589 2465 5621 2503 a
5651 2466 5751 2506 sua

4179 2535 4365 2605 procul
4391 2536 4792 2592 cohabitatione
4814 2538 5160 2608 propulsant;
5195 2549 5254 2594 ut
5279 2539 5356 2596 sic
5377 2555 5405 2594 a
5439 2551 5621 2596 tenero
5642 2541 5758 2609 jam

4180 2627 4534 2683 iastituantur
4562 2627 4629 2682 ad
4672 2629 5073 2697 pra'dam,.nec
5123 2630 5174 2684 in
5216 2631 5494 2702 segnitiem
5526 2645 5604 2697 se,
5639 2647 5760 2704 spe-

4181 2729 4366 2774 rantes
4389 2735 4415 2772 a
4449 2720 4767 2790 parentibus
4791 2720 5066 2785 alimenta,
5106 2723 5388 2788 resolvant,
5420 2724 5512 2780 sed
5543 2726 5611 2780 ab
5645 2727 5761 2795 ipso

4178 2810 4344 2881 primi
4389 2811 4600 2867 volatus
4642 2812 4864 2867 exordio
4910 2813 5118 2869 crebris
5158 2815 5462 2885 rapinarum
5493 2816 5760 2873 violentis

4172 2911 4512 2957 assuescant.

4250 2992 4349 3049 Ubi
4379 3002 4640 3063 przeterea
4675 3009 4802 3050 ursa
4830 2995 5037 3062 didicit,
5067 3010 5191 3052 cum
5229 3005 5412 3067 partus
5438 2998 5557 3054 edat
5587 2999 5761 3054 infor-

4175 3100 4312 3150 mes,
4340 3095 4497 3140 natos
4539 3102 4666 3142 suos
4700 3086 4934 3157 lingente
4960 3087 5140 3159 lingua
5182 3105 5280 3159 per
5300 3091 5448 3145 varia
5487 3093 5761 3148 membro-

4177 3192 4294 3231 rum
4328 3176 4655 3231 lineamenta
4685 3177 5036 3247 distinguere,
5066 3193 5131 3234 ac
5160 3192 5307 3234 more
5331 3179 5473 3250 ﬁguli
5511 3180 5562 3234 in
5589 3189 5756 3235 natu-

4175 3265 4304 3320 ralis
4343 3265 4571 3336 eﬂigiem
4604 3266 4852 3335 generis,
4904 3267 5298 3339 imaginemque
5339 3268 5605 3324 formare?
5643 3269 5762 3326 lmo

4173 3356 4296 3424 quis
4322 3355 4660 3410 medicinalis
4687 3358 4820 3411 artis
4850 3357 5210 3415 instrumenta
5235 3361 5531 3430 perdocuit,
5555 3362 5679 3430 quis
5705 3362 5758 3416 ei

2485 3453 2581 3507 sed
2620 3451 2672 3505 in
2702 3464 2839 3520 aqua
2876 3421 3189 3518 parit,vquae
3211 3449 3278 3503 ad
3317 3450 3483 3513 ubera
3513 3447 3637 3517 ejus.
3658 3421 3829 3518 usque
3863 3421 4066 3519 pertin;
4096 3421 4139 3481 C
4173 3421 4317 3502 vires
4365 3447 4658 3502 herbarum
4725 3457 4780 3502 et
4841 3451 5139 3505 curationis
5204 3421 5434 3506 fomenta
5497 3421 5762 3509 dic-tavit?

2484 3549 2599 3612 gat.
2634 3538 2769 3594 Nam
2812 3539 2857 3594 si
2909 3547 3062 3592 extra
3106 3553 3300 3606 aquam
3347 3537 3578 3608 peperit,
3616 3537 3782 3592 draco
3823 3537 4062 3594 catulum

2482 3633 2603 3704 ejus
2632 3638 2853 3700 repente
2878 3629 3236 3684 devoraturus
3263 3627 3486 3682 invadit.

2548 3724 2689 3792 .Quis
2713 3723 2852 3777 hanc
2893 3720 3281 3791 ingenuitatem
3326 3719 3572 3774 unicorni
3605 3719 3850 3784 contulit,
3882 3728 3937 3774 ut
3976 3719 4066 3775 de-

2483 3817 2735 3887 dignetur
2783 3811 2986 3868 viribus
3016 3811 3176 3877 vinci,
3216 3811 3537 3866 humilitatis
3577 3820 3694 3867 arte
3741 3812 3977 3882 patiatur
4006 3827 4066 3867 se

2470 3911 2641 3967 facile
2669 3908 2949 3978 superari-2
2983 3905 3265 3977 Nunquam
3305 3906 3508 3962 scilicet
3532 3921 3566 3960 a
3597 3905 3946 3959 venatoribus
3975 3919 4062 3958 ca-

2467 4000 2647 4073 pitur,
2675 3999 2777 4052 nisi
2804 3996 2952 4067 prius
2978 3996 3029 4049 in
3055 3995 3278 4065 virginis
3301 3995 3508 4066 gremio
3532 3993 3846 4067 reclipelur.

2554 4089 2690 4156 Quis
2741 4086 2844 4141 hoc
2889 4083 3168 4139 medicina!
3214 4097 3383 4153 genus
3431 4082 3623 4153 aquilae
3672 4081 3911 4145 tradidit,
3944 4095 4064 4151 quae

2485 4193 2611 4234 cum
2644 4175 2905 4240 senuerit,
2948 4186 3002 4228 et
3041 4173 3252 4244 gravari
3285 4166 3549 4242 emperint
3591 4172 3688 4226 alae
3723 4171 3859 4239 ejus,
3900 4181 4063 4242 atque

2484 4267 2629 4325 oculi
2688 4265 2945 4335 caligare,
2992 4275 3119 4319 tunc
3155 4264 3350 4332 quaerit
3395 4262 3825 4332 fontemaqute,
3870 4271 4062 4317 contra

2483 4373 2648 4428 quem
2680 4356 2852 4427 posita
2882 4353 3029 4410 volat
3058 4369 3229 4422 usque
3265 4354 3331 4407 ad
3363 4353 3624 4408 circulum
3657 4353 3806 4417 solis,
3846 4353 4064 4422 illicque

2477 4451 2537 4507 in
2573 4448 2778 4519 puriori
2829 4445 3046 4501 aetheris
3101 4444 3352 4499 vastitate
3410 4443 3625 4507 librata,
3687 4442 3753 4496 ad
3809 4458 4059 4512 vaporem

2468 4537 2620 4595 solis
2639 4546 2694 4593 et
2717 4535 2833 4591 alas
2861 4533 3114 4598 incendit,
3139 4540 3196 4586 et
3221 4531 3504 4602 caliginem
3531 4532 3812 4586 oculorum
3840 4545 4061 4601 prorsus

2473 4628 2692 4693 exurit,
2734 4639 2978 4694 moxque
3029 4622 3362 4678 descendens
3409 4622 3583 4677 tribus
3635 4622 3686 4674 in
3725 4620 3929 4676 fontem
3977 4625 4057 4677 vi—

2479 4719 2634 4776 cibus
2678 4718 2960 4786 mergitur,
3005 4722 3060 4769 et
3091 4715 3170 4768 sic
3223 4712 3427 4766 alarum
3488 4713 3638 4782 vigor
3677 4721 3731 4767 et
3779 4712 4055 4768 oculorum

2477 4811 2628 4867 acies
2654 4809 2821 4864 multo
2859 4805 3052 4862 melius
3091 4819 3253 4876 quam
3286 4803 3540 4873 juventus
3573 4803 3849 4870 attulerat,
3895 4818 4055 4860 reno-

2479 4899 2710 4955 vantur?

2554 4987 2706 5056 Quis,
2735 5000 2937 5054 qmeso,
2978 4983 3255 5039 formicam
3297 4983 3362 5037 ad
3410 4985 3513 5038 hoc
3556 4984 3842 5039 triturandi
3887 4999 4058 5056 genus

2475 5075 2738 5140 instituit,
2767 5084 2823 5127 ut
2857 5081 3098 5142 segetum
3128 5087 3293 5144 grana
3319 5073 3614 5136 discernat,
3642 5081 3697 5126 et
3721 5073 3881 5141 823
3909 5075 4056 5142 igno-

2473 5170 2604 5226 bilia
2650 5181 2930 5239 respuens,
2977 5165 3322 5235 elegantioris
3347 5166 3554 5233 frugem
3606 5165 3818 5235 generis
3861 5164 4058 5232 eligat?

2475 5265 2743 5320 Acervum
2772 5259 2969 5327 quippe
3018 5256 3214 5326 segetis
3240 5255 3523 5325 diligenter
3553 5255 3819 5323 explorat,
3847 5266 3901 5309 et
3931 5257 4054 5310 hor-

2468 5354 2639 5409 deum
2669 5349 2882 5419 quidem
2909 5357 3168 5417 tanquam
3199 5348 3564 5416 jumentorum
3593 5349 3784 5416 pabula
3819 5350 4051 5418 quodam

2476 5435 2636 5500 modo
2686 5440 3000 5503 fastidiens,
3049 5447 3402 5508 aspernatur;
3451 5438 3538 5507 ubi
3591 5453 3718 5492 vero
3776 5439 4052 5495 triticeum

2475 5532 2678 5602 reperit
2733 5543 2980 5601 granum,
3034 5526 3263 5582 libenter
3309 5528 3668 5598 amplectitur.
3729 5529 3853 5585 llaec
3885 5533 4049 5584 etiam

2475 5633 2716 5678 ventura:
2748 5620 3054 5676 serenitatis
3083 5628 3292 5688 tempus
3328 5620 3646 5690 quibusdam
3699 5621 4053 5691 deprehendit

2477 5714 2715 5777 indiciis,
2752 5723 2807 5767 et
2840 5721 2959 5766 cutn
3004 5709 3218 5765 cellaria
3260 5718 3356 5764 sua
3407 5709 3557 5764 aerio
3596 5712 3770 5764 cernit
3823 5713 4052 5767 humore

2479 5805 2819 5868 madescere,
2865 5801 3098 5872 propriis
3143 5800 3387 5855 humeris
3427 5799 3695 5869 repositas
3743 5802 3904 5857 victui
3952 5817 4052 5858 suo

2467 5895 2662 5966 fruges
2704 5901 2986 5963 exportat,
3031 5900 3086 5948 et
3120 5893 3318 5948 damna
3367 5891 3666 5947 domestica
3711 5907 4046 5962 praecavens,

2477 5985 2808 6044 wrreutibus
2845 5998 2940 6042 eas
2992 5983 3156 6042 radiis
3194 5981 3325 6040 solis
3375 5982 3644 6046 exsiccet;
3689 5994 3743 6038 et
3787 5993 4046 6057 tanquam

4168 3533 4303 3590 Nam
4339 3537 4383 3590 si
4416 3538 4630 3605 quando
4670 3537 4866 3592 ictibus
4918 3540 5252 3610 gravissimae
5302 3542 5462 3596 caedis
5501 3541 5755 3606 afﬁcitur,

4168 3625 4252 3679 vel
4305 3627 4467 3680 etiam
4515 3626 4710 3696 jaculis
4764 3627 5005 3696 perfossa
5061 3630 5354 3698 sauciatur,
5408 3633 5608 3699 herbae,
5663 3631 5760 3688 cLl

4167 3714 4354 3770 Grece
4383 3716 4571 3788 φλόμος
4594 3731 4788 3771 nomen
4821 3726 4927 3782 est,
4955 3718 5141 3772 uluera
5166 3719 5399 3788 suljieit,
5431 3730 5484 3774 et
5525 3721 5605 3775 sic
5637 3721 5759 3775 solo

4171 3815 4317 3860 tactu
4343 3821 4535 3861 omnes
4563 3806 4800 3861 ulcerum
4829 3807 5040 3864 dolores
5072 3808 5329 3874 excludit,
5359 3820 5413 3864 et
5454 3813 5518 3864 ad
5546 3809 5759 3865 incolu-

4174 3898 4420 3952 mitatem
4470 3897 4753 3967 pristinam
4802 3900 5148 3957 convalescit.
5205 3900 5440 3971 Serpens
5496 3917 5752 3974 quoque,

4164 3987 4308 4056 quod
4359 4001 4458 4041 nos
4509 3989 4755 4057 superius
4804 3988 5034 4060 fugerat,
5086 3991 5132 4046 si
5192 3991 5485 4046 caecitatem
5520 3992 5751 4060 patitur,

4164 4094 4261 4135 esu
4314 4078 4536 4134 feniculi
4571 4080 4676 4135 luci
4723 4079 4969 4150 pristina
5017 4081 5362 4140 retormatur.
5401 4081 5519 4145 Mox
5557 4080 5750 4151 igitur,

4167 4169 4257 4222 ubi
4289 4170 4475 4224 oculos
4515 4170 4620 4224 sibi
4658 4171 4823 4224 sentit
4871 4171 5091 4238 obduci,
5143 4181 5328 4227 notum
5373 4172 5505 4240 petit
5549 4183 5753 4242 przszo

4166 4261 4487 4329 remedium,
4519 4276 4620 4317 nec
4644 4262 4755 4333 spei
4797 4277 4906 4316 suae
4931 4262 5223 4318 frustratur
5253 4262 5460 4318 eﬂ‘ectu.

4750 4352 4978 4410 CAPUT
5021 4353 5184 4409 XXV.

4309 4443 4669 4500 Detestudine
4692 4455 4743 4498 et
4776 4446 4934 4499 variis
4972 4443 5277 4500 animalium
5309 4445 5596 4500 medicinis.

4236 4534 4470 4591 Testudo
4497 4536 4795 4592 visceribus
4821 4547 4974 4606 pasta
5005 4537 5294 4607 serpentis,
5324 4551 5444 4591 cum
5475 4551 5742 4592 venenum

4164 4626 4276 4680 suis
4300 4639 4514 4693 quoque
4551 4624 4720 4679 sentit
4746 4626 5040 4680 visceribus
5066 4639 5306 4695 serpere,
5327 4625 5604 4695 origanum
5632 4624 5740 4681 sibi

4166 4709 4412 4782 protinus
4445 4714 4512 4768 ad
4537 4715 4835 4769 remedium
4868 4729 4974 4768 non
5002 4714 5518 4785 negligitadhibere.
5551 4715 5745 4786 Vulpis

4162 4806 4326 4860 etiam
4369 4804 4554 4859 dolosa
4586 4812 4706 4858 c‘um
4757 4815 4983 4860 mortem
5012 4805 5113 4860 sibi
5158 4805 5388 4860 senserit
5422 4805 5739 4869 imminere.

4160 4911 4224 4951 ex
4261 4896 4489 4950 sudante
4516 4895 4672 4964 pinus
4698 4894 4865 4966 825
4897 4895 5000 4950 sibi
5034 4895 5217 4950 resina
5246 4895 5503 4958 medetur,
5535 4885 5745 4964 talique

4161 4985 4399 5039 remedio
4440 4985 4491 5037 in
4531 4983 4786 5054 longioris
4817 4987 4937 5038 vitae
4967 4986 5139 5055 spatia
5164 4984 5484 5054 proteletur.
5513 4983 5647 5038 Nam
5677 4994 5747 5040 et

4161 5075 4276 5144 ipsa
4309 5076 4581 5139 animalia,
4631 5091 4750 5146 quae
4789 5077 5005 5130 sibimet
5036 5077 5287 5130 adhibent
5326 5089 5356 5129 a
5399 5077 5554 5130 rebus
5582 5086 5745 5130 exte-

4157 5166 4397 5219 rioribus
4441 5164 4786 5231 medicinam,
4819 5167 4869 5218 in
4898 5165 5012 5219 suis
5041 5179 5251 5233 quoque
5289 5151 5576 5219 visceribus
5618 5180 5738 5219 me-

4164 5256 4321 5310 dendi
4349 5256 4645 5324 probantur
4673 5255 4874 5309 habere
4905 5256 5206 5310 materiam.
5251 5255 5324 5309 De
5359 5255 5611 5310 carnibus
5648 5254 5740 5307 vi-

4164 5362 4324 5414 perm,
4377 5362 4495 5415 quae
4528 5357 4678 5417 tyrus
4715 5347 4931 5411 dicitur,
4962 5361 5067 5401 non
5095 5347 5253 5402 modo
5303 5347 5534 5401 theriaca
5560 5345 5739 5401 conti-

4160 5438 4320 5504 citur,
4351 5440 4444 5493 sed
4471 5447 4521 5491 et
4554 5439 4766 5493 diversa
4811 5439 5057 5493 medendi
5103 5438 5334 5496 remedia
5364 5438 5733 5506 providentur.

4159 5526 4447 5598 Segmenta
4471 5528 4650 5582 eboris
4681 5528 4736 5583 in
4775 5529 5010 5584 medelas
5035 5530 5211 5584 varias
5249 5537 5606 5582 assumuntur.
5632 5525 5734 5580 Fel

4163 5618 4351 5690 hyeme
4391 5621 4626 5675 restituit
4653 5620 4823 5676 oculis
4872 5621 5190 5685 claritatem,
5221 5619 5371 5686 cujus
5417 5629 5619 5674 stercus
5650 5619 5737 5673 si-

4156 5709 4359 5763 militer
4399 5719 4453 5764 et
4489 5725 4685 5763 canum
4732 5711 4952 5763 vulnera
4999 5724 5192 5764 curare
5240 5707 5492 5762 noscitur.
5540 5705 5736 5762 Omnis

4152 5803 4316 5856 etiam
4338 5817 4479 5872 aegra
4505 5800 4616 5856 fera
4629 5843 4642 5866 ,
4668 5803 4711 5856 si
4733 5802 4885 5858 canis
4900 5801 5070 5857 ebibit
5096 5801 5428 5871 sanguinem,
5449 5810 5696 5866 recupera
5709 5808 5732 5851 t

4149 5892 4458 5948 sanitatem.
4487 5891 4621 5946 Nam
4651 5902 4704 5947 et
4729 5892 4886 5947 fimus
4919 5891 5235 5948 hominisad
5267 5898 5461 5960 quanta
5490 5887 5727 5945 curatio-

4151 6002 4278 6042 num
4318 5987 4707 6044 medicamenta
4737 5986 5002 6057 proficiat,
5043 5984 5274 6044 Galenus
5301 5992 5536 6038 enarrat.
