  <div class='ocr_page' id='page_1' title='image "/cluster/home/n/w/nwhite01/storage/ocr_20150623/144-145/uc1.31175001639262/932.png"; bbox 0 0 5882 6638; ppageno 0'>
   <div class='ocr_carea' id='block_1_1' title="bbox 877 425 980 484">
    <p class='ocr_par' dir='ltr' id='par_1_1' title="bbox 877 425 980 484">
     <span class='ocr_line' id='line_1_1' title="bbox 877 425 980 484; baseline 0.019 -2"><span class='ocrx_word' id='word_1_1' title='bbox 877 425 980 484; x_wconf 83' lang='lat'><strong>78.5</strong></span> 
     </span>
    </p>
   </div>
   <div class='ocr_carea' id='block_1_2' title="bbox 1725 399 3290 470">
    <p class='ocr_par' dir='ltr' id='par_1_2' title="bbox 1725 399 3290 470">
     <span class='ocr_line' id='line_1_2' title="bbox 1725 399 3290 470; baseline -0.008 0"><span class='ocrx_word' id='word_1_2' title='bbox 1725 408 1968 470; x_wconf 86' lang='lat' dir='ltr'><strong>OPUSC.</strong></span> <span class='ocrx_word' id='word_1_3' title='bbox 2011 407 2116 462; x_wconf 71' lang='grc' dir='ltr'><strong>ιιι.</strong></span> <span class='ocrx_word' id='word_1_4' title='bbox 2159 438 2230 449; x_wconf 91' lang='grc'><strong>-</strong></span> <span class='ocrx_word' id='word_1_5' title='bbox 2265 408 2354 465; x_wconf 80' lang='lat' dir='ltr'><strong>DE</strong></span> <span class='ocrx_word' id='word_1_6' title='bbox 2389 404 2575 465; x_wconf 83' lang='grc' dir='ltr'><strong>ΒΟΝο</strong></span> <span class='ocrx_word' id='word_1_7' title='bbox 2614 400 2956 466; x_wconf 79' lang='lat' dir='ltr'><strong>RELIGIOSI</strong></span> <span class='ocrx_word' id='word_1_8' title='bbox 2995 399 3290 461; x_wconf 85' lang='lat' dir='ltr'><strong>STATUS.</strong></span> 
     </span>
    </p>
   </div>
   <div class='ocr_carea' id='block_1_3' title="bbox 4040 390 4150 457">
    <p class='ocr_par' dir='ltr' id='par_1_3' title="bbox 4040 390 4150 457">
     <span class='ocr_line' id='line_1_3' title="bbox 4040 390 4150 457; baseline 0.036 -4"><span class='ocrx_word' id='word_1_9' title='bbox 4040 390 4150 457; x_wconf 73' lang='grc'><strong>786</strong></span> 
     </span>
    </p>
   </div>
   <div class='ocr_carea' id='block_1_4' title="bbox 872 504 4147 598">
    <p class='ocr_par' dir='ltr' id='par_1_4' title="bbox 872 504 4147 598">
     <span class='ocr_line' id='line_1_4' title="bbox 872 504 4147 598; baseline -0.005 -12"><span class='ocrx_word' id='word_1_10' title='bbox 872 543 931 586; x_wconf 61' lang='lat' dir='ltr'><strong>tu</strong></span> <span class='ocrx_word' id='word_1_11' title='bbox 943 534 1166 598; x_wconf 88' lang='lat' dir='ltr'><strong>Strutio,</strong></span> <span class='ocrx_word' id='word_1_12' title='bbox 1194 528 1654 592; x_wconf 70' lang='lat' dir='ltr'><strong>camel‘us,-ranaa,</strong></span> <span class='ocrx_word' id='word_1_13' title='bbox 1681 504 2063 586; x_wconf 81' lang='lat' dir='ltr'><strong>eameieontes,</strong></span> <span class='ocrx_word' id='word_1_14' title='bbox 2092 536 2276 592; x_wconf 91' lang='lat' dir='ltr'><strong>grues,</strong></span> <span class='ocrx_word' id='word_1_15' title='bbox 2306 519 2452 574; x_wconf 82' lang='lat' dir='ltr'><strong>cico-</strong></span> <span class='ocrx_word' id='word_1_16' title='bbox 2481 523 2523 579; x_wconf 76' lang='grc' dir='ltr'><strong>Α</strong></span> <span class='ocrx_word' id='word_1_17' title='bbox 2553 516 2923 587; x_wconf 81' lang='lat' dir='ltr'><strong>scorpionem;</strong></span> <span class='ocrx_word' id='word_1_18' title='bbox 2958 515 3074 585; x_wconf 86' lang='lat' dir='ltr'><strong>qui,</strong></span> <span class='ocrx_word' id='word_1_19' title='bbox 3097 513 3349 570; x_wconf 72' lang='lat' dir='ltr'><strong>videlicet</strong></span> <span class='ocrx_word' id='word_1_20' title='bbox 3403 509 3508 576; x_wconf 88' lang='lat' dir='ltr'><strong>leo,</strong></span> <span class='ocrx_word' id='word_1_21' title='bbox 3537 517 3592 566; x_wconf 88' lang='lat' dir='ltr'><strong>et</strong></span> <span class='ocrx_word' id='word_1_22' title='bbox 3617 524 3824 567; x_wconf 82' lang='lat' dir='ltr'><strong>veneno</strong></span> <span class='ocrx_word' id='word_1_23' title='bbox 3876 513 4147 581; x_wconf 75' lang='lat' dir='ltr'><strong>serpentis</strong></span> 
     </span>
    </p>
   </div>
   <div class='ocr_carea' id='block_1_5' title="bbox 872 617 2456 694">
    <p class='ocr_par' dir='ltr' id='par_1_5' title="bbox 872 617 2456 694">
     <span class='ocr_line' id='line_1_5' title="bbox 872 617 2456 694; baseline -0.013 -8"><span class='ocrx_word' id='word_1_24' title='bbox 872 632 995 694; x_wconf 74' lang='lat' dir='ltr'><strong>nite,</strong></span> <span class='ocrx_word' id='word_1_25' title='bbox 1026 626 1096 682; x_wconf 91' lang='lat' dir='ltr'><strong>fel</strong></span> <span class='ocrx_word' id='word_1_26' title='bbox 1122 622 1334 694; x_wconf 75' lang='lat' dir='ltr'><strong>aquilae,</strong></span> <span class='ocrx_word' id='word_1_27' title='bbox 1367 620 1590 691; x_wconf 77' lang='lat' dir='ltr'><strong>sanguis</strong></span> <span class='ocrx_word' id='word_1_28' title='bbox 1615 617 1907 687; x_wconf 73' lang='lat' dir='ltr'><strong>accipitris,</strong></span> <span class='ocrx_word' id='word_1_29' title='bbox 1941 625 2154 670; x_wconf 86' lang='lat' dir='ltr'><strong>stercus</strong></span> <span class='ocrx_word' id='word_1_30' title='bbox 2179 621 2231 668; x_wconf 84' lang='lat' dir='ltr'><strong>et</strong></span> <span class='ocrx_word' id='word_1_31' title='bbox 2261 625 2456 668; x_wconf 86' lang='lat' dir='ltr'><strong>carnes</strong></span> 
     </span>
    </p>
   </div>
   <div class='ocr_carea' id='block_1_6' title="bbox 875 698 2456 782">
    <p class='ocr_par' dir='ltr' id='par_1_6' title="bbox 875 698 2456 782">
     <span class='ocr_line' id='line_1_6' title="bbox 875 698 2456 782; baseline -0.011 -8"><span class='ocrx_word' id='word_1_32' title='bbox 875 716 1193 779; x_wconf 83' lang='lat' dir='ltr'><strong>hirundinis,</strong></span> <span class='ocrx_word' id='word_1_33' title='bbox 1225 711 1421 782; x_wconf 82' lang='lat' dir='ltr'><strong>quibus</strong></span> <span class='ocrx_word' id='word_1_34' title='bbox 1458 701 1663 766; x_wconf 80' lang='lat' dir='ltr'><strong>morbis</strong></span> <span class='ocrx_word' id='word_1_35' title='bbox 1709 708 1938 762; x_wconf 78' lang='lat' dir='ltr'><strong>afferant</strong></span> <span class='ocrx_word' id='word_1_36' title='bbox 1982 704 2328 766; x_wconf 88' lang='lat' dir='ltr'><strong>medicinam,</strong></span> <span class='ocrx_word' id='word_1_37' title='bbox 2352 698 2456 756; x_wconf 58' lang='lat' dir='ltr'><strong>ille</strong></span> 
     </span>
    </p>
   </div>
   <div class='ocr_carea' id='block_1_7' title="bbox 871 794 2456 881">
    <p class='ocr_par' dir='ltr' id='par_1_7' title="bbox 871 794 2456 881">
     <span class='ocr_line' id='line_1_7' title="bbox 871 794 2456 881; baseline -0.012 -16"><span class='ocrx_word' id='word_1_38' title='bbox 871 817 1047 881; x_wconf 83' lang='lat' dir='ltr'><strong>potest</strong></span> <span class='ocrx_word' id='word_1_39' title='bbox 1091 806 1269 861; x_wconf 87' lang='lat' dir='ltr'><strong>dicere</strong></span> <span class='ocrx_word' id='word_1_40' title='bbox 1310 801 1397 858; x_wconf 91' lang='lat' dir='ltr'><strong>cui</strong></span> <span class='ocrx_word' id='word_1_41' title='bbox 1461 801 1795 872; x_wconf 89' lang='lat' dir='ltr'><strong>pr0positum</strong></span> <span class='ocrx_word' id='word_1_42' title='bbox 1841 807 1926 852; x_wconf 90' lang='lat' dir='ltr'><strong>est</strong></span> <span class='ocrx_word' id='word_1_43' title='bbox 1973 796 2039 852; x_wconf 94' lang='lat' dir='ltr'><strong>de</strong></span> <span class='ocrx_word' id='word_1_44' title='bbox 2086 794 2456 881; x_wconf 82' lang='lat' dir='ltr'><strong>curationibus</strong></span> 
     </span>
    </p>
   </div>
   <div class='ocr_carea' id='block_1_8' title="bbox 871 878 2458 968">
    <p class='ocr_par' dir='ltr' id='par_1_8' title="bbox 871 878 2458 968">
     <span class='ocr_line' id='line_1_8' title="bbox 871 878 2458 968; baseline -0.013 -14"><span class='ocrx_word' id='word_1_45' title='bbox 871 878 1155 968; x_wconf 73' lang='lat' dir='ltr'><strong>corporum</strong></span> <span class='ocrx_word' id='word_1_46' title='bbox 1205 892 1508 961; x_wconf 80' lang='lat' dir='ltr'><strong>disputare.</strong></span> <span class='ocrx_word' id='word_1_47' title='bbox 1533 887 1829 942; x_wconf 85' lang='lat' dir='ltr'><strong>Perhibent</strong></span> <span class='ocrx_word' id='word_1_48' title='bbox 1871 884 2078 955; x_wconf 85' lang='lat' dir='ltr'><strong>physici</strong></span> <span class='ocrx_word' id='word_1_49' title='bbox 2132 883 2256 952; x_wconf 83' lang='lat' dir='ltr'><strong>quia</strong></span> <span class='ocrx_word' id='word_1_50' title='bbox 2305 878 2458 950; x_wconf 88' lang='lat' dir='ltr'><strong>pellis</strong></span> 
     </span>
    </p>
   </div>
   <div class='ocr_carea' id='block_1_9' title="bbox 869 971 2453 1055">
    <p class='ocr_par' dir='ltr' id='par_1_9' title="bbox 869 971 2453 1055">
     <span class='ocr_line' id='line_1_9' title="bbox 869 971 2453 1055; baseline -0.011 -15"><span class='ocrx_word' id='word_1_51' title='bbox 869 983 1097 1047; x_wconf 73' lang='lat' dir='ltr'><strong>colubri,</strong></span> <span class='ocrx_word' id='word_1_52' title='bbox 1128 993 1290 1050; x_wconf 84' lang='lat' dir='ltr'><strong>quam</strong></span> <span class='ocrx_word' id='word_1_53' title='bbox 1330 976 1571 1047; x_wconf 89' lang='lat' dir='ltr'><strong>deponit,</strong></span> <span class='ocrx_word' id='word_1_54' title='bbox 1602 976 1647 1030; x_wconf 88' lang='lat' dir='ltr'><strong>si</strong></span> <span class='ocrx_word' id='word_1_55' title='bbox 1687 973 1806 1029; x_wconf 91' lang='lat' dir='ltr'><strong>oleo</strong></span> <span class='ocrx_word' id='word_1_56' title='bbox 1837 973 2076 1029; x_wconf 91' lang='lat' dir='ltr'><strong>fervente</strong></span> <span class='ocrx_word' id='word_1_57' title='bbox 2117 971 2453 1055; x_wconf 83' lang='lat' dir='ltr'><strong>decoquitur,</strong></span> 
     </span>
    </p>
   </div>
   <div class='ocr_carea' id='block_1_10' title="bbox 869 1062 2456 1143">
    <p class='ocr_par' dir='ltr' id='par_1_10' title="bbox 869 1062 2456 1143">
     <span class='ocr_line' id='line_1_10' title="bbox 869 1062 2456 1143; baseline -0.01 -13"><span class='ocrx_word' id='word_1_58' title='bbox 869 1076 1019 1134; x_wconf 73' lang='lat' dir='ltr'><strong>mire</strong></span> <span class='ocrx_word' id='word_1_59' title='bbox 1035 1087 1134 1143; x_wconf 87' lang='lat' dir='ltr'><strong>per</strong></span> <span class='ocrx_word' id='word_1_60' title='bbox 1159 1085 1278 1125; x_wconf 89' lang='lat' dir='ltr'><strong>eam</strong></span> <span class='ocrx_word' id='word_1_61' title='bbox 1305 1069 1480 1138; x_wconf 51' lang='lat' dir='ltr'><strong>.dolor</strong></span> <span class='ocrx_word' id='word_1_62' title='bbox 1503 1065 1715 1121; x_wconf 90' lang='lat' dir='ltr'><strong>aurium</strong></span> <span class='ocrx_word' id='word_1_63' title='bbox 1753 1065 2050 1134; x_wconf 81' lang='lat' dir='ltr'><strong>mitigatur.</strong></span> <span class='ocrx_word' id='word_1_64' title='bbox 2102 1062 2335 1116; x_wconf 79' lang='lat' dir='ltr'><strong>Cimices</strong></span> <span class='ocrx_word' id='word_1_65' title='bbox 2362 1074 2456 1115; x_wconf 88' lang='lat' dir='ltr'><strong>ne-</strong></span> 
     </span>
    </p>
   </div>
   <div class='ocr_carea' id='block_1_11' title="bbox 866 1148 2454 1221">
    <p class='ocr_par' dir='ltr' id='par_1_11' title="bbox 866 1148 2454 1221">
     <span class='ocr_line' id='line_1_11' title="bbox 866 1148 2454 1221; baseline -0.009 -1"><span class='ocrx_word' id='word_1_66' title='bbox 866 1160 1165 1220; x_wconf 76' lang='lat' dir='ltr'><strong>scientibus</strong></span> <span class='ocrx_word' id='word_1_67' title='bbox 1199 1159 1400 1217; x_wconf 89' lang='lat' dir='ltr'><strong>nullius</strong></span> <span class='ocrx_word' id='word_1_68' title='bbox 1433 1157 1688 1212; x_wconf 87' lang='lat' dir='ltr'><strong>videntur</strong></span> <span class='ocrx_word' id='word_1_69' title='bbox 1719 1153 1997 1220; x_wconf 79' lang='lat' dir='ltr'><strong>utilitatis,</strong></span> <span class='ocrx_word' id='word_1_70' title='bbox 2037 1153 2130 1208; x_wconf 88' lang='lat' dir='ltr'><strong>sed</strong></span> <span class='ocrx_word' id='word_1_71' title='bbox 2161 1148 2207 1206; x_wconf 81' lang='lat' dir='ltr'><strong>si</strong></span> <span class='ocrx_word' id='word_1_72' title='bbox 2236 1149 2454 1221; x_wconf 90' lang='lat' dir='ltr'><strong>sangui-</strong></span> 
     </span>
    </p>
   </div>
   <div class='ocr_carea' id='block_1_12' title="bbox 867 1240 2457 1324">
    <p class='ocr_par' dir='ltr' id='par_1_12' title="bbox 867 1240 2457 1324">
     <span class='ocr_line' id='line_1_12' title="bbox 867 1240 2457 1324; baseline -0.009 -16"><span class='ocrx_word' id='word_1_73' title='bbox 867 1269 999 1324; x_wconf 88' lang='lat' dir='ltr'><strong>suga</strong></span> <span class='ocrx_word' id='word_1_74' title='bbox 1031 1249 1279 1308; x_wconf 76' lang='lat' dir='ltr'><strong>faucibus</strong></span> <span class='ocrx_word' id='word_1_75' title='bbox 1314 1246 1558 1312; x_wconf 67' lang='lat' dir='ltr'><strong>haeserit,</strong></span> <span class='ocrx_word' id='word_1_76' title='bbox 1607 1244 1756 1300; x_wconf 88' lang='lat' dir='ltr'><strong>fumo</strong></span> <span class='ocrx_word' id='word_1_77' title='bbox 1811 1243 1953 1300; x_wconf 90' lang='lat' dir='ltr'><strong>illius</strong></span> <span class='ocrx_word' id='word_1_78' title='bbox 1995 1240 2457 1312; x_wconf 84' lang='lat' dir='ltr'><strong>excepto,-statim</strong></span> 
     </span>
    </p>
   </div>
   <div class='ocr_carea' id='block_1_13' title="bbox 865 1329 2458 1409">
    <p class='ocr_par' dir='ltr' id='par_1_13' title="bbox 865 1329 2458 1409">
     <span class='ocr_line' id='line_1_13' title="bbox 865 1329 2458 1409; baseline -0.007 -13"><span class='ocrx_word' id='word_1_79' title='bbox 865 1340 1165 1407; x_wconf 85' lang='lat' dir='ltr'><strong>evomitur;</strong></span> <span class='ocrx_word' id='word_1_80' title='bbox 1197 1337 1438 1409; x_wconf 85' lang='lat' dir='ltr'><strong>insuper,</strong></span> <span class='ocrx_word' id='word_1_81' title='bbox 1469 1345 1524 1392; x_wconf 90' lang='lat' dir='ltr'><strong>et</strong></span> <span class='ocrx_word' id='word_1_82' title='bbox 1554 1332 1837 1391; x_wconf 76' lang='lat' dir='ltr'><strong>diﬁieultas</strong></span> <span class='ocrx_word' id='word_1_83' title='bbox 1862 1333 2028 1388; x_wconf 67' lang='lat' dir='ltr'><strong>urinae</strong></span> <span class='ocrx_word' id='word_1_84' title='bbox 2057 1329 2266 1387; x_wconf 85' lang='lat' dir='ltr'><strong>cimicis</strong></span> <span class='ocrx_word' id='word_1_85' title='bbox 2293 1344 2458 1400; x_wconf 89' lang='lat' dir='ltr'><strong>appo-</strong></span> 
     </span>
    </p>
   </div>
   <div class='ocr_carea' id='block_1_14' title="bbox 867 1418 2458 1496">
    <p class='ocr_par' dir='ltr' id='par_1_14' title="bbox 867 1418 2458 1496">
     <span class='ocr_line' id='line_1_14' title="bbox 867 1418 2458 1496; baseline -0.009 -8"><span class='ocrx_word' id='word_1_86' title='bbox 867 1431 1062 1489; x_wconf 85' lang='lat' dir='ltr'><strong>sitione</strong></span> <span class='ocrx_word' id='word_1_87' title='bbox 1092 1429 1326 1486; x_wconf 82' lang='lat' dir='ltr'><strong>laxatur.</strong></span> <span class='ocrx_word' id='word_1_88' title='bbox 1356 1425 1624 1484; x_wconf 76' lang='lat' dir='ltr'><strong>Prteterea</strong></span> <span class='ocrx_word' id='word_1_89' title='bbox 1653 1439 1961 1496; x_wconf 90' lang='lat' dir='ltr'><strong>porcorum,</strong></span> <span class='ocrx_word' id='word_1_90' title='bbox 2003 1435 2274 1485; x_wconf 87' lang='lat' dir='ltr'><strong>anserum,</strong></span> <span class='ocrx_word' id='word_1_91' title='bbox 2305 1418 2458 1492; x_wconf 89' lang='lat' dir='ltr'><strong>galli-</strong></span> 
     </span>
    </p>
   </div>
   <div class='ocr_carea' id='block_1_15' title="bbox 866 1511 2458 1590">
    <p class='ocr_par' dir='ltr' id='par_1_15' title="bbox 866 1511 2458 1590">
     <span class='ocr_line' id='line_1_15' title="bbox 866 1511 2458 1590; baseline -0.008 -12"><span class='ocrx_word' id='word_1_92' title='bbox 866 1538 1055 1578; x_wconf 83' lang='lat' dir='ltr'><strong>narum</strong></span> <span class='ocrx_word' id='word_1_93' title='bbox 1087 1521 1527 1590; x_wconf 90' lang='lat' dir='ltr'><strong>fasianorumque</strong></span> <span class='ocrx_word' id='word_1_94' title='bbox 1550 1518 1927 1590; x_wconf 83' lang='lat' dir='ltr'><strong>pinguedines,</strong></span> <span class='ocrx_word' id='word_1_95' title='bbox 1956 1525 2088 1586; x_wconf 91' lang='lat' dir='ltr'><strong>quot</strong></span> <span class='ocrx_word' id='word_1_96' title='bbox 2126 1514 2180 1568; x_wconf 91' lang='lat' dir='ltr'><strong>in</strong></span> <span class='ocrx_word' id='word_1_97' title='bbox 2203 1529 2262 1568; x_wconf 90' lang='lat' dir='ltr'><strong>se</strong></span> <span class='ocrx_word' id='word_1_98' title='bbox 2288 1511 2458 1570; x_wconf 90' lang='lat' dir='ltr'><strong>medi-</strong></span> 
     </span>
    </p>
   </div>
   <div class='ocr_carea' id='block_1_16' title="bbox 863 1605 2459 1679">
    <p class='ocr_par' dir='ltr' id='par_1_16' title="bbox 863 1605 2459 1679">
     <span class='ocr_line' id='line_1_16' title="bbox 863 1605 2459 1679; baseline -0.007 -8"><span class='ocrx_word' id='word_1_99' title='bbox 863 1624 1112 1671; x_wconf 83' lang='lat' dir='ltr'><strong>camenta</strong></span> <span class='ocrx_word' id='word_1_100' title='bbox 1162 1615 1502 1678; x_wconf 84' lang='lat' dir='ltr'><strong>contineant,</strong></span> <span class='ocrx_word' id='word_1_101' title='bbox 1531 1611 1724 1668; x_wconf 82' lang='lat' dir='ltr'><strong>medici</strong></span> <span class='ocrx_word' id='word_1_102' title='bbox 1768 1625 1875 1665; x_wconf 92' lang='lat' dir='ltr'><strong>non</strong></span> <span class='ocrx_word' id='word_1_103' title='bbox 1913 1609 2186 1679; x_wconf 88' lang='lat' dir='ltr'><strong>ignorant.</strong></span> <span class='ocrx_word' id='word_1_104' title='bbox 2226 1605 2459 1662; x_wconf 83' lang='lat' dir='ltr'><strong>Pavonis</strong></span> 
     </span>
    </p>
   </div>
   <div class='ocr_carea' id='block_1_17' title="bbox 863 1692 2458 1775">
    <p class='ocr_par' dir='ltr' id='par_1_17' title="bbox 863 1692 2458 1775">
     <span class='ocr_line' id='line_1_17' title="bbox 863 1692 2458 1775; baseline -0.007 -15"><span class='ocrx_word' id='word_1_105' title='bbox 863 1705 1024 1762; x_wconf 71' lang='lat' dir='ltr'><strong>ﬁmus</strong></span> <span class='ocrx_word' id='word_1_106' title='bbox 1065 1705 1321 1775; x_wconf 60' lang='lat' dir='ltr'><strong>podagra;</strong></span> <span class='ocrx_word' id='word_1_107' title='bbox 1368 1692 1903 1770; x_wconf 83' lang='lat' dir='ltr'><strong>noseitur&#39;mitigare</strong></span> <span class='ocrx_word' id='word_1_108' title='bbox 1949 1697 2242 1753; x_wconf 76' lang='lat' dir='ltr'><strong>fervorem.</strong></span> <span class='ocrx_word' id='word_1_109' title='bbox 2286 1693 2458 1766; x_wconf 66' lang='lat' dir='ltr'><strong>IEger</strong></span> 
     </span>
    </p>
   </div>
   <div class='ocr_carea' id='block_1_18' title="bbox 863 1787 2458 1859">
    <p class='ocr_par' dir='ltr' id='par_1_18' title="bbox 863 1787 2458 1859">
     <span class='ocr_line' id='line_1_18' title="bbox 863 1787 2458 1859; baseline -0.008 -5"><span class='ocrx_word' id='word_1_110' title='bbox 863 1798 950 1853; x_wconf 84' lang='lat' dir='ltr'><strong>lco</strong></span> <span class='ocrx_word' id='word_1_111' title='bbox 976 1799 1022 1853; x_wconf 89' lang='lat' dir='ltr'><strong>si</strong></span> <span class='ocrx_word' id='word_1_112' title='bbox 1051 1798 1266 1853; x_wconf 88' lang='lat' dir='ltr'><strong>simiam</strong></span> <span class='ocrx_word' id='word_1_113' title='bbox 1313 1793 1676 1859; x_wconf 83' lang='lat' dir='ltr'><strong>devoraverit,</strong></span> <span class='ocrx_word' id='word_1_114' title='bbox 1706 1808 1830 1846; x_wconf 84' lang='lat' dir='ltr'><strong>mox</strong></span> <span class='ocrx_word' id='word_1_115' title='bbox 1875 1791 1940 1846; x_wconf 87' lang='lat' dir='ltr'><strong>de</strong></span> <span class='ocrx_word' id='word_1_116' title='bbox 1983 1787 2290 1844; x_wconf 82' lang='lat' dir='ltr'><strong>valetudine</strong></span> <span class='ocrx_word' id='word_1_117' title='bbox 2327 1802 2458 1843; x_wconf 87' lang='lat' dir='ltr'><strong>con-</strong></span> 
     </span>
    </p>
   </div>
   <div class='ocr_carea' id='block_1_19' title="bbox 2558 602 4149 675">
    <p class='ocr_par' dir='ltr' id='par_1_19' title="bbox 2558 602 4149 675">
     <span class='ocr_line' id='line_1_19' title="bbox 2558 602 4149 675; baseline -0.003 -13"><span class='ocrx_word' id='word_1_118' title='bbox 2558 616 2613 662; x_wconf 91' lang='lat' dir='ltr'><strong>et</strong></span> <span class='ocrx_word' id='word_1_119' title='bbox 2637 606 2824 662; x_wconf 87' lang='lat' dir='ltr'><strong>aculeo</strong></span> <span class='ocrx_word' id='word_1_120' title='bbox 2848 605 3132 675; x_wconf 86' lang='lat' dir='ltr'><strong>perimitur</strong></span> <span class='ocrx_word' id='word_1_121' title='bbox 3155 602 3478 674; x_wconf 88' lang='lat' dir='ltr'><strong>scorpionis.</strong></span> <span class='ocrx_word' id='word_1_122' title='bbox 3508 602 3573 658; x_wconf 87' lang='lat' dir='ltr'><strong>Et</strong></span> <span class='ocrx_word' id='word_1_123' title='bbox 3603 602 3726 672; x_wconf 85' lang='lat' dir='ltr'><strong>quis</strong></span> <span class='ocrx_word' id='word_1_124' title='bbox 3754 617 3860 656; x_wconf 90' lang='lat' dir='ltr'><strong>non</strong></span> <span class='ocrx_word' id='word_1_125' title='bbox 3917 603 4149 658; x_wconf 90' lang='lat' dir='ltr'><strong>miretur</strong></span> 
     </span>
    </p>
   </div>
   <div class='ocr_carea' id='block_1_20' title="bbox 2558 694 4146 768">
    <p class='ocr_par' dir='ltr' id='par_1_20' title="bbox 2558 694 4146 768">
     <span class='ocr_line' id='line_1_20' title="bbox 2558 694 4146 768; baseline -0.002 -16"><span class='ocrx_word' id='word_1_126' title='bbox 2558 699 2700 768; x_wconf 89' lang='lat' dir='ltr'><strong>quod</strong></span> <span class='ocrx_word' id='word_1_127' title='bbox 2729 698 2832 762; x_wconf 88' lang='lat' dir='ltr'><strong>leo,</strong></span> <span class='ocrx_word' id='word_1_128' title='bbox 2860 695 2952 767; x_wconf 89' lang='lat' dir='ltr'><strong>qui</strong></span> <span class='ocrx_word' id='word_1_129' title='bbox 2980 705 3261 752; x_wconf 86' lang='lat' dir='ltr'><strong>comantes</strong></span> <span class='ocrx_word' id='word_1_130' title='bbox 3309 696 3522 750; x_wconf 86' lang='lat' dir='ltr'><strong>cervice</strong></span> <span class='ocrx_word' id='word_1_131' title='bbox 3561 703 3743 750; x_wconf 88' lang='lat' dir='ltr'><strong>tauros</strong></span> <span class='ocrx_word' id='word_1_132' title='bbox 3769 695 3999 760; x_wconf 81' lang='lat' dir='ltr'><strong>excutit,</strong></span> <span class='ocrx_word' id='word_1_133' title='bbox 4054 694 4146 763; x_wconf 90' lang='lat' dir='ltr'><strong>qui</strong></span> 
     </span>
    </p>
   </div>
   <div class='ocr_carea' id='block_1_21' title="bbox 2558 781 4147 857">
    <p class='ocr_par' dir='ltr' id='par_1_21' title="bbox 2558 781 4147 857">
     <span class='ocr_line' id='line_1_21' title="bbox 2558 781 4147 857; baseline -0.006 -13"><span class='ocrx_word' id='word_1_134' title='bbox 2558 788 2769 845; x_wconf 91' lang='lat' dir='ltr'><strong>sublato</strong></span> <span class='ocrx_word' id='word_1_135' title='bbox 2797 797 3013 857; x_wconf 91' lang='lat' dir='ltr'><strong>pectore</strong></span> <span class='ocrx_word' id='word_1_136' title='bbox 3043 783 3306 841; x_wconf 86' lang='lat' dir='ltr'><strong>terribilia</strong></span> <span class='ocrx_word' id='word_1_137' title='bbox 3337 783 3465 840; x_wconf 86' lang='lat' dir='ltr'><strong>feris</strong></span> <span class='ocrx_word' id='word_1_138' title='bbox 3494 798 3591 840; x_wconf 90' lang='lat' dir='ltr'><strong>ora</strong></span> <span class='ocrx_word' id='word_1_139' title='bbox 3621 781 3886 854; x_wconf 87' lang='lat' dir='ltr'><strong>superbus</strong></span> <span class='ocrx_word' id='word_1_140' title='bbox 3927 781 4147 846; x_wconf 81' lang='lat' dir='ltr'><strong>attollit,</strong></span> 
     </span>
    </p>
   </div>
   <div class='ocr_carea' id='block_1_22' title="bbox 2557 871 4148 949">
    <p class='ocr_par' dir='ltr' id='par_1_22' title="bbox 2557 871 4148 949">
     <span class='ocr_line' id='line_1_22' title="bbox 2557 871 4148 949; baseline -0.006 -17"><span class='ocrx_word' id='word_1_141' title='bbox 2557 877 2831 949; x_wconf 81' lang='lat' dir='ltr'><strong>perexigni</strong></span> <span class='ocrx_word' id='word_1_142' title='bbox 2853 874 3152 945; x_wconf 90' lang='lat' dir='ltr'><strong>scorpionis</strong></span> <span class='ocrx_word' id='word_1_143' title='bbox 3175 873 3420 929; x_wconf 89' lang='lat' dir='ltr'><strong>aculeum</strong></span> <span class='ocrx_word' id='word_1_144' title='bbox 3435 873 3807 944; x_wconf 81' lang='lat' dir='ltr'><strong>pertimescit?</strong></span> <span class='ocrx_word' id='word_1_145' title='bbox 3828 871 3960 940; x_wconf 80' lang='lat' dir='ltr'><strong>Quis</strong></span> <span class='ocrx_word' id='word_1_146' title='bbox 3982 873 4148 926; x_wconf 90' lang='lat' dir='ltr'><strong>etiam</strong></span> 
     </span>
    </p>
   </div>
   <div class='ocr_carea' id='block_1_23' title="bbox 2558 963 4148 1036">
    <p class='ocr_par' dir='ltr' id='par_1_23' title="bbox 2558 963 4148 1036">
     <span class='ocr_line' id='line_1_23' title="bbox 2558 963 4148 1036; baseline -0.003 -14"><span class='ocrx_word' id='word_1_147' title='bbox 2558 967 2919 1023; x_wconf 83' lang='lat' dir='ltr'><strong>admiratione</strong></span> <span class='ocrx_word' id='word_1_148' title='bbox 2947 964 3111 1020; x_wconf 90' lang='lat' dir='ltr'><strong>ducat</strong></span> <span class='ocrx_word' id='word_1_149' title='bbox 3138 965 3414 1036; x_wconf 84' lang='lat' dir='ltr'><strong>indignum</strong></span> <span class='ocrx_word' id='word_1_150' title='bbox 3448 964 3592 1035; x_wconf 90' lang='lat' dir='ltr'><strong>quod</strong></span> <span class='ocrx_word' id='word_1_151' title='bbox 3640 963 3880 1034; x_wconf 84' lang='lat' dir='ltr'><strong>elephas,</strong></span> <span class='ocrx_word' id='word_1_152' title='bbox 3909 964 4000 1033; x_wconf 92' lang='lat' dir='ltr'><strong>qui</strong></span> <span class='ocrx_word' id='word_1_153' title='bbox 4032 971 4148 1017; x_wconf 81' lang='lat' dir='ltr'><strong>tur-</strong></span> 
     </span>
    </p>
   </div>
   <div class='ocr_carea' id='block_1_24' title="bbox 2560 1052 4153 1124">
    <p class='ocr_par' dir='ltr' id='par_1_24' title="bbox 2560 1052 4153 1124">
     <span class='ocr_line' id='line_1_24' title="bbox 2560 1052 4153 1124; baseline -0.003 -13"><span class='ocrx_word' id='word_1_154' title='bbox 2560 1057 2660 1111; x_wconf 88' lang='lat' dir='ltr'><strong>rita</strong></span> <span class='ocrx_word' id='word_1_155' title='bbox 2685 1063 2864 1111; x_wconf 87' lang='lat' dir='ltr'><strong>castra</strong></span> <span class='ocrx_word' id='word_1_156' title='bbox 2912 1063 2988 1110; x_wconf 93' lang='lat' dir='ltr'><strong>tot</strong></span> <span class='ocrx_word' id='word_1_157' title='bbox 3015 1053 3256 1109; x_wconf 79' lang='lat' dir='ltr'><strong>lericatis</strong></span> <span class='ocrx_word' id='word_1_158' title='bbox 3286 1053 3442 1124; x_wconf 89' lang='lat' dir='ltr'><strong>plena</strong></span> <span class='ocrx_word' id='word_1_159' title='bbox 3469 1053 3730 1109; x_wconf 88' lang='lat' dir='ltr'><strong>militibus</strong></span> <span class='ocrx_word' id='word_1_160' title='bbox 3758 1059 3956 1123; x_wconf 89' lang='lat' dir='ltr'><strong>portat,</strong></span> <span class='ocrx_word' id='word_1_161' title='bbox 3990 1052 4153 1106; x_wconf 81' lang='lat' dir='ltr'><strong>unius</strong></span> 
     </span>
    </p>
   </div>
   <div class='ocr_carea' id='block_1_25' title="bbox 2559 1134 4153 1216">
    <p class='ocr_par' dir='ltr' id='par_1_25' title="bbox 2559 1134 4153 1216">
     <span class='ocr_line' id='line_1_25' title="bbox 2559 1134 4153 1216; baseline -0.003 -14"><span class='ocrx_word' id='word_1_162' title='bbox 2559 1147 2771 1202; x_wconf 87' lang='lat' dir='ltr'><strong>arboris</strong></span> <span class='ocrx_word' id='word_1_163' title='bbox 2800 1146 2910 1200; x_wconf 91' lang='lat' dir='ltr'><strong>ictu</strong></span> <span class='ocrx_word' id='word_1_164' title='bbox 2960 1134 3249 1216; x_wconf 87' lang='lat' dir='ltr'><strong>depressus</strong></span> <span class='ocrx_word' id='word_1_165' title='bbox 3275 1144 3596 1200; x_wconf 82' lang='lat' dir='ltr'><strong>occumbat?</strong></span> <span class='ocrx_word' id='word_1_166' title='bbox 3622 1143 3755 1198; x_wconf 83' lang='lat' dir='ltr'><strong>Nam</strong></span> <span class='ocrx_word' id='word_1_167' title='bbox 3786 1143 3876 1213; x_wconf 89' lang='lat' dir='ltr'><strong>qui</strong></span> <span class='ocrx_word' id='word_1_168' title='bbox 3925 1142 4153 1214; x_wconf 76' lang='lat' dir='ltr'><strong>triginta</strong></span> 
     </span>
    </p>
   </div>
   <div class='ocr_carea' id='block_1_26' title="bbox 2558 1234 4160 1308">
    <p class='ocr_par' dir='ltr' id='par_1_26' title="bbox 2558 1234 4160 1308">
     <span class='ocr_line' id='line_1_26' title="bbox 2558 1234 4160 1308; baseline -0.005 -12"><span class='ocrx_word' id='word_1_169' title='bbox 2558 1239 2694 1296; x_wconf 89' lang='lat' dir='ltr'><strong>duos</strong></span> <span class='ocrx_word' id='word_1_170' title='bbox 2729 1247 2992 1305; x_wconf 88' lang='lat' dir='ltr'><strong>armatos,</strong></span> <span class='ocrx_word' id='word_1_171' title='bbox 3022 1238 3104 1294; x_wconf 87' lang='lat' dir='ltr'><strong>vel</strong></span> <span class='ocrx_word' id='word_1_172' title='bbox 3137 1237 3338 1308; x_wconf 89' lang='lat' dir='ltr'><strong>plures,</strong></span> <span class='ocrx_word' id='word_1_173' title='bbox 3367 1246 3424 1293; x_wconf 90' lang='lat' dir='ltr'><strong>et</strong></span> <span class='ocrx_word' id='word_1_174' title='bbox 3451 1251 3573 1292; x_wconf 82' lang='lat' dir='ltr'><strong>cum</strong></span> <span class='ocrx_word' id='word_1_175' title='bbox 3604 1236 3847 1293; x_wconf 89' lang='lat' dir='ltr'><strong>turribus</strong></span> <span class='ocrx_word' id='word_1_176' title='bbox 3874 1234 3940 1291; x_wconf 89' lang='lat' dir='ltr'><strong>ad</strong></span> <span class='ocrx_word' id='word_1_177' title='bbox 3979 1235 4160 1290; x_wconf 78' lang='lat' dir='ltr'><strong>instar.</strong></span> 
     </span>
    </p>
   </div>
   <div class='ocr_carea' id='block_1_27' title="bbox 2557 1328 4151 1399">
    <p class='ocr_par' dir='ltr' id='par_1_27' title="bbox 2557 1328 4151 1399">
     <span class='ocr_line' id='line_1_27' title="bbox 2557 1328 4151 1399; baseline -0.004 -12"><span class='ocrx_word' id='word_1_178' title='bbox 2557 1328 2773 1387; x_wconf 90' lang='lat' dir='ltr'><strong>urbium</strong></span> <span class='ocrx_word' id='word_1_179' title='bbox 2803 1331 3032 1399; x_wconf 85' lang='lat' dir='ltr'><strong>desuper</strong></span> <span class='ocrx_word' id='word_1_180' title='bbox 3078 1328 3442 1385; x_wconf 88' lang='lat' dir='ltr'><strong>eminentibus</strong></span> <span class='ocrx_word' id='word_1_181' title='bbox 3494 1328 3814 1385; x_wconf 85' lang='lat' dir='ltr'><strong>sustinendo</strong></span> <span class='ocrx_word' id='word_1_182' title='bbox 3845 1342 3951 1382; x_wconf 94' lang='lat' dir='ltr'><strong>non</strong></span> <span class='ocrx_word' id='word_1_183' title='bbox 3983 1328 4151 1390; x_wconf 85' lang='lat' dir='ltr'><strong>cedit,</strong></span> 
     </span>
    </p>
   </div>
   <div class='ocr_carea' id='block_1_28' title="bbox 2559 1416 4153 1475">
    <p class='ocr_par' dir='ltr' id='par_1_28' title="bbox 2559 1416 4153 1475">
     <span class='ocr_line' id='line_1_28' title="bbox 2559 1416 4153 1475; baseline -0.003 0"><span class='ocrx_word' id='word_1_184' title='bbox 2559 1419 2624 1475; x_wconf 88' lang='lat' dir='ltr'><strong>ad</strong></span> <span class='ocrx_word' id='word_1_185' title='bbox 2655 1434 2843 1475; x_wconf 87' lang='lat' dir='ltr'><strong>casum</strong></span> <span class='ocrx_word' id='word_1_186' title='bbox 2873 1419 3033 1474; x_wconf 90' lang='lat' dir='ltr'><strong>unius</strong></span> <span class='ocrx_word' id='word_1_187' title='bbox 3065 1417 3277 1473; x_wconf 89' lang='lat' dir='ltr'><strong>arboris</strong></span> <span class='ocrx_word' id='word_1_188' title='bbox 3306 1417 3532 1473; x_wconf 91' lang='lat' dir='ltr'><strong>corruit.</strong></span> <span class='ocrx_word' id='word_1_189' title='bbox 3570 1416 3670 1474; x_wconf 88' lang='lat' dir='ltr'><strong>Cui</strong></span> <span class='ocrx_word' id='word_1_190' title='bbox 3694 1416 3944 1473; x_wconf 84' lang='lat' dir='ltr'><strong>videlicet</strong></span> <span class='ocrx_word' id='word_1_191' title='bbox 3966 1417 4153 1473; x_wconf 86' lang='lat' dir='ltr'><strong>arbori</strong></span> 
     </span>
    </p>
   </div>
   <div class='ocr_carea' id='block_1_29' title="bbox 2557 1508 4151 1582">
    <p class='ocr_par' dir='ltr' id='par_1_29' title="bbox 2557 1508 4151 1582">
     <span class='ocr_line' id='line_1_29' title="bbox 2557 1508 4151 1582; baseline -0.003 -16"><span class='ocrx_word' id='word_1_192' title='bbox 2557 1510 2872 1582; x_wconf 83' lang='lat' dir='ltr'><strong>frequenter</strong></span> <span class='ocrx_word' id='word_1_193' title='bbox 2890 1510 3106 1566; x_wconf 84' lang='lat' dir='ltr'><strong>innixus</strong></span> <span class='ocrx_word' id='word_1_194' title='bbox 3128 1509 3213 1566; x_wconf 90' lang='lat' dir='ltr'><strong>vel</strong></span> <span class='ocrx_word' id='word_1_195' title='bbox 3241 1516 3499 1565; x_wconf 86' lang='lat' dir='ltr'><strong>constans</strong></span> <span class='ocrx_word' id='word_1_196' title='bbox 3521 1508 3669 1581; x_wconf 88' lang='lat' dir='ltr'><strong>figat,</strong></span> <span class='ocrx_word' id='word_1_197' title='bbox 3692 1509 3778 1565; x_wconf 82' lang='lat' dir='ltr'><strong>vel</strong></span> <span class='ocrx_word' id='word_1_198' title='bbox 3819 1509 3872 1565; x_wconf 92' lang='lat' dir='ltr'><strong>in</strong></span> <span class='ocrx_word' id='word_1_199' title='bbox 3898 1522 4151 1580; x_wconf 85' lang='lat' dir='ltr'><strong>soporem</strong></span> 
     </span>
    </p>
   </div>
   <div class='ocr_carea' id='block_1_30' title="bbox 2559 1593 4155 1673">
    <p class='ocr_par' dir='ltr' id='par_1_30' title="bbox 2559 1593 4155 1673">
     <span class='ocr_line' id='line_1_30' title="bbox 2559 1593 4155 1673; baseline -0.004 -14"><span class='ocrx_word' id='word_1_200' title='bbox 2559 1617 2618 1659; x_wconf 85' lang='lat' dir='ltr'><strong>se</strong></span> <span class='ocrx_word' id='word_1_201' title='bbox 2634 1601 2962 1672; x_wconf 74' lang='lat' dir='ltr'><strong>quiescendo</strong></span> <span class='ocrx_word' id='word_1_202' title='bbox 2983 1600 3212 1656; x_wconf 78' lang='lat' dir='ltr'><strong>relaxat.</strong></span> <span class='ocrx_word' id='word_1_203' title='bbox 3239 1599 3490 1656; x_wconf 81' lang='lat' dir='ltr'><strong>Nonnulli</strong></span> <span class='ocrx_word' id='word_1_204' title='bbox 3513 1616 3730 1673; x_wconf 88' lang='lat' dir='ltr'><strong>quoque</strong></span> <span class='ocrx_word' id='word_1_205' title='bbox 3750 1601 3851 1656; x_wconf 89' lang='lat' dir='ltr'><strong>has</strong></span> <span class='ocrx_word' id='word_1_206' title='bbox 3875 1593 4155 1656; x_wconf 87' lang='lat' dir='ltr'><strong>instruunt</strong></span> 
     </span>
    </p>
   </div>
   <div class='ocr_carea' id='block_1_31' title="bbox 2558 1692 4155 1767">
    <p class='ocr_par' dir='ltr' id='par_1_31' title="bbox 2558 1692 4155 1767">
     <span class='ocr_line' id='line_1_31' title="bbox 2558 1692 4155 1767; baseline -0.003 -16"><span class='ocrx_word' id='word_1_207' title='bbox 2558 1703 2780 1767; x_wconf 89' lang='lat' dir='ltr'><strong>propter</strong></span> <span class='ocrx_word' id='word_1_208' title='bbox 2805 1696 2940 1750; x_wconf 90' lang='lat' dir='ltr'><strong>ebur</strong></span> <span class='ocrx_word' id='word_1_209' title='bbox 2964 1693 3191 1749; x_wconf 87' lang='lat' dir='ltr'><strong>insidias</strong></span> <span class='ocrx_word' id='word_1_210' title='bbox 3228 1700 3288 1748; x_wconf 94' lang='lat' dir='ltr'><strong>ut</strong></span> <span class='ocrx_word' id='word_1_211' title='bbox 3315 1694 3589 1758; x_wconf 87' lang='lat' dir='ltr'><strong>arborem,</strong></span> <span class='ocrx_word' id='word_1_212' title='bbox 3620 1708 3780 1762; x_wconf 88' lang='lat' dir='ltr'><strong>quam</strong></span> <span class='ocrx_word' id='word_1_213' title='bbox 3805 1692 4024 1762; x_wconf 83' lang='lat' dir='ltr'><strong>elephas</strong></span> <span class='ocrx_word' id='word_1_214' title='bbox 4071 1692 4155 1746; x_wconf 89' lang='lat' dir='ltr'><strong>in-</strong></span> 
     </span>
    </p>
   </div>
   <div class='ocr_carea' id='block_1_32' title="bbox 2559 1782 4155 1856">
    <p class='ocr_par' dir='ltr' id='par_1_32' title="bbox 2559 1782 4155 1856">
     <span class='ocr_line' id='line_1_32' title="bbox 2559 1782 4155 1856; baseline -0.004 -13"><span class='ocrx_word' id='word_1_215' title='bbox 2559 1787 2782 1844; x_wconf 90' lang='lat' dir='ltr'><strong>nitendo</strong></span> <span class='ocrx_word' id='word_1_216' title='bbox 2805 1785 3133 1856; x_wconf 91' lang='lat' dir='ltr'><strong>frequentat,</strong></span> <span class='ocrx_word' id='word_1_217' title='bbox 3167 1799 3231 1838; x_wconf 88' lang='lat' dir='ltr'><strong>ex</strong></span> <span class='ocrx_word' id='word_1_218' title='bbox 3262 1784 3431 1840; x_wconf 90' lang='lat' dir='ltr'><strong>altera</strong></span> <span class='ocrx_word' id='word_1_219' title='bbox 3462 1793 3616 1854; x_wconf 87' lang='lat' dir='ltr'><strong>parte</strong></span> <span class='ocrx_word' id='word_1_220' title='bbox 3638 1782 3892 1855; x_wconf 82' lang='lat' dir='ltr'><strong>usquead</strong></span> <span class='ocrx_word' id='word_1_221' title='bbox 3917 1783 4155 1839; x_wconf 88' lang='lat' dir='ltr'><strong>medium</strong></span> 
     </span>
    </p>
   </div>
   <div class='ocr_carea' id='block_1_33' title="bbox 864 1875 4155 1955">
    <p class='ocr_par' dir='ltr' id='par_1_33' title="bbox 864 1875 4155 1955">
     <span class='ocr_line' id='line_1_33' title="bbox 864 1875 4155 1955; baseline -0.004 -12"><span class='ocrx_word' id='word_1_222' title='bbox 864 1888 1111 1946; x_wconf 82' lang='lat' dir='ltr'><strong>valescit.</strong></span> <span class='ocrx_word' id='word_1_223' title='bbox 1150 1886 1484 1955; x_wconf 85' lang='lat' dir='ltr'><strong>Leopardus,</strong></span> <span class='ocrx_word' id='word_1_224' title='bbox 1540 1884 1586 1939; x_wconf 90' lang='lat' dir='ltr'><strong>si</strong></span> <span class='ocrx_word' id='word_1_225' title='bbox 1627 1882 1863 1953; x_wconf 88' lang='lat' dir='ltr'><strong>agrestis</strong></span> <span class='ocrx_word' id='word_1_226' title='bbox 1888 1894 2096 1949; x_wconf 70' lang='lat' dir='ltr'><strong>caprea:</strong></span> <span class='ocrx_word' id='word_1_227' title='bbox 2142 1878 2459 1948; x_wconf 85' lang='lat' dir='ltr'><strong>sanguinem</strong></span> <span class='ocrx_word' id='word_1_228' title='bbox 2491 1876 2536 1935; x_wconf 83' lang='grc' dir='ltr'><strong>Β</strong></span> <span class='ocrx_word' id='word_1_229' title='bbox 2565 1877 2678 1934; x_wconf 89' lang='lat' dir='ltr'><strong>fere</strong></span> <span class='ocrx_word' id='word_1_230' title='bbox 2699 1877 3007 1942; x_wconf 88' lang='lat' dir='ltr'><strong>concidant,</strong></span> <span class='ocrx_word' id='word_1_231' title='bbox 3050 1885 3106 1932; x_wconf 93' lang='lat' dir='ltr'><strong>et</strong></span> <span class='ocrx_word' id='word_1_232' title='bbox 3131 1875 3211 1932; x_wconf 89' lang='lat' dir='ltr'><strong>sic</strong></span> <span class='ocrx_word' id='word_1_233' title='bbox 3239 1875 3405 1930; x_wconf 88' lang='lat' dir='ltr'><strong>arbor</strong></span> <span class='ocrx_word' id='word_1_234' title='bbox 3432 1875 3500 1931; x_wconf 90' lang='lat' dir='ltr'><strong>ad</strong></span> <span class='ocrx_word' id='word_1_235' title='bbox 3531 1883 3638 1930; x_wconf 91' lang='lat' dir='ltr'><strong>tam</strong></span> <span class='ocrx_word' id='word_1_236' title='bbox 3667 1875 3912 1932; x_wconf 87' lang='lat' dir='ltr'><strong>enormis</strong></span> <span class='ocrx_word' id='word_1_237' title='bbox 3955 1875 4155 1930; x_wconf 89' lang='lat' dir='ltr'><strong>molem</strong></span> 
     </span>
    </p>
   </div>
   <div class='ocr_carea' id='block_1_34' title="bbox 863 1967 2460 2044">
    <p class='ocr_par' dir='ltr' id='par_1_34' title="bbox 863 1967 2460 2044">
     <span class='ocr_line' id='line_1_34' title="bbox 863 1967 2460 2044; baseline -0.006 -12"><span class='ocrx_word' id='word_1_238' title='bbox 863 1973 1104 2042; x_wconf 83' lang='lat' dir='ltr'><strong>hauriat,</strong></span> <span class='ocrx_word' id='word_1_239' title='bbox 1131 1977 1238 2029; x_wconf 85' lang='lat' dir='ltr'><strong>vim</strong></span> <span class='ocrx_word' id='word_1_240' title='bbox 1268 1973 1546 2044; x_wconf 78' lang='lat' dir='ltr'><strong>languoris</strong></span> <span class='ocrx_word' id='word_1_241' title='bbox 1574 1972 1760 2026; x_wconf 87' lang='lat' dir='ltr'><strong>evitat.</strong></span> <span class='ocrx_word' id='word_1_242' title='bbox 1814 1970 1984 2028; x_wconf 86' lang='lat' dir='ltr'><strong>Ursus</strong></span> <span class='ocrx_word' id='word_1_243' title='bbox 2021 1984 2163 2041; x_wconf 69' lang='lat' dir='ltr'><strong>aeger</strong></span> <span class='ocrx_word' id='word_1_244' title='bbox 2201 1967 2460 2025; x_wconf 81' lang='lat' dir='ltr'><strong>formicas</strong></span> 
     </span>
    </p>
   </div>
   <div class='ocr_carea' id='block_1_35' title="bbox 863 2060 2463 2134">
    <p class='ocr_par' dir='ltr' id='par_1_35' title="bbox 863 2060 2463 2134">
     <span class='ocr_line' id='line_1_35' title="bbox 863 2060 2463 2134; baseline -0.005 -12"><span class='ocrx_word' id='word_1_245' title='bbox 863 2076 1038 2122; x_wconf 85' lang='lat' dir='ltr'><strong>vorat.</strong></span> <span class='ocrx_word' id='word_1_246' title='bbox 1073 2066 1282 2122; x_wconf 83' lang='lat' dir='ltr'><strong>Cervus</strong></span> <span class='ocrx_word' id='word_1_247' title='bbox 1308 2063 1594 2134; x_wconf 87' lang='lat' dir='ltr'><strong>languidus</strong></span> <span class='ocrx_word' id='word_1_248' title='bbox 1636 2061 1769 2128; x_wconf 63' lang='lat' dir='ltr'><strong>olea:</strong></span> <span class='ocrx_word' id='word_1_249' title='bbox 1808 2060 2164 2124; x_wconf 85' lang='lat' dir='ltr'><strong>ramusculos,</strong></span> <span class='ocrx_word' id='word_1_250' title='bbox 2197 2066 2257 2113; x_wconf 89' lang='lat' dir='ltr'><strong>ut</strong></span> <span class='ocrx_word' id='word_1_251' title='bbox 2302 2072 2463 2114; x_wconf 90' lang='lat' dir='ltr'><strong>sane-</strong></span> 
     </span>
    </p>
   </div>
   <div class='ocr_carea' id='block_1_36' title="bbox 865 2149 2458 2225">
    <p class='ocr_par' dir='ltr' id='par_1_36' title="bbox 865 2149 2458 2225">
     <span class='ocr_line' id='line_1_36' title="bbox 865 2149 2458 2225; baseline -0.008 -13"><span class='ocrx_word' id='word_1_252' title='bbox 865 2167 978 2223; x_wconf 90' lang='lat' dir='ltr'><strong>tur,</strong></span> <span class='ocrx_word' id='word_1_253' title='bbox 1008 2155 1288 2225; x_wconf 82' lang='lat' dir='ltr'><strong>elllagitat.</strong></span> <span class='ocrx_word' id='word_1_254' title='bbox 1329 2153 1439 2208; x_wconf 90' lang='lat' dir='ltr'><strong>Cur</strong></span> <span class='ocrx_word' id='word_1_255' title='bbox 1477 2159 1656 2206; x_wconf 87' lang='lat' dir='ltr'><strong>autem</strong></span> <span class='ocrx_word' id='word_1_256' title='bbox 1697 2151 1812 2206; x_wconf 72' lang='lat' dir='ltr'><strong>haec</strong></span> <span class='ocrx_word' id='word_1_257' title='bbox 1855 2149 2035 2204; x_wconf 91' lang='lat' dir='ltr'><strong>omnia</strong></span> <span class='ocrx_word' id='word_1_258' title='bbox 2063 2156 2252 2217; x_wconf 87' lang='lat' dir='ltr'><strong>potens</strong></span> <span class='ocrx_word' id='word_1_259' title='bbox 2279 2161 2458 2202; x_wconf 91' lang='lat' dir='ltr'><strong>rerum</strong></span> 
     </span>
    </p>
   </div>
   <div class='ocr_carea' id='block_1_37' title="bbox 859 2237 2456 2307">
    <p class='ocr_par' dir='ltr' id='par_1_37' title="bbox 859 2237 2456 2307">
     <span class='ocr_line' id='line_1_37' title="bbox 859 2237 2456 2307; baseline -0.008 -6"><span class='ocrx_word' id='word_1_260' title='bbox 859 2245 1123 2302; x_wconf 86' lang='lat' dir='ltr'><strong>Conditor</strong></span> <span class='ocrx_word' id='word_1_261' title='bbox 1145 2244 1353 2298; x_wconf 87' lang='lat' dir='ltr'><strong>naturis</strong></span> <span class='ocrx_word' id='word_1_262' title='bbox 1379 2241 1690 2296; x_wconf 72' lang='lat' dir='ltr'><strong>animalium</strong></span> <span class='ocrx_word' id='word_1_263' title='bbox 1712 2239 1927 2304; x_wconf 86' lang='lat' dir='ltr'><strong>indidit,</strong></span> <span class='ocrx_word' id='word_1_264' title='bbox 1955 2238 2059 2294; x_wconf 87' lang='lat' dir='ltr'><strong>nisi</strong></span> <span class='ocrx_word' id='word_1_265' title='bbox 2083 2239 2205 2307; x_wconf 90' lang='lat' dir='ltr'><strong>quia</strong></span> <span class='ocrx_word' id='word_1_266' title='bbox 2241 2237 2456 2293; x_wconf 86' lang='lat' dir='ltr'><strong>diversa</strong></span> 
     </span>
    </p>
   </div>
   <div class='ocr_carea' id='block_1_38' title="bbox 860 2327 2460 2405">
    <p class='ocr_par' dir='ltr' id='par_1_38' title="bbox 860 2327 2460 2405">
     <span class='ocr_line' id='line_1_38' title="bbox 860 2327 2460 2405; baseline -0.005 -16"><span class='ocrx_word' id='word_1_267' title='bbox 860 2349 956 2405; x_wconf 81' lang='lat' dir='ltr'><strong>per</strong></span> <span class='ocrx_word' id='word_1_268' title='bbox 1002 2335 1119 2389; x_wconf 71' lang='lat' dir='ltr'><strong>haec</strong></span> <span class='ocrx_word' id='word_1_269' title='bbox 1163 2333 1371 2393; x_wconf 85' lang='lat' dir='ltr'><strong>homini</strong></span> <span class='ocrx_word' id='word_1_270' title='bbox 1411 2331 1535 2386; x_wconf 66' lang='lat' dir='ltr'><strong>vita:</strong></span> <span class='ocrx_word' id='word_1_271' title='bbox 1579 2330 1739 2400; x_wconf 82' lang='lat' dir='ltr'><strong>hujus</strong></span> <span class='ocrx_word' id='word_1_272' title='bbox 1789 2329 2152 2385; x_wconf 88' lang='lat' dir='ltr'><strong>emolumenta</strong></span> <span class='ocrx_word' id='word_1_273' title='bbox 2189 2327 2460 2396; x_wconf 83' lang='lat' dir='ltr'><strong>providit?</strong></span> 
     </span>
    </p>
   </div>
   <div class='ocr_carea' id='block_1_39' title="bbox 863 2417 2458 2492">
    <p class='ocr_par' dir='ltr' id='par_1_39' title="bbox 863 2417 2458 2492">
     <span class='ocr_line' id='line_1_39' title="bbox 863 2417 2458 2492; baseline -0.007 -12"><span class='ocrx_word' id='word_1_274' title='bbox 863 2424 936 2480; x_wconf 87' lang='lat' dir='ltr'><strong>Ut</strong></span> <span class='ocrx_word' id='word_1_275' title='bbox 963 2424 1090 2479; x_wconf 65' lang='lat' dir='ltr'><strong>dum</strong></span> <span class='ocrx_word' id='word_1_276' title='bbox 1120 2432 1404 2488; x_wconf 78' lang='lat' dir='ltr'><strong>creaturae,</strong></span> <span class='ocrx_word' id='word_1_277' title='bbox 1436 2437 1558 2492; x_wconf 68' lang='lat' dir='ltr'><strong>quae</strong></span> <span class='ocrx_word' id='word_1_278' title='bbox 1599 2421 1856 2490; x_wconf 66' lang='lat' dir='ltr'><strong>subjectae</strong></span> <span class='ocrx_word' id='word_1_279' title='bbox 1899 2427 2024 2474; x_wconf 90' lang='lat' dir='ltr'><strong>sunt</strong></span> <span class='ocrx_word' id='word_1_280' title='bbox 2071 2417 2300 2492; x_wconf 80' lang='lat' dir='ltr'><strong>homini,</strong></span> <span class='ocrx_word' id='word_1_281' title='bbox 2335 2429 2458 2470; x_wconf 90' lang='lat' dir='ltr'><strong>sese</strong></span> 
     </span>
    </p>
   </div>
   <div class='ocr_carea' id='block_1_40' title="bbox 862 2505 2460 2579">
    <p class='ocr_par' dir='ltr' id='par_1_40' title="bbox 862 2505 2460 2579">
     <span class='ocr_line' id='line_1_40' title="bbox 862 2505 2460 2579; baseline -0.006 -11"><span class='ocrx_word' id='word_1_282' title='bbox 862 2514 1097 2570; x_wconf 87' lang='lat' dir='ltr'><strong>invicem</strong></span> <span class='ocrx_word' id='word_1_283' title='bbox 1125 2512 1374 2575; x_wconf 84' lang='lat' dir='ltr'><strong>fuleiunt,</strong></span> <span class='ocrx_word' id='word_1_284' title='bbox 1404 2510 1470 2564; x_wconf 87' lang='lat' dir='ltr'><strong>ad</strong></span> <span class='ocrx_word' id='word_1_285' title='bbox 1499 2510 1784 2564; x_wconf 84' lang='lat' dir='ltr'><strong>utilitatem</strong></span> <span class='ocrx_word' id='word_1_286' title='bbox 1829 2510 1946 2579; x_wconf 86' lang='lat' dir='ltr'><strong>ejus</strong></span> <span class='ocrx_word' id='word_1_287' title='bbox 1981 2507 2071 2578; x_wconf 87' lang='lat' dir='ltr'><strong>qui</strong></span> <span class='ocrx_word' id='word_1_288' title='bbox 2099 2505 2352 2577; x_wconf 70' lang='lat' dir='ltr'><strong>prtelatus</strong></span> <span class='ocrx_word' id='word_1_289' title='bbox 2376 2512 2460 2560; x_wconf 87' lang='lat' dir='ltr'><strong>est</strong></span> 
     </span>
    </p>
   </div>
   <div class='ocr_carea' id='block_1_41' title="bbox 858 2593 2460 2665">
    <p class='ocr_par' dir='ltr' id='par_1_41' title="bbox 858 2593 2460 2665">
     <span class='ocr_line' id='line_1_41' title="bbox 858 2593 2460 2665; baseline -0.006 -8"><span class='ocrx_word' id='word_1_290' title='bbox 858 2604 1111 2657; x_wconf 89' lang='lat' dir='ltr'><strong>omnibus</strong></span> <span class='ocrx_word' id='word_1_291' title='bbox 1140 2601 1324 2655; x_wconf 89' lang='lat' dir='ltr'><strong>omnia</strong></span> <span class='ocrx_word' id='word_1_292' title='bbox 1364 2598 1687 2654; x_wconf 77' lang='lat' dir='ltr'><strong>referantur.</strong></span> <span class='ocrx_word' id='word_1_293' title='bbox 1719 2597 1784 2652; x_wconf 86' lang='lat' dir='ltr'><strong>Et</strong></span> <span class='ocrx_word' id='word_1_294' title='bbox 1815 2598 1940 2652; x_wconf 90' lang='lat' dir='ltr'><strong>dum</strong></span> <span class='ocrx_word' id='word_1_295' title='bbox 1971 2596 2025 2650; x_wconf 89' lang='lat' dir='ltr'><strong>in</strong></span> <span class='ocrx_word' id='word_1_296' title='bbox 2057 2593 2313 2665; x_wconf 90' lang='lat' dir='ltr'><strong>operibus</strong></span> <span class='ocrx_word' id='word_1_297' title='bbox 2345 2594 2460 2652; x_wconf 86' lang='lat' dir='ltr'><strong>suis</strong></span> 
     </span>
    </p>
   </div>
   <div class='ocr_carea' id='block_1_42' title="bbox 860 2683 2460 2758">
    <p class='ocr_par' dir='ltr' id='par_1_42' title="bbox 860 2683 2460 2758">
     <span class='ocr_line' id='line_1_42' title="bbox 860 2683 2460 2758; baseline -0.006 -11"><span class='ocrx_word' id='word_1_298' title='bbox 860 2691 1159 2747; x_wconf 84' lang='lat' dir='ltr'><strong>bonitatem</strong></span> <span class='ocrx_word' id='word_1_299' title='bbox 1186 2692 1414 2744; x_wconf 84' lang='lat' dir='ltr'><strong>miratur</strong></span> <span class='ocrx_word' id='word_1_300' title='bbox 1450 2689 1684 2758; x_wconf 89' lang='lat' dir='ltr'><strong>opificis,</strong></span> <span class='ocrx_word' id='word_1_301' title='bbox 1725 2689 1842 2757; x_wconf 89' lang='lat' dir='ltr'><strong>ipse</strong></span> <span class='ocrx_word' id='word_1_302' title='bbox 1876 2702 1982 2742; x_wconf 93' lang='lat' dir='ltr'><strong>non</strong></span> <span class='ocrx_word' id='word_1_303' title='bbox 2027 2686 2233 2740; x_wconf 68' lang='lat' dir='ltr'><strong>haereat</strong></span> <span class='ocrx_word' id='word_1_304' title='bbox 2276 2683 2460 2739; x_wconf 86' lang='lat' dir='ltr'><strong>condi-</strong></span> 
     </span>
    </p>
   </div>
   <div class='ocr_carea' id='block_1_43' title="bbox 863 2774 2459 2852">
    <p class='ocr_par' dir='ltr' id='par_1_43' title="bbox 863 2774 2459 2852">
     <span class='ocr_line' id='line_1_43' title="bbox 863 2774 2459 2852; baseline -0.004 -15"><span class='ocrx_word' id='word_1_305' title='bbox 863 2781 954 2848; x_wconf 84' lang='lat' dir='ltr'><strong>tis,</strong></span> <span class='ocrx_word' id='word_1_306' title='bbox 987 2783 1083 2838; x_wconf 90' lang='lat' dir='ltr'><strong>sed</strong></span> <span class='ocrx_word' id='word_1_307' title='bbox 1106 2789 1384 2852; x_wconf 84' lang='lat' dir='ltr'><strong>aspectum</strong></span> <span class='ocrx_word' id='word_1_308' title='bbox 1412 2779 1685 2834; x_wconf 84' lang='lat' dir='ltr'><strong>desideret</strong></span> <span class='ocrx_word' id='word_1_309' title='bbox 1705 2777 2036 2833; x_wconf 89' lang='lat' dir='ltr'><strong>Conditoris.</strong></span> <span class='ocrx_word' id='word_1_310' title='bbox 2067 2774 2270 2831; x_wconf 89' lang='lat' dir='ltr'><strong>Omnes</strong></span> <span class='ocrx_word' id='word_1_311' title='bbox 2298 2774 2459 2845; x_wconf 78' lang='lat' dir='ltr'><strong>plane</strong></span> 
     </span>
    </p>
   </div>
   <div class='ocr_carea' id='block_1_44' title="bbox 862 2863 2456 2938">
    <p class='ocr_par' dir='ltr' id='par_1_44' title="bbox 862 2863 2456 2938">
     <span class='ocr_line' id='line_1_44' title="bbox 862 2863 2456 2938; baseline -0.004 -14"><span class='ocrx_word' id='word_1_312' title='bbox 862 2884 1086 2926; x_wconf 87' lang='lat' dir='ltr'><strong>naturas</strong></span> <span class='ocrx_word' id='word_1_313' title='bbox 1136 2869 1481 2933; x_wconf 84' lang='lat' dir='ltr'><strong>animalium,</strong></span> <span class='ocrx_word' id='word_1_314' title='bbox 1522 2883 1656 2938; x_wconf 87' lang='lat' dir='ltr'><strong>quas</strong></span> <span class='ocrx_word' id='word_1_315' title='bbox 1703 2881 1865 2936; x_wconf 89' lang='lat' dir='ltr'><strong>supra</strong></span> <span class='ocrx_word' id='word_1_316' title='bbox 1909 2864 2359 2936; x_wconf 78' lang='lat' dir='ltr'><strong>perstrinximus,</strong></span> <span class='ocrx_word' id='word_1_317' title='bbox 2411 2863 2456 2917; x_wconf 87' lang='lat' dir='ltr'><strong>si</strong></span> 
     </span>
    </p>
   </div>
   <div class='ocr_carea' id='block_1_45' title="bbox 861 2951 2458 3030">
    <p class='ocr_par' dir='ltr' id='par_1_45' title="bbox 861 2951 2458 3030">
     <span class='ocr_line' id='line_1_45' title="bbox 861 2951 2458 3030; baseline -0.003 -20"><span class='ocrx_word' id='word_1_318' title='bbox 861 2960 984 3030; x_wconf 84' lang='lat' dir='ltr'><strong>quis</strong></span> <span class='ocrx_word' id='word_1_319' title='bbox 1042 2960 1284 3016; x_wconf 88' lang='lat' dir='ltr'><strong>elaboret</strong></span> <span class='ocrx_word' id='word_1_320' title='bbox 1347 2958 1577 3012; x_wconf 87' lang='lat' dir='ltr'><strong>solerter</strong></span> <span class='ocrx_word' id='word_1_321' title='bbox 1632 2957 1936 3026; x_wconf 84' lang='lat' dir='ltr'><strong>inspicere,</strong></span> <span class='ocrx_word' id='word_1_322' title='bbox 2003 2953 2212 3010; x_wconf 88' lang='lat' dir='ltr'><strong>utiliter</strong></span> <span class='ocrx_word' id='word_1_323' title='bbox 2260 2951 2458 3023; x_wconf 82' lang='lat' dir='ltr'><strong>poterit</strong></span> 
     </span>
    </p>
   </div>
   <div class='ocr_carea' id='block_1_46' title="bbox 863 3042 2459 3116">
    <p class='ocr_par' dir='ltr' id='par_1_46' title="bbox 863 3042 2459 3116">
     <span class='ocr_line' id='line_1_46' title="bbox 863 3042 2459 3116; baseline -0.005 -10"><span class='ocrx_word' id='word_1_324' title='bbox 863 3056 918 3106; x_wconf 86' lang='lat' dir='ltr'><strong>tu</strong></span> <span class='ocrx_word' id='word_1_325' title='bbox 970 3052 1230 3107; x_wconf 73' lang='lat' dir='ltr'><strong>humana:</strong></span> <span class='ocrx_word' id='word_1_326' title='bbox 1275 3049 1648 3113; x_wconf 87' lang='lat' dir='ltr'><strong>conversionis</strong></span> <span class='ocrx_word' id='word_1_327' title='bbox 1701 3047 1948 3116; x_wconf 90' lang='lat' dir='ltr'><strong>exempla</strong></span> <span class='ocrx_word' id='word_1_328' title='bbox 2010 3042 2342 3108; x_wconf 78' lang='lat' dir='ltr'><strong>transferre,</strong></span> <span class='ocrx_word' id='word_1_329' title='bbox 2399 3052 2459 3098; x_wconf 90' lang='lat' dir='ltr'><strong>ut</strong></span> 
     </span>
    </p>
   </div>
   <div class='ocr_carea' id='block_1_47' title="bbox 863 3130 2454 3211">
    <p class='ocr_par' dir='ltr' id='par_1_47' title="bbox 863 3130 2454 3211">
     <span class='ocr_line' id='line_1_47' title="bbox 863 3130 2454 3211; baseline -0.006 -14"><span class='ocrx_word' id='word_1_330' title='bbox 863 3142 1099 3211; x_wconf 69' lang='lat' dir='ltr'><strong>qualiter</strong></span> <span class='ocrx_word' id='word_1_331' title='bbox 1128 3144 1292 3197; x_wconf 89' lang='lat' dir='ltr'><strong>homo</strong></span> <span class='ocrx_word' id='word_1_332' title='bbox 1318 3142 1484 3206; x_wconf 87' lang='lat' dir='ltr'><strong>vivat,</strong></span> <span class='ocrx_word' id='word_1_333' title='bbox 1523 3140 1592 3195; x_wconf 89' lang='lat' dir='ltr'><strong>ab</strong></span> <span class='ocrx_word' id='word_1_334' title='bbox 1617 3130 1735 3209; x_wconf 85' lang='lat' dir='ltr'><strong>ipsa</strong></span> <span class='ocrx_word' id='word_1_335' title='bbox 1760 3150 1974 3208; x_wconf 87' lang='lat' dir='ltr'><strong>quoque</strong></span> <span class='ocrx_word' id='word_1_336' title='bbox 2005 3135 2236 3190; x_wconf 84' lang='lat' dir='ltr'><strong>rationis</strong></span> <span class='ocrx_word' id='word_1_337' title='bbox 2267 3135 2454 3203; x_wconf 85' lang='lat' dir='ltr'><strong>ignara</strong></span> 
     </span>
    </p>
   </div>
   <div class='ocr_carea' id='block_1_48' title="bbox 2559 1965 4154 2042">
    <p class='ocr_par' dir='ltr' id='par_1_48' title="bbox 2559 1965 4154 2042">
     <span class='ocr_line' id='line_1_48' title="bbox 2559 1965 4154 2042; baseline -0.004 -17"><span class='ocrx_word' id='word_1_338' title='bbox 2559 1967 2807 2042; x_wconf 83' lang='lat' dir='ltr'><strong>corporis</strong></span> <span class='ocrx_word' id='word_1_339' title='bbox 2837 1975 3077 2025; x_wconf 87' lang='lat' dir='ltr'><strong>corruat.</strong></span> <span class='ocrx_word' id='word_1_340' title='bbox 3106 1965 3234 2029; x_wconf 91' lang='lat' dir='ltr'><strong>Sed,</strong></span> <span class='ocrx_word' id='word_1_341' title='bbox 3266 1966 3394 2021; x_wconf 89' lang='lat' dir='ltr'><strong>dum</strong></span> <span class='ocrx_word' id='word_1_342' title='bbox 3421 1967 3682 2034; x_wconf 86' lang='lat' dir='ltr'><strong>quasdam</strong></span> <span class='ocrx_word' id='word_1_343' title='bbox 3713 1965 4028 2025; x_wconf 86' lang='lat' dir='ltr'><strong>animalium</strong></span> <span class='ocrx_word' id='word_1_344' title='bbox 4051 1981 4154 2020; x_wconf 85' lang='lat' dir='ltr'><strong>na-</strong></span> 
     </span>
    </p>
   </div>
   <div class='ocr_carea' id='block_1_49' title="bbox 2561 2056 4157 2122">
    <p class='ocr_par' dir='ltr' id='par_1_49' title="bbox 2561 2056 4157 2122">
     <span class='ocr_line' id='line_1_49' title="bbox 2561 2056 4157 2122; baseline 0 -6"><span class='ocrx_word' id='word_1_345' title='bbox 2561 2073 2711 2117; x_wconf 89' lang='lat' dir='ltr'><strong>turas</strong></span> <span class='ocrx_word' id='word_1_346' title='bbox 2743 2060 2810 2114; x_wconf 87' lang='lat' dir='ltr'><strong>ad</strong></span> <span class='ocrx_word' id='word_1_347' title='bbox 2847 2057 3264 2114; x_wconf 65' lang='lat' dir='ltr'><strong>aedificationem</strong></span> <span class='ocrx_word' id='word_1_348' title='bbox 3313 2065 3589 2122; x_wconf 55' lang='lat' dir='ltr'><strong>vestram,</strong></span> <span class='ocrx_word' id='word_1_349' title='bbox 3622 2056 3825 2112; x_wconf 84' lang='lat' dir='ltr'><strong>fratres</strong></span> <span class='ocrx_word' id='word_1_350' title='bbox 3875 2057 4004 2121; x_wconf 85' lang='lat' dir='ltr'><strong>mei,</strong></span> <span class='ocrx_word' id='word_1_351' title='bbox 4035 2057 4157 2116; x_wconf 83' lang='lat' dir='ltr'><strong>dili-</strong></span> 
     </span>
    </p>
   </div>
   <div class='ocr_carea' id='block_1_50' title="bbox 2559 2147 4158 2223">
    <p class='ocr_par' dir='ltr' id='par_1_50' title="bbox 2559 2147 4158 2223">
     <span class='ocr_line' id='line_1_50' title="bbox 2559 2147 4158 2223; baseline -0.002 -17"><span class='ocrx_word' id='word_1_352' title='bbox 2559 2152 2772 2223; x_wconf 89' lang='lat' dir='ltr'><strong>gentius</strong></span> <span class='ocrx_word' id='word_1_353' title='bbox 2797 2149 3167 2206; x_wconf 87' lang='lat' dir='ltr'><strong>enumerando</strong></span> <span class='ocrx_word' id='word_1_354' title='bbox 3208 2147 3984 2220; x_wconf 70' lang='lat' dir='ltr'><strong>prosequimur,,nequaquam</strong></span> <span class='ocrx_word' id='word_1_355' title='bbox 4019 2147 4158 2203; x_wconf 82' lang='lat' dir='ltr'><strong>obli-</strong></span> 
     </span>
    </p>
   </div>
   <div class='ocr_carea' id='block_1_51' title="bbox 2559 2239 4156 2310">
    <p class='ocr_par' dir='ltr' id='par_1_51' title="bbox 2559 2239 4156 2310">
     <span class='ocr_line' id='line_1_51' title="bbox 2559 2239 4156 2310; baseline -0.001 -14"><span class='ocrx_word' id='word_1_356' title='bbox 2559 2241 2874 2299; x_wconf 87' lang='lat' dir='ltr'><strong>viseendum</strong></span> <span class='ocrx_word' id='word_1_357' title='bbox 2899 2248 2983 2295; x_wconf 89' lang='lat' dir='ltr'><strong>est</strong></span> <span class='ocrx_word' id='word_1_358' title='bbox 3004 2240 3128 2310; x_wconf 85' lang='lat' dir='ltr'><strong>quia</strong></span> <span class='ocrx_word' id='word_1_359' title='bbox 3161 2255 3268 2294; x_wconf 92' lang='lat' dir='ltr'><strong>non</strong></span> <span class='ocrx_word' id='word_1_360' title='bbox 3290 2239 3508 2305; x_wconf 90' lang='lat' dir='ltr'><strong>librum,</strong></span> <span class='ocrx_word' id='word_1_361' title='bbox 3540 2239 3634 2294; x_wconf 90' lang='lat' dir='ltr'><strong>sed</strong></span> <span class='ocrx_word' id='word_1_362' title='bbox 3664 2239 3949 2308; x_wconf 86' lang='lat' dir='ltr'><strong>epistolam</strong></span> <span class='ocrx_word' id='word_1_363' title='bbox 3977 2239 4156 2294; x_wconf 85' lang='lat' dir='ltr'><strong>adorti</strong></span> 
     </span>
    </p>
   </div>
   <div class='ocr_carea' id='block_1_52' title="bbox 2559 2326 4152 2398">
    <p class='ocr_par' dir='ltr' id='par_1_52' title="bbox 2559 2326 4152 2398">
     <span class='ocr_line' id='line_1_52' title="bbox 2559 2326 4152 2398; baseline -0.002 -12"><span class='ocrx_word' id='word_1_364' title='bbox 2559 2344 2746 2386; x_wconf 92' lang='lat' dir='ltr'><strong>sumus</strong></span> <span class='ocrx_word' id='word_1_365' title='bbox 2778 2347 2790 2382; x_wconf 93' lang='lat'><strong>:</strong></span> <span class='ocrx_word' id='word_1_366' title='bbox 2823 2329 3177 2398; x_wconf 85' lang='lat' dir='ltr'><strong>quamobrem</strong></span> <span class='ocrx_word' id='word_1_367' title='bbox 3212 2327 3481 2384; x_wconf 90' lang='lat' dir='ltr'><strong>currentis</strong></span> <span class='ocrx_word' id='word_1_368' title='bbox 3513 2326 3725 2388; x_wconf 84' lang='lat' dir='ltr'><strong>articuli</strong></span> <span class='ocrx_word' id='word_1_369' title='bbox 3755 2328 4057 2383; x_wconf 89' lang='lat' dir='ltr'><strong>cohibenda</strong></span> <span class='ocrx_word' id='word_1_370' title='bbox 4090 2327 4152 2383; x_wconf 84' lang='lat' dir='ltr'><strong>li-</strong></span> 
     </span>
    </p>
   </div>
   <div class='ocr_carea' id='block_1_53' title="bbox 2557 2417 4158 2487">
    <p class='ocr_par' dir='ltr' id='par_1_53' title="bbox 2557 2417 4158 2487">
     <span class='ocr_line' id='line_1_53' title="bbox 2557 2417 4158 2487; baseline -0.001 -11"><span class='ocrx_word' id='word_1_371' title='bbox 2557 2420 2767 2484; x_wconf 87' lang='lat' dir='ltr'><strong>bertas,</strong></span> <span class='ocrx_word' id='word_1_372' title='bbox 2798 2417 3059 2474; x_wconf 89' lang='lat' dir='ltr'><strong>frenanda</strong></span> <span class='ocrx_word' id='word_1_373' title='bbox 3096 2417 3346 2473; x_wconf 88' lang='lat' dir='ltr'><strong>voluntas</strong></span> <span class='ocrx_word' id='word_1_374' title='bbox 3377 2426 3490 2482; x_wconf 86' lang='lat' dir='ltr'><strong>est;</strong></span> <span class='ocrx_word' id='word_1_375' title='bbox 3520 2427 3789 2487; x_wconf 88' lang='lat' dir='ltr'><strong>quatenus</strong></span> <span class='ocrx_word' id='word_1_376' title='bbox 3814 2418 3893 2476; x_wconf 86' lang='lat' dir='ltr'><strong>sic</strong></span> <span class='ocrx_word' id='word_1_377' title='bbox 3919 2419 4158 2474; x_wconf 71' lang='lat' dir='ltr'><strong>aedifica-</strong></span> 
     </span>
    </p>
   </div>
   <div class='ocr_carea' id='block_1_54' title="bbox 2560 2509 4157 2581">
    <p class='ocr_par' dir='ltr' id='par_1_54' title="bbox 2560 2509 4157 2581">
     <span class='ocr_line' id='line_1_54' title="bbox 2560 2509 4157 2581; baseline 0.003 -17"><span class='ocrx_word' id='word_1_378' title='bbox 2560 2509 2693 2581; x_wconf 24' lang='lat' dir='ltr'><strong>ti‘oni</strong></span> <span class='ocrx_word' id='word_1_379' title='bbox 2725 2509 2963 2564; x_wconf 88' lang='lat' dir='ltr'><strong>charitas</strong></span> <span class='ocrx_word' id='word_1_380' title='bbox 2992 2511 3214 2574; x_wconf 87' lang='lat' dir='ltr'><strong>serviat,</strong></span> <span class='ocrx_word' id='word_1_381' title='bbox 3243 2518 3302 2563; x_wconf 93' lang='lat' dir='ltr'><strong>ut</strong></span> <span class='ocrx_word' id='word_1_382' title='bbox 3323 2517 3502 2564; x_wconf 85' lang='lat' dir='ltr'><strong>tamen</strong></span> <span class='ocrx_word' id='word_1_383' title='bbox 3529 2510 3746 2565; x_wconf 88' lang='lat' dir='ltr'><strong>modum</strong></span> <span class='ocrx_word' id='word_1_384' title='bbox 3773 2525 3931 2566; x_wconf 92' lang='lat' dir='ltr'><strong>suum</strong></span> <span class='ocrx_word' id='word_1_385' title='bbox 3951 2510 4157 2580; x_wconf 76' lang='lat' dir='ltr'><strong>cpisto-</strong></span> 
     </span>
    </p>
   </div>
   <div class='ocr_carea' id='block_1_55' title="bbox 2561 2597 4155 2668">
    <p class='ocr_par' dir='ltr' id='par_1_55' title="bbox 2561 2597 4155 2668">
     <span class='ocr_line' id='line_1_55' title="bbox 2561 2597 4155 2668; baseline 0.003 -15"><span class='ocrx_word' id='word_1_386' title='bbox 2561 2599 2689 2654; x_wconf 89' lang='lat' dir='ltr'><strong>laris</strong></span> <span class='ocrx_word' id='word_1_387' title='bbox 2711 2597 3015 2668; x_wconf 86' lang='lat' dir='ltr'><strong>compendii</strong></span> <span class='ocrx_word' id='word_1_388' title='bbox 3044 2597 3312 2653; x_wconf 85' lang='lat' dir='ltr'><strong>sobrietas</strong></span> <span class='ocrx_word' id='word_1_389' title='bbox 3337 2613 3441 2653; x_wconf 94' lang='lat' dir='ltr'><strong>non</strong></span> <span class='ocrx_word' id='word_1_390' title='bbox 3482 2599 3730 2653; x_wconf 80' lang='lat' dir='ltr'><strong>excedat.</strong></span> <span class='ocrx_word' id='word_1_391' title='bbox 3765 2597 4155 2657; x_wconf 76' lang='lat' dir='ltr'><strong>Monasterium</strong></span> 
     </span>
    </p>
   </div>
   <div class='ocr_carea' id='block_1_56' title="bbox 2561 2687 4155 2760">
    <p class='ocr_par' dir='ltr' id='par_1_56' title="bbox 2561 2687 4155 2760">
     <span class='ocr_line' id='line_1_56' title="bbox 2561 2687 4155 2760; baseline 0.001 -17"><span class='ocrx_word' id='word_1_392' title='bbox 2561 2689 2744 2758; x_wconf 86' lang='lat' dir='ltr'><strong>itaque</strong></span> <span class='ocrx_word' id='word_1_393' title='bbox 2769 2697 3032 2753; x_wconf 89' lang='lat' dir='ltr'><strong>vestrum,</strong></span> <span class='ocrx_word' id='word_1_394' title='bbox 3063 2687 3427 2753; x_wconf 88' lang='lat' dir='ltr'><strong>dilectissimi,</strong></span> <span class='ocrx_word' id='word_1_395' title='bbox 3465 2688 3685 2759; x_wconf 88' lang='lat' dir='ltr'><strong>quidam</strong></span> <span class='ocrx_word' id='word_1_396' title='bbox 3732 2689 4018 2760; x_wconf 80' lang='lat' dir='ltr'><strong>paradisus</strong></span> <span class='ocrx_word' id='word_1_397' title='bbox 4052 2699 4155 2753; x_wconf 87' lang='lat' dir='ltr'><strong>est,</strong></span> 
     </span>
    </p>
   </div>
   <div class='ocr_carea' id='block_1_57' title="bbox 2533 2775 4160 2848">
    <p class='ocr_par' dir='ltr' id='par_1_57' title="bbox 2533 2775 4160 2848">
     <span class='ocr_line' id='line_1_57' title="bbox 2533 2775 4160 2848; baseline 0.003 -16"><span class='ocrx_word' id='word_1_398' title='bbox 2533 2777 2614 2832; x_wconf 93' lang='lat' dir='ltr'><strong>.in</strong></span> <span class='ocrx_word' id='word_1_399' title='bbox 2640 2791 2748 2846; x_wconf 91' lang='lat' dir='ltr'><strong>quo</strong></span> <span class='ocrx_word' id='word_1_400' title='bbox 2774 2775 3026 2831; x_wconf 90' lang='lat' dir='ltr'><strong>videlicet</strong></span> <span class='ocrx_word' id='word_1_401' title='bbox 3059 2777 3402 2848; x_wconf 89' lang='lat' dir='ltr'><strong>omnipotens</strong></span> <span class='ocrx_word' id='word_1_402' title='bbox 3441 2777 3727 2843; x_wconf 86' lang='lat' dir='ltr'><strong>Conditor,</strong></span> <span class='ocrx_word' id='word_1_403' title='bbox 3756 2780 3886 2833; x_wconf 88' lang='lat' dir='ltr'><strong>dum</strong></span> <span class='ocrx_word' id='word_1_404' title='bbox 3913 2781 4160 2837; x_wconf 87' lang='lat' dir='ltr'><strong>diversos</strong></span> 
     </span>
    </p>
   </div>
   <div class='ocr_carea' id='block_1_58' title="bbox 2560 2867 4157 2942">
    <p class='ocr_par' dir='ltr' id='par_1_58' title="bbox 2560 2867 4157 2942">
     <span class='ocr_line' id='line_1_58' title="bbox 2560 2867 4157 2942; baseline 0.002 -19"><span class='ocrx_word' id='word_1_405' title='bbox 2560 2868 2836 2923; x_wconf 88' lang='lat' dir='ltr'><strong>hominum</strong></span> <span class='ocrx_word' id='word_1_406' title='bbox 2861 2881 3039 2922; x_wconf 88' lang='lat' dir='ltr'><strong>mores</strong></span> <span class='ocrx_word' id='word_1_407' title='bbox 3064 2867 3265 2937; x_wconf 87' lang='lat' dir='ltr'><strong>posuit,</strong></span> <span class='ocrx_word' id='word_1_408' title='bbox 3285 2868 3438 2937; x_wconf 89' lang='lat' dir='ltr'><strong>quasi</strong></span> <span class='ocrx_word' id='word_1_409' title='bbox 3467 2870 3564 2923; x_wconf 82' lang='lat' dir='ltr'><strong>tn’a</strong></span> <span class='ocrx_word' id='word_1_410' title='bbox 3587 2869 3902 2925; x_wconf 90' lang='lat' dir='ltr'><strong>animalium</strong></span> <span class='ocrx_word' id='word_1_411' title='bbox 3933 2886 4157 2942; x_wconf 86' lang='lat' dir='ltr'><strong>genera,</strong></span> 
     </span>
    </p>
   </div>
   <div class='ocr_carea' id='block_1_59' title="bbox 2560 2955 4158 3021">
    <p class='ocr_par' dir='ltr' id='par_1_59' title="bbox 2560 2955 4158 3021">
     <span class='ocr_line' id='line_1_59' title="bbox 2560 2955 4158 3021; baseline 0.003 -10"><span class='ocrx_word' id='word_1_412' title='bbox 2560 2965 2864 3021; x_wconf 89' lang='lat' dir='ltr'><strong>terrenum,</strong></span> <span class='ocrx_word' id='word_1_413' title='bbox 2895 2955 3116 3011; x_wconf 86' lang='lat' dir='ltr'><strong>natatile</strong></span> <span class='ocrx_word' id='word_1_414' title='bbox 3145 2971 3211 3012; x_wconf 90' lang='lat' dir='ltr'><strong>ac</strong></span> <span class='ocrx_word' id='word_1_415' title='bbox 3243 2956 3459 3013; x_wconf 91' lang='lat' dir='ltr'><strong>volatile</strong></span> <span class='ocrx_word' id='word_1_416' title='bbox 3510 2959 3738 3013; x_wconf 83' lang='lat' dir='ltr'><strong>creavit.</strong></span> <span class='ocrx_word' id='word_1_417' title='bbox 3789 2958 3916 3015; x_wconf 65' lang='lat' dir='ltr'><strong>Haec</strong></span> <span class='ocrx_word' id='word_1_418' title='bbox 3953 2969 4038 3016; x_wconf 91' lang='lat' dir='ltr'><strong>est</strong></span> <span class='ocrx_word' id='word_1_419' title='bbox 4068 2961 4158 3016; x_wconf 88' lang='lat' dir='ltr'><strong>illa</strong></span> 
     </span>
    </p>
   </div>
   <div class='ocr_carea' id='block_1_60' title="bbox 2556 3047 4157 3120">
    <p class='ocr_par' dir='ltr' id='par_1_60' title="bbox 2556 3047 4157 3120">
     <span class='ocr_line' id='line_1_60' title="bbox 2556 3047 4157 3120; baseline 0.001 -17"><span class='ocrx_word' id='word_1_420' title='bbox 2556 3055 2715 3103; x_wconf 73' lang='lat' dir='ltr'><strong>vetus</strong></span> <span class='ocrx_word' id='word_1_421' title='bbox 2741 3047 2983 3117; x_wconf 59' lang='lat' dir='ltr'><strong>mystica:</strong></span> <span class='ocrx_word' id='word_1_422' title='bbox 3009 3047 3422 3118; x_wconf 80' lang='lat' dir='ltr'><strong>significationis</strong></span> <span class='ocrx_word' id='word_1_423' title='bbox 3449 3065 3597 3110; x_wconf 89' lang='lat' dir='ltr'><strong>arca,</strong></span> <span class='ocrx_word' id='word_1_424' title='bbox 3629 3051 3680 3103; x_wconf 90' lang='lat' dir='ltr'><strong>in</strong></span> <span class='ocrx_word' id='word_1_425' title='bbox 3709 3066 3812 3120; x_wconf 86' lang='lat' dir='ltr'><strong>qua</strong></span> <span class='ocrx_word' id='word_1_426' title='bbox 3835 3062 4157 3107; x_wconf 89' lang='lat' dir='ltr'><strong>cunctorum</strong></span> 
     </span>
    </p>
   </div>
   <div class='ocr_carea' id='block_1_61' title="bbox 2561 3136 4160 3211">
    <p class='ocr_par' dir='ltr' id='par_1_61' title="bbox 2561 3136 4160 3211">
     <span class='ocr_line' id='line_1_61' title="bbox 2561 3136 4160 3211; baseline 0.006 -22"><span class='ocrx_word' id='word_1_427' title='bbox 2561 3136 2876 3190; x_wconf 80' lang='lat' dir='ltr'><strong>animalium</strong></span> <span class='ocrx_word' id='word_1_428' title='bbox 2915 3137 3123 3206; x_wconf 89' lang='lat' dir='ltr'><strong>species</strong></span> <span class='ocrx_word' id='word_1_429' title='bbox 3156 3138 3525 3194; x_wconf 88' lang='lat' dir='ltr'><strong>includuntur.</strong></span> <span class='ocrx_word' id='word_1_430' title='bbox 3553 3139 3665 3195; x_wconf 92' lang='lat' dir='ltr'><strong>lloc</strong></span> <span class='ocrx_word' id='word_1_431' title='bbox 3695 3150 3778 3195; x_wconf 89' lang='lat' dir='ltr'><strong>est</strong></span> <span class='ocrx_word' id='word_1_432' title='bbox 3800 3141 4034 3211; x_wconf 91' lang='lat' dir='ltr'><strong>denique</strong></span> <span class='ocrx_word' id='word_1_433' title='bbox 4062 3158 4160 3197; x_wconf 84' lang='lat' dir='ltr'><strong>\as</strong></span> 
     </span>
    </p>
   </div>
   <div class='ocr_carea' id='block_1_62' title="bbox 864 3216 4159 3302">
    <p class='ocr_par' dir='ltr' id='par_1_62' title="bbox 864 3216 4159 3302">
     <span class='ocr_line' id='line_1_62' title="bbox 864 3216 4159 3302; baseline 0 -16"><span class='ocrx_word' id='word_1_434' title='bbox 864 3247 1124 3302; x_wconf 89' lang='lat' dir='ltr'><strong>pecorum</strong></span> <span class='ocrx_word' id='word_1_435' title='bbox 1161 3241 1352 3285; x_wconf 88' lang='lat' dir='ltr'><strong>natura</strong></span> <span class='ocrx_word' id='word_1_436' title='bbox 1400 3230 1699 3284; x_wconf 87' lang='lat' dir='ltr'><strong>condiscat.</strong></span> <span class='ocrx_word' id='word_1_437' title='bbox 1730 3228 1888 3292; x_wconf 87' lang='lat' dir='ltr'><strong>Nam,</strong></span> <span class='ocrx_word' id='word_1_438' title='bbox 1929 3233 1988 3280; x_wconf 92' lang='lat' dir='ltr'><strong>ut</strong></span> <span class='ocrx_word' id='word_1_439' title='bbox 2011 3225 2301 3294; x_wconf 82' lang='lat' dir='ltr'><strong>Apostolus</strong></span> <span class='ocrx_word' id='word_1_440' title='bbox 2339 3223 2453 3278; x_wconf 88' lang='lat' dir='ltr'><strong>ait:</strong></span> <span class='ocrx_word' id='word_1_441' title='bbox 2486 3216 2528 3278; x_wconf 93' lang='lat' dir='ltr'><strong>C</strong></span> <span class='ocrx_word' id='word_1_442' title='bbox 2561 3225 2714 3291; x_wconf 92' lang='lat' dir='ltr'><strong>illud,</strong></span> <span class='ocrx_word' id='word_1_443' title='bbox 2737 3225 2889 3296; x_wconf 86' lang='lat' dir='ltr'><strong>quod</strong></span> <span class='ocrx_word' id='word_1_444' title='bbox 2946 3235 3182 3297; x_wconf 90' lang='lat' dir='ltr'><strong>quatuor</strong></span> <span class='ocrx_word' id='word_1_445' title='bbox 3205 3228 3436 3284; x_wconf 87' lang='lat' dir='ltr'><strong>manicis</strong></span> <span class='ocrx_word' id='word_1_446' title='bbox 3471 3231 3717 3286; x_wconf 88' lang='lat' dir='ltr'><strong>submitti</strong></span> <span class='ocrx_word' id='word_1_447' title='bbox 3761 3231 3828 3287; x_wconf 90' lang='lat' dir='ltr'><strong>de</strong></span> <span class='ocrx_word' id='word_1_448' title='bbox 3856 3217 3996 3287; x_wconf 69' lang='lat' dir='ltr'><strong>cmlo</strong></span> <span class='ocrx_word' id='word_1_449' title='bbox 4025 3233 4159 3287; x_wconf 89' lang='lat' dir='ltr'><strong>vidit</strong></span> 
     </span>
    </p>
   </div>
   <div class='ocr_carea' id='block_1_63' title="bbox 867 3317 2454 3388">
    <p class='ocr_par' dir='ltr' id='par_1_63' title="bbox 867 3317 2454 3388">
     <span class='ocr_line' id='line_1_63' title="bbox 867 3317 2454 3388; baseline -0.003 -13"><span class='ocrx_word' id='word_1_450' title='bbox 867 3339 890 3373; x_wconf 76' lang='grc' dir='ltr'>ι</span> <span class='ocrx_word' id='word_1_451' title='bbox 929 3321 1045 3376; x_wconf 82' lang='lat' dir='ltr'><strong>Non</strong></span> <span class='ocrx_word' id='word_1_452' title='bbox 1072 3331 1157 3377; x_wconf 90' lang='lat' dir='ltr'><strong>est</strong></span> <span class='ocrx_word' id='word_1_453' title='bbox 1185 3321 1292 3377; x_wconf 86' lang='lat' dir='ltr'><strong>Deo</strong></span> <span class='ocrx_word' id='word_1_454' title='bbox 1320 3337 1448 3376; x_wconf 90' lang='lat' dir='ltr'><strong>cura</strong></span> <span class='ocrx_word' id='word_1_455' title='bbox 1476 3321 1542 3376; x_wconf 90' lang='lat' dir='ltr'><strong>de</strong></span> <span class='ocrx_word' id='word_1_456' title='bbox 1565 3321 1738 3374; x_wconf 88' lang='lat' dir='ltr'><strong>bobus</strong></span> <span class='ocrx_word' id='word_1_457' title='bbox 1762 3318 1814 3388; x_wconf 86' lang='grc' dir='ltr'><strong>(Ι</strong></span> <span class='ocrx_word' id='word_1_458' title='bbox 1859 3317 1984 3372; x_wconf 89' lang='lat' dir='ltr'><strong>Cor.</strong></span> <span class='ocrx_word' id='word_1_459' title='bbox 2012 3317 2123 3386; x_wconf 78' lang='lat' dir='ltr'><strong>ix);</strong></span> <span class='ocrx_word' id='word_1_460' title='bbox 2157 3336 2175 3368; x_wconf 71' lang='grc' dir='ltr'>ι</span> <span class='ocrx_word' id='word_1_461' title='bbox 2205 3317 2300 3371; x_wconf 89' lang='lat' dir='ltr'><strong>sed</strong></span> <span class='ocrx_word' id='word_1_462' title='bbox 2327 3317 2454 3370; x_wconf 87' lang='lat' dir='ltr'><strong>dum</strong></span> 
     </span>
    </p>
   </div>
   <div class='ocr_carea' id='block_1_64' title="bbox 863 3407 2451 3479">
    <p class='ocr_par' dir='ltr' id='par_1_64' title="bbox 863 3407 2451 3479">
     <span class='ocr_line' id='line_1_64' title="bbox 863 3407 2451 3479; baseline -0.004 -14"><span class='ocrx_word' id='word_1_463' title='bbox 863 3410 919 3465; x_wconf 87' lang='lat' dir='ltr'><strong>in</strong></span> <span class='ocrx_word' id='word_1_464' title='bbox 968 3413 1148 3468; x_wconf 87' lang='lat' dir='ltr'><strong>brutis</strong></span> <span class='ocrx_word' id='word_1_465' title='bbox 1198 3411 1522 3465; x_wconf 89' lang='lat' dir='ltr'><strong>animalibus</strong></span> <span class='ocrx_word' id='word_1_466' title='bbox 1575 3409 1776 3479; x_wconf 86' lang='lat' dir='ltr'><strong>aliquid</strong></span> <span class='ocrx_word' id='word_1_467' title='bbox 1826 3408 2035 3477; x_wconf 80' lang='lat' dir='ltr'><strong>insigne</strong></span> <span class='ocrx_word' id='word_1_468' title='bbox 2083 3407 2451 3476; x_wconf 90' lang='lat' dir='ltr'><strong>conspicitur,</strong></span> 
     </span>
    </p>
   </div>
   <div class='ocr_carea' id='block_1_65' title="bbox 862 3496 2456 3571">
    <p class='ocr_par' dir='ltr' id='par_1_65' title="bbox 862 3496 2456 3571">
     <span class='ocr_line' id='line_1_65' title="bbox 862 3496 2456 3571; baseline -0.001 -18"><span class='ocrx_word' id='word_1_469' title='bbox 862 3498 1023 3554; x_wconf 90' lang='lat' dir='ltr'><strong>homo</strong></span> <span class='ocrx_word' id='word_1_470' title='bbox 1051 3502 1324 3571; x_wconf 89' lang='lat' dir='ltr'><strong>protinus,</strong></span> <span class='ocrx_word' id='word_1_471' title='bbox 1359 3509 1417 3555; x_wconf 91' lang='lat' dir='ltr'><strong>ut</strong></span> <span class='ocrx_word' id='word_1_472' title='bbox 1442 3498 1700 3570; x_wconf 89' lang='lat' dir='ltr'><strong>quidquid</strong></span> <span class='ocrx_word' id='word_1_473' title='bbox 1727 3498 1853 3553; x_wconf 91' lang='lat' dir='ltr'><strong>illud</strong></span> <span class='ocrx_word' id='word_1_474' title='bbox 1879 3506 1962 3553; x_wconf 91' lang='lat' dir='ltr'><strong>est</strong></span> <span class='ocrx_word' id='word_1_475' title='bbox 2007 3497 2072 3551; x_wconf 89' lang='lat' dir='ltr'><strong>ad</strong></span> <span class='ocrx_word' id='word_1_476' title='bbox 2095 3496 2176 3551; x_wconf 93' lang='lat' dir='ltr'><strong>sui</strong></span> <span class='ocrx_word' id='word_1_477' title='bbox 2211 3496 2456 3551; x_wconf 87' lang='lat' dir='ltr'><strong>conside-</strong></span> 
     </span>
    </p>
   </div>
   <div class='ocr_carea' id='block_1_66' title="bbox 865 3589 1859 3660">
    <p class='ocr_par' dir='ltr' id='par_1_66' title="bbox 865 3589 1859 3660">
     <span class='ocr_line' id='line_1_66' title="bbox 865 3589 1859 3660; baseline -0.001 -18"><span class='ocrx_word' id='word_1_478' title='bbox 865 3589 1132 3647; x_wconf 56' lang='lat' dir='ltr'><strong>ntionem</strong></span> <span class='ocrx_word' id='word_1_479' title='bbox 1161 3599 1495 3660; x_wconf 89' lang='lat' dir='ltr'><strong>retorqueat,</strong></span> <span class='ocrx_word' id='word_1_480' title='bbox 1517 3591 1859 3644; x_wconf 91' lang='lat' dir='ltr'><strong>admonetur.</strong></span> 
     </span>
    </p>
   </div>
   <div class='ocr_carea' id='block_1_67' title="bbox 1432 3680 1890 3738">
    <p class='ocr_par' dir='ltr' id='par_1_67' title="bbox 1432 3680 1890 3738">
     <span class='ocr_line' id='line_1_67' title="bbox 1432 3680 1890 3738; baseline -0.011 0"><span class='ocrx_word' id='word_1_481' title='bbox 1432 3680 1662 3738; x_wconf 85' lang='lat' dir='ltr'><strong>CAPUT</strong></span> <span class='ocrx_word' id='word_1_482' title='bbox 1701 3681 1890 3736; x_wconf 76' lang='lat' dir='ltr'><strong>XXVI.</strong></span> 
     </span>
    </p>
   </div>
   <div class='ocr_carea' id='block_1_68' title="bbox 1439 3777 1873 3847">
    <p class='ocr_par' dir='ltr' id='par_1_68' title="bbox 1439 3777 1873 3847">
     <span class='ocr_line' id='line_1_68' title="bbox 1439 3777 1873 3847; baseline -0.002 -16"><span class='ocrx_word' id='word_1_483' title='bbox 1439 3777 1516 3831; x_wconf 84' lang='lat' dir='ltr'><strong>De</strong></span> <span class='ocrx_word' id='word_1_484' title='bbox 1541 3777 1664 3847; x_wconf 75' lang='lat' dir='ltr'><strong>lupo</strong></span> <span class='ocrx_word' id='word_1_485' title='bbox 1686 3786 1733 3831; x_wconf 80' lang='lat' dir='ltr'><strong>et</strong></span> <span class='ocrx_word' id='word_1_486' title='bbox 1763 3792 1873 3831; x_wconf 86' lang='lat' dir='ltr'><strong>ove.</strong></span> 
     </span>
    </p>
   </div>
   <div class='ocr_carea' id='block_1_69' title="bbox 927 3866 2456 3939">
    <p class='ocr_par' dir='ltr' id='par_1_69' title="bbox 927 3866 2456 3939">
     <span class='ocr_line' id='line_1_69' title="bbox 927 3866 2456 3939; baseline -0.001 -15"><span class='ocrx_word' id='word_1_487' title='bbox 927 3866 1074 3935; x_wconf 80' lang='lat' dir='ltr'><strong>Quid</strong></span> <span class='ocrx_word' id='word_1_488' title='bbox 1101 3877 1188 3925; x_wconf 91' lang='lat' dir='ltr'><strong>est</strong></span> <span class='ocrx_word' id='word_1_489' title='bbox 1205 3868 1350 3924; x_wconf 89' lang='lat' dir='ltr'><strong>enim</strong></span> <span class='ocrx_word' id='word_1_490' title='bbox 1381 3868 1525 3939; x_wconf 89' lang='lat' dir='ltr'><strong>quod</strong></span> <span class='ocrx_word' id='word_1_491' title='bbox 1553 3869 1732 3938; x_wconf 89' lang='lat' dir='ltr'><strong>lupus,</strong></span> <span class='ocrx_word' id='word_1_492' title='bbox 1763 3868 1805 3923; x_wconf 90' lang='lat' dir='ltr'><strong>si</strong></span> <span class='ocrx_word' id='word_1_493' title='bbox 1839 3877 1930 3922; x_wconf 93' lang='lat' dir='ltr'><strong>tuo</strong></span> <span class='ocrx_word' id='word_1_494' title='bbox 1958 3866 2120 3923; x_wconf 92' lang='lat' dir='ltr'><strong>fuerit</strong></span> <span class='ocrx_word' id='word_1_495' title='bbox 2147 3874 2456 3938; x_wconf 86' lang='lat' dir='ltr'><strong>praeventus</strong></span> 
     </span>
    </p>
   </div>
   <div class='ocr_carea' id='block_1_70' title="bbox 857 3957 2452 4029">
    <p class='ocr_par' dir='ltr' id='par_1_70' title="bbox 857 3957 2452 4029">
     <span class='ocr_line' id='line_1_70' title="bbox 857 3957 2452 4029; baseline 0 -16"><span class='ocrx_word' id='word_1_496' title='bbox 857 3969 1106 4029; x_wconf 82' lang='lat' dir='ltr'><strong>aspectu,</strong></span> <span class='ocrx_word' id='word_1_497' title='bbox 1152 3974 1260 4015; x_wconf 90' lang='lat' dir='ltr'><strong>non</strong></span> <span class='ocrx_word' id='word_1_498' title='bbox 1299 3958 1444 4013; x_wconf 89' lang='lat' dir='ltr'><strong>valet</strong></span> <span class='ocrx_word' id='word_1_499' title='bbox 1489 3957 1754 4029; x_wconf 80' lang='lat' dir='ltr'><strong>effugere;</strong></span> <span class='ocrx_word' id='word_1_500' title='bbox 1804 3959 1850 4028; x_wconf 87' lang='lat' dir='ltr'><strong>si</strong></span> <span class='ocrx_word' id='word_1_501' title='bbox 1893 3967 1945 4012; x_wconf 92' lang='lat' dir='ltr'><strong>te</strong></span> <span class='ocrx_word' id='word_1_502' title='bbox 1989 3957 2077 4012; x_wconf 91' lang='lat' dir='ltr'><strong>ille</strong></span> <span class='ocrx_word' id='word_1_503' title='bbox 2107 3957 2452 4027; x_wconf 85' lang='lat' dir='ltr'><strong>praevenerit,</strong></span> 
     </span>
    </p>
   </div>
   <div class='ocr_carea' id='block_1_71' title="bbox 859 4046 2454 4116">
    <p class='ocr_par' dir='ltr' id='par_1_71' title="bbox 859 4046 2454 4116">
     <span class='ocr_line' id='line_1_71' title="bbox 859 4046 2454 4116; baseline 0.002 -18"><span class='ocrx_word' id='word_1_504' title='bbox 859 4059 1045 4101; x_wconf 89' lang='lat' dir='ltr'><strong>vocem</strong></span> <span class='ocrx_word' id='word_1_505' title='bbox 1099 4047 1198 4102; x_wconf 89' lang='lat' dir='ltr'><strong>tibi</strong></span> <span class='ocrx_word' id='word_1_506' title='bbox 1253 4047 1514 4116; x_wconf 88' lang='lat' dir='ltr'><strong>probatur</strong></span> <span class='ocrx_word' id='word_1_507' title='bbox 1565 4046 1826 4101; x_wconf 87' lang='lat' dir='ltr'><strong>auferre?</strong></span> <span class='ocrx_word' id='word_1_508' title='bbox 1885 4047 1952 4101; x_wconf 89' lang='lat' dir='ltr'><strong>Et</strong></span> <span class='ocrx_word' id='word_1_509' title='bbox 1990 4055 2050 4106; x_wconf 86' lang='lat' dir='ltr'><strong>ut</strong></span> <span class='ocrx_word' id='word_1_510' title='bbox 2103 4047 2277 4116; x_wconf 88' lang='lat' dir='ltr'><strong>magis</strong></span> <span class='ocrx_word' id='word_1_511' title='bbox 2333 4055 2454 4102; x_wconf 86' lang='lat' dir='ltr'><strong>stu-</strong></span> 
     </span>
    </p>
   </div>
   <div class='ocr_carea' id='block_1_72' title="bbox 855 4135 2456 4208">
    <p class='ocr_par' dir='ltr' id='par_1_72' title="bbox 855 4135 2456 4208">
     <span class='ocr_line' id='line_1_72' title="bbox 855 4135 2456 4208; baseline 0 -18"><span class='ocrx_word' id='word_1_512' title='bbox 855 4148 1006 4204; x_wconf 82' lang='lat' dir='ltr'><strong>peas,</strong></span> <span class='ocrx_word' id='word_1_513' title='bbox 1060 4136 1106 4191; x_wconf 90' lang='lat' dir='ltr'><strong>si</strong></span> <span class='ocrx_word' id='word_1_514' title='bbox 1155 4135 1516 4208; x_wconf 85' lang='lat' dir='ltr'><strong>obmutueris,</strong></span> <span class='ocrx_word' id='word_1_515' title='bbox 1565 4144 1712 4190; x_wconf 91' lang='lat' dir='ltr'><strong>tuum</strong></span> <span class='ocrx_word' id='word_1_516' title='bbox 1754 4135 1919 4191; x_wconf 88' lang='lat' dir='ltr'><strong>solvis</strong></span> <span class='ocrx_word' id='word_1_517' title='bbox 1961 4137 2244 4203; x_wconf 86' lang='lat' dir='ltr'><strong>amictum,</strong></span> <span class='ocrx_word' id='word_1_518' title='bbox 2295 4145 2351 4192; x_wconf 89' lang='lat' dir='ltr'><strong>et</strong></span> <span class='ocrx_word' id='word_1_519' title='bbox 2394 4137 2456 4191; x_wconf 83' lang='lat' dir='ltr'><strong>il-</strong></span> 
     </span>
    </p>
   </div>
   <div class='ocr_carea' id='block_1_73' title="bbox 855 4220 2454 4294">
    <p class='ocr_par' dir='ltr' id='par_1_73' title="bbox 855 4220 2454 4294">
     <span class='ocr_line' id='line_1_73' title="bbox 855 4220 2454 4294; baseline 0.004 -19"><span class='ocrx_word' id='word_1_520' title='bbox 855 4220 960 4277; x_wconf 91' lang='lat' dir='ltr'><strong>lico</strong></span> <span class='ocrx_word' id='word_1_521' title='bbox 1017 4239 1312 4292; x_wconf 89' lang='lat' dir='ltr'><strong>recuperas</strong></span> <span class='ocrx_word' id='word_1_522' title='bbox 1351 4225 1595 4279; x_wconf 89' lang='lat' dir='ltr'><strong>verbum.</strong></span> <span class='ocrx_word' id='word_1_523' title='bbox 1634 4224 1787 4292; x_wconf 79' lang='lat' dir='ltr'><strong>Quod</strong></span> <span class='ocrx_word' id='word_1_524' title='bbox 1829 4225 1874 4279; x_wconf 91' lang='lat' dir='ltr'><strong>si</strong></span> <span class='ocrx_word' id='word_1_525' title='bbox 1917 4225 2073 4294; x_wconf 90' lang='lat' dir='ltr'><strong>lupus</strong></span> <span class='ocrx_word' id='word_1_526' title='bbox 2112 4227 2165 4281; x_wconf 93' lang='lat' dir='ltr'><strong>in</strong></span> <span class='ocrx_word' id='word_1_527' title='bbox 2218 4235 2270 4284; x_wconf 91' lang='lat' dir='ltr'><strong>te</strong></span> <span class='ocrx_word' id='word_1_528' title='bbox 2314 4225 2454 4281; x_wconf 88' lang='lat' dir='ltr'><strong>forte</strong></span> 
     </span>
    </p>
   </div>
   <div class='ocr_carea' id='block_1_74' title="bbox 855 4312 2448 4386">
    <p class='ocr_par' dir='ltr' id='par_1_74' title="bbox 855 4312 2448 4386">
     <span class='ocr_line' id='line_1_74' title="bbox 855 4312 2448 4386; baseline 0.003 -21"><span class='ocrx_word' id='word_1_529' title='bbox 855 4312 1174 4380; x_wconf 73' lang='lat' dir='ltr'><strong>repentinus</strong></span> <span class='ocrx_word' id='word_1_530' title='bbox 1197 4312 1445 4383; x_wconf 88' lang='lat' dir='ltr'><strong>insurgit,</strong></span> <span class='ocrx_word' id='word_1_531' title='bbox 1476 4313 1656 4382; x_wconf 91' lang='lat' dir='ltr'><strong>arripe</strong></span> <span class='ocrx_word' id='word_1_532' title='bbox 1680 4321 1908 4382; x_wconf 87' lang='lat' dir='ltr'><strong>petram,</strong></span> <span class='ocrx_word' id='word_1_533' title='bbox 1935 4323 1990 4368; x_wconf 92' lang='lat' dir='ltr'><strong>et</strong></span> <span class='ocrx_word' id='word_1_534' title='bbox 2024 4315 2274 4383; x_wconf 86' lang='lat' dir='ltr'><strong>protinus</strong></span> <span class='ocrx_word' id='word_1_535' title='bbox 2295 4313 2448 4386; x_wconf 84' lang='lat' dir='ltr'><strong>fugit.</strong></span> 
     </span>
    </p>
   </div>
   <div class='ocr_carea' id='block_1_75' title="bbox 854 4398 2450 4475">
    <p class='ocr_par' dir='ltr' id='par_1_75' title="bbox 854 4398 2450 4475">
     <span class='ocr_line' id='line_1_75' title="bbox 854 4398 2450 4475; baseline 0.003 -22"><span class='ocrx_word' id='word_1_536' title='bbox 854 4398 984 4466; x_wconf 74' lang='lat' dir='ltr'><strong>Qua:</strong></span> <span class='ocrx_word' id='word_1_537' title='bbox 1036 4411 1222 4457; x_wconf 90' lang='lat' dir='ltr'><strong>autem</strong></span> <span class='ocrx_word' id='word_1_538' title='bbox 1271 4410 1354 4456; x_wconf 91' lang='lat' dir='ltr'><strong>est</strong></span> <span class='ocrx_word' id='word_1_539' title='bbox 1408 4414 1592 4472; x_wconf 89' lang='lat' dir='ltr'><strong>petra,</strong></span> <span class='ocrx_word' id='word_1_540' title='bbox 1640 4401 1743 4456; x_wconf 90' lang='lat' dir='ltr'><strong>nisi</strong></span> <span class='ocrx_word' id='word_1_541' title='bbox 1783 4400 2074 4457; x_wconf 82' lang='lat' dir='ltr'><strong>Christus?</strong></span> <span class='ocrx_word' id='word_1_542' title='bbox 2116 4401 2167 4473; x_wconf 94' lang='grc'><strong>(1</strong></span> <span class='ocrx_word' id='word_1_543' title='bbox 2214 4402 2335 4457; x_wconf 85' lang='lat' dir='ltr'><strong>Cor.</strong></span> <span class='ocrx_word' id='word_1_544' title='bbox 2395 4403 2450 4475; x_wconf 90' lang='lat' dir='ltr'><strong>x)</strong></span> 
     </span>
    </p>
   </div>
   <div class='ocr_carea' id='block_1_76' title="bbox 854 4490 2448 4561">
    <p class='ocr_par' dir='ltr' id='par_1_76' title="bbox 854 4490 2448 4561">
     <span class='ocr_line' id='line_1_76' title="bbox 854 4490 2448 4561; baseline 0.002 -19"><span class='ocrx_word' id='word_1_545' title='bbox 854 4501 1012 4558; x_wconf 90' lang='lat' dir='ltr'><strong>quem</strong></span> <span class='ocrx_word' id='word_1_546' title='bbox 1042 4490 1305 4559; x_wconf 91' lang='lat' dir='ltr'><strong>profecto,</strong></span> <span class='ocrx_word' id='word_1_547' title='bbox 1341 4490 1407 4555; x_wconf 84' lang='lat' dir='ltr'><strong>si,</strong></span> <span class='ocrx_word' id='word_1_548' title='bbox 1432 4490 1571 4545; x_wconf 90' lang='lat' dir='ltr'><strong>sicut</strong></span> <span class='ocrx_word' id='word_1_549' title='bbox 1608 4491 1827 4561; x_wconf 89' lang='lat' dir='ltr'><strong>dignum</strong></span> <span class='ocrx_word' id='word_1_550' title='bbox 1870 4499 1974 4557; x_wconf 92' lang='lat' dir='ltr'><strong>est,</strong></span> <span class='ocrx_word' id='word_1_551' title='bbox 2019 4492 2237 4560; x_wconf 90' lang='lat' dir='ltr'><strong>arripis,</strong></span> <span class='ocrx_word' id='word_1_552' title='bbox 2264 4491 2448 4561; x_wconf 90' lang='lat' dir='ltr'><strong>lupum</strong></span> 
     </span>
    </p>
   </div>
   <div class='ocr_carea' id='block_1_77' title="bbox 853 4577 2450 4652">
    <p class='ocr_par' dir='ltr' id='par_1_77' title="bbox 853 4577 2450 4652">
     <span class='ocr_line' id='line_1_77' title="bbox 853 4577 2450 4652; baseline 0.006 -24"><span class='ocrx_word' id='word_1_553' title='bbox 853 4577 1416 4649; x_wconf 67' lang='lat' dir='ltr'><strong>spiritalis-nequitiae,</strong></span> <span class='ocrx_word' id='word_1_554' title='bbox 1434 4581 1525 4652; x_wconf 93' lang='lat' dir='ltr'><strong>qui</strong></span> <span class='ocrx_word' id='word_1_555' title='bbox 1553 4589 1604 4634; x_wconf 92' lang='lat' dir='ltr'><strong>te</strong></span> <span class='ocrx_word' id='word_1_556' title='bbox 1624 4580 1984 4650; x_wconf 88' lang='lat' dir='ltr'><strong>persequitur,</strong></span> <span class='ocrx_word' id='word_1_557' title='bbox 1999 4579 2264 4650; x_wconf 83' lang='lat' dir='ltr'><strong>eifugabis</strong></span> <span class='ocrx_word' id='word_1_558' title='bbox 2281 4599 2295 4647; x_wconf 87' lang='lat'><strong>;</strong></span> <span class='ocrx_word' id='word_1_559' title='bbox 2315 4593 2369 4638; x_wconf 90' lang='lat' dir='ltr'><strong>et</strong></span> <span class='ocrx_word' id='word_1_560' title='bbox 2390 4592 2450 4638; x_wconf 90' lang='lat' dir='ltr'><strong>ut</strong></span> 
     </span>
    </p>
   </div>
   <div class='ocr_carea' id='block_1_78' title="bbox 851 4664 2445 4738">
    <p class='ocr_par' dir='ltr' id='par_1_78' title="bbox 851 4664 2445 4738">
     <span class='ocr_line' id='line_1_78' title="bbox 851 4664 2445 4738; baseline 0.003 -16"><span class='ocrx_word' id='word_1_561' title='bbox 851 4664 1014 4738; x_wconf 76' lang='grc'><strong>825</strong></span> <span class='ocrx_word' id='word_1_562' title='bbox 1063 4669 1194 4723; x_wconf 90' lang='lat' dir='ltr'><strong>hinc</strong></span> <span class='ocrx_word' id='word_1_563' title='bbox 1234 4670 1610 4726; x_wconf 83' lang='lat' dir='ltr'><strong>incunctanter</strong></span> <span class='ocrx_word' id='word_1_564' title='bbox 1650 4669 1946 4738; x_wconf 83' lang='lat' dir='ltr'><strong>expediar,</strong></span> <span class='ocrx_word' id='word_1_565' title='bbox 1993 4670 2140 4724; x_wconf 87' lang='lat' dir='ltr'><strong>solve</strong></span> <span class='ocrx_word' id='word_1_566' title='bbox 2189 4672 2445 4726; x_wconf 89' lang='lat' dir='ltr'><strong>amictum</strong></span> 
     </span>
    </p>
   </div>
   <div class='ocr_carea' id='block_1_79' title="bbox 853 4758 2447 4831">
    <p class='ocr_par' dir='ltr' id='par_1_79' title="bbox 853 4758 2447 4831">
     <span class='ocr_line' id='line_1_79' title="bbox 853 4758 2447 4831; baseline 0.007 -24"><span class='ocrx_word' id='word_1_567' title='bbox 853 4763 1000 4811; x_wconf 91' lang='lat' dir='ltr'><strong>tuum</strong></span> <span class='ocrx_word' id='word_1_568' title='bbox 1033 4772 1133 4827; x_wconf 90' lang='lat' dir='ltr'><strong>per</strong></span> <span class='ocrx_word' id='word_1_569' title='bbox 1162 4758 1583 4823; x_wconf 88' lang='lat' dir='ltr'><strong>confessionem,</strong></span> <span class='ocrx_word' id='word_1_570' title='bbox 1613 4768 1672 4813; x_wconf 91' lang='lat' dir='ltr'><strong>ut</strong></span> <span class='ocrx_word' id='word_1_571' title='bbox 1700 4775 1805 4813; x_wconf 87' lang='lat' dir='ltr'><strong>non</strong></span> <span class='ocrx_word' id='word_1_572' title='bbox 1837 4767 2037 4822; x_wconf 91' lang='lat' dir='ltr'><strong>mutus,</strong></span> <span class='ocrx_word' id='word_1_573' title='bbox 2070 4761 2163 4815; x_wconf 87' lang='lat' dir='ltr'><strong>sed</strong></span> <span class='ocrx_word' id='word_1_574' title='bbox 2190 4761 2447 4831; x_wconf 89' lang='lat' dir='ltr'><strong>eloquens</strong></span> 
     </span>
    </p>
   </div>
   <div class='ocr_carea' id='block_1_80' title="bbox 852 4853 2446 4926">
    <p class='ocr_par' dir='ltr' id='par_1_80' title="bbox 852 4853 2446 4926">
     <span class='ocr_line' id='line_1_80' title="bbox 852 4853 2446 4926; baseline 0.004 -21"><span class='ocrx_word' id='word_1_575' title='bbox 852 4853 1096 4909; x_wconf 62' lang='lat' dir='ltr'><strong>serenda:</strong></span> <span class='ocrx_word' id='word_1_576' title='bbox 1117 4855 1523 4924; x_wconf 62' lang='lat' dir='ltr'><strong>praedicationis</strong></span> <span class='ocrx_word' id='word_1_577' title='bbox 1561 4856 1763 4910; x_wconf 89' lang='lat' dir='ltr'><strong>habeas</strong></span> <span class='ocrx_word' id='word_1_578' title='bbox 1799 4855 2123 4919; x_wconf 89' lang='lat' dir='ltr'><strong>libertatem,</strong></span> <span class='ocrx_word' id='word_1_579' title='bbox 2164 4855 2446 4926; x_wconf 86' lang='lat' dir='ltr'><strong>Scriptura</strong></span> 
     </span>
    </p>
   </div>
   <div class='ocr_carea' id='block_1_81' title="bbox 852 4945 2445 5014">
    <p class='ocr_par' dir='ltr' id='par_1_81' title="bbox 852 4945 2445 5014">
     <span class='ocr_line' id='line_1_81' title="bbox 852 4945 2445 5014; baseline 0.005 -21"><span class='ocrx_word' id='word_1_580' title='bbox 852 4951 1084 4998; x_wconf 78' lang='lat' dir='ltr'><strong>testante</strong></span> <span class='ocrx_word' id='word_1_581' title='bbox 1115 4963 1138 4999; x_wconf 83' lang='lat'><strong>:~</strong></span> <span class='ocrx_word' id='word_1_582' title='bbox 1196 4946 1351 5009; x_wconf 63' lang='lat' dir='ltr'><strong>tch</strong></span> <span class='ocrx_word' id='word_1_583' title='bbox 1391 4956 1445 5002; x_wconf 89' lang='lat' dir='ltr'><strong>tu</strong></span> <span class='ocrx_word' id='word_1_584' title='bbox 1492 4945 1804 5014; x_wconf 82' lang='lat' dir='ltr'><strong>iniquitates</strong></span> <span class='ocrx_word' id='word_1_585' title='bbox 1852 4954 1994 5005; x_wconf 84' lang='lat' dir='ltr'><strong>tuas,</strong></span> <span class='ocrx_word' id='word_1_586' title='bbox 2026 4955 2084 4998; x_wconf 89' lang='lat' dir='ltr'><strong>ut</strong></span> <span class='ocrx_word' id='word_1_587' title='bbox 2127 4945 2445 5014; x_wconf 84' lang='lat' dir='ltr'><strong>justificcris</strong></span> 
     </span>
    </p>
   </div>
   <div class='ocr_carea' id='block_1_82' title="bbox 851 5027 2444 5102">
    <p class='ocr_par' dir='ltr' id='par_1_82' title="bbox 851 5027 2444 5102">
     <span class='ocr_line' id='line_1_82' title="bbox 851 5027 2444 5102; baseline 0.006 -22"><span class='ocrx_word' id='word_1_588' title='bbox 851 5027 983 5097; x_wconf 79' lang='lat' dir='ltr'><strong>(Isa.</strong></span> <span class='ocrx_word' id='word_1_589' title='bbox 1025 5033 1204 5102; x_wconf 69' lang='lat' dir='ltr'><strong>xuii).</strong></span> <span class='ocrx_word' id='word_1_590' title='bbox 1247 5051 1265 5083; x_wconf 83' lang='grc'>›</span> <span class='ocrx_word' id='word_1_591' title='bbox 1298 5033 1451 5099; x_wconf 85' lang='lat' dir='ltr'><strong>Quis,</strong></span> <span class='ocrx_word' id='word_1_592' title='bbox 1489 5048 1694 5102; x_wconf 67' lang='lat' dir='ltr'><strong>qutcso,</strong></span> <span class='ocrx_word' id='word_1_593' title='bbox 1728 5032 1910 5086; x_wconf 89' lang='lat' dir='ltr'><strong>docuit</strong></span> <span class='ocrx_word' id='word_1_594' title='bbox 1954 5047 2131 5094; x_wconf 87' lang='lat' dir='ltr'><strong>ovem,</strong></span> <span class='ocrx_word' id='word_1_595' title='bbox 2161 5043 2220 5088; x_wconf 93' lang='lat' dir='ltr'><strong>ut</strong></span> <span class='ocrx_word' id='word_1_596' title='bbox 2248 5034 2444 5089; x_wconf 86' lang='lat' dir='ltr'><strong>hiemis</strong></span> 
     </span>
    </p>
   </div>
   <div class='ocr_carea' id='block_1_83' title="bbox 851 5117 2442 5192">
    <p class='ocr_par' dir='ltr' id='par_1_83' title="bbox 851 5117 2442 5192">
     <span class='ocr_line' id='line_1_83' title="bbox 851 5117 2442 5192; baseline 0.006 -21"><span class='ocrx_word' id='word_1_597' title='bbox 851 5117 1086 5188; x_wconf 84' lang='lat' dir='ltr'><strong>inopiam</strong></span> <span class='ocrx_word' id='word_1_598' title='bbox 1120 5122 1328 5188; x_wconf 88' lang='lat' dir='ltr'><strong>timeat,</strong></span> <span class='ocrx_word' id='word_1_599' title='bbox 1359 5131 1524 5192; x_wconf 89' lang='lat' dir='ltr'><strong>atque</strong></span> <span class='ocrx_word' id='word_1_600' title='bbox 1550 5123 1674 5178; x_wconf 87' lang='lat' dir='ltr'><strong>ideo</strong></span> <span class='ocrx_word' id='word_1_601' title='bbox 1702 5123 1850 5178; x_wconf 86' lang='lat' dir='ltr'><strong>velut</strong></span> <span class='ocrx_word' id='word_1_602' title='bbox 1877 5124 2200 5179; x_wconf 88' lang='lat' dir='ltr'><strong>insatiabilis</strong></span> <span class='ocrx_word' id='word_1_603' title='bbox 2229 5134 2442 5180; x_wconf 81' lang='lat' dir='ltr'><strong>autum-</strong></span> 
     </span>
    </p>
   </div>
   <div class='ocr_carea' id='block_1_84' title="bbox 851 5211 2442 5288">
    <p class='ocr_par' dir='ltr' id='par_1_84' title="bbox 851 5211 2442 5288">
     <span class='ocr_line' id='line_1_84' title="bbox 851 5211 2442 5288; baseline 0.006 -25"><span class='ocrx_word' id='word_1_604' title='bbox 851 5211 954 5264; x_wconf 82' lang='lat' dir='ltr'><strong>nali</strong></span> <span class='ocrx_word' id='word_1_605' title='bbox 988 5218 1239 5282; x_wconf 73' lang='lat' dir='ltr'><strong>tempore</strong></span> <span class='ocrx_word' id='word_1_606' title='bbox 1288 5215 1488 5270; x_wconf 88' lang='lat' dir='ltr'><strong>herbas</strong></span> <span class='ocrx_word' id='word_1_607' title='bbox 1513 5214 1912 5284; x_wconf 81' lang='lat' dir='ltr'><strong>inexplebiliter</strong></span> <span class='ocrx_word' id='word_1_608' title='bbox 1943 5216 2177 5288; x_wconf 85' lang='lat' dir='ltr'><strong>carpat?</strong></span> <span class='ocrx_word' id='word_1_609' title='bbox 2220 5218 2442 5272; x_wconf 82' lang='lat' dir='ltr'><strong>Avidius</strong></span> 
     </span>
    </p>
   </div>
   <div class='ocr_carea' id='block_1_85' title="bbox 851 5300 2434 5374">
    <p class='ocr_par' dir='ltr' id='par_1_85' title="bbox 851 5300 2434 5374">
     <span class='ocr_line' id='line_1_85' title="bbox 851 5300 2434 5374; baseline 0.006 -25"><span class='ocrx_word' id='word_1_610' title='bbox 851 5300 990 5352; x_wconf 87' lang='lat' dir='ltr'><strong>enim</strong></span> <span class='ocrx_word' id='word_1_611' title='bbox 1014 5300 1177 5356; x_wconf 89' lang='lat' dir='ltr'><strong>solito</strong></span> <span class='ocrx_word' id='word_1_612' title='bbox 1201 5310 1330 5355; x_wconf 91' lang='lat' dir='ltr'><strong>tunc</strong></span> <span class='ocrx_word' id='word_1_613' title='bbox 1355 5302 1608 5371; x_wconf 90' lang='lat' dir='ltr'><strong>pabulum</strong></span> <span class='ocrx_word' id='word_1_614' title='bbox 1645 5303 1810 5372; x_wconf 87' lang='lat' dir='ltr'><strong>rapit,</strong></span> <span class='ocrx_word' id='word_1_615' title='bbox 1837 5304 2170 5374; x_wconf 88' lang='lat' dir='ltr'><strong>herbamque</strong></span> <span class='ocrx_word' id='word_1_616' title='bbox 2203 5321 2308 5360; x_wconf 93' lang='lat' dir='ltr'><strong>non</strong></span> <span class='ocrx_word' id='word_1_617' title='bbox 2339 5323 2434 5360; x_wconf 81' lang='lat' dir='ltr'><strong>ne-</strong></span> 
     </span>
    </p>
   </div>
   <div class='ocr_carea' id='block_1_86' title="bbox 850 5387 2441 5461">
    <p class='ocr_par' dir='ltr' id='par_1_86' title="bbox 850 5387 2441 5461">
     <span class='ocr_line' id='line_1_86' title="bbox 850 5387 2441 5461; baseline 0.006 -19"><span class='ocrx_word' id='word_1_618' title='bbox 850 5387 1026 5444; x_wconf 79' lang='lat' dir='ltr'><strong>sciens</strong></span> <span class='ocrx_word' id='word_1_619' title='bbox 1056 5391 1392 5457; x_wconf 84' lang='lat' dir='ltr'><strong>defuturam,</strong></span> <span class='ocrx_word' id='word_1_620' title='bbox 1421 5407 1558 5457; x_wconf 85' lang='lat' dir='ltr'><strong>sese,</strong></span> <span class='ocrx_word' id='word_1_621' title='bbox 1591 5394 1716 5448; x_wconf 91' lang='lat' dir='ltr'><strong>dum</strong></span> <span class='ocrx_word' id='word_1_622' title='bbox 1745 5394 1891 5460; x_wconf 89' lang='lat' dir='ltr'><strong>licet,</strong></span> <span class='ocrx_word' id='word_1_623' title='bbox 1925 5397 2148 5450; x_wconf 89' lang='lat' dir='ltr'><strong>uberius</strong></span> <span class='ocrx_word' id='word_1_624' title='bbox 2174 5396 2357 5461; x_wconf 82' lang='lat' dir='ltr'><strong>farcit,</strong></span> <span class='ocrx_word' id='word_1_625' title='bbox 2383 5407 2441 5452; x_wconf 83' lang='lat' dir='ltr'><strong>ut</strong></span> 
     </span>
    </p>
   </div>
   <div class='ocr_carea' id='block_1_87' title="bbox 849 5483 2439 5558">
    <p class='ocr_par' dir='ltr' id='par_1_87' title="bbox 849 5483 2439 5558">
     <span class='ocr_line' id='line_1_87' title="bbox 849 5483 2439 5558; baseline 0.006 -24"><span class='ocrx_word' id='word_1_626' title='bbox 849 5483 1001 5548; x_wconf 86' lang='lat' dir='ltr'><strong>quasi</strong></span> <span class='ocrx_word' id='word_1_627' title='bbox 1030 5483 1232 5540; x_wconf 66' lang='lat' dir='ltr'><strong>futurae</strong></span> <span class='ocrx_word' id='word_1_628' title='bbox 1265 5495 1598 5556; x_wconf 65' lang='lat' dir='ltr'><strong>praeparetur</strong></span> <span class='ocrx_word' id='word_1_629' title='bbox 1627 5489 1817 5558; x_wconf 68' lang='lat' dir='ltr'><strong>inopia:</strong></span> <span class='ocrx_word' id='word_1_630' title='bbox 1841 5496 1896 5542; x_wconf 92' lang='lat' dir='ltr'><strong>et</strong></span> <span class='ocrx_word' id='word_1_631' title='bbox 1930 5487 2106 5541; x_wconf 84' lang='lat' dir='ltr'><strong>victus</strong></span> <span class='ocrx_word' id='word_1_632' title='bbox 2154 5489 2236 5541; x_wconf 89' lang='lat' dir='ltr'><strong>sui</strong></span> <span class='ocrx_word' id='word_1_633' title='bbox 2292 5488 2439 5543; x_wconf 86' lang='lat' dir='ltr'><strong>lucra</strong></span> 
     </span>
    </p>
   </div>
   <div class='ocr_carea' id='block_1_88' title="bbox 850 5577 2443 5645">
    <p class='ocr_par' dir='ltr' id='par_1_88' title="bbox 850 5577 2443 5645">
     <span class='ocr_line' id='line_1_88' title="bbox 850 5577 2443 5645; baseline 0.009 -23"><span class='ocrx_word' id='word_1_634' title='bbox 850 5580 1092 5639; x_wconf 88' lang='lat' dir='ltr'><strong>reponat,</strong></span> <span class='ocrx_word' id='word_1_635' title='bbox 1136 5583 1431 5645; x_wconf 81' lang='lat' dir='ltr'><strong>antequam</strong></span> <span class='ocrx_word' id='word_1_636' title='bbox 1464 5577 1645 5632; x_wconf 85' lang='lat' dir='ltr'><strong>virens</strong></span> <span class='ocrx_word' id='word_1_637' title='bbox 1701 5579 1868 5633; x_wconf 89' lang='lat' dir='ltr'><strong>herba</strong></span> <span class='ocrx_word' id='word_1_638' title='bbox 1909 5579 2145 5633; x_wconf 89' lang='lat' dir='ltr'><strong>deficiat.</strong></span> <span class='ocrx_word' id='word_1_639' title='bbox 2203 5580 2309 5637; x_wconf 87' lang='lat' dir='ltr'><strong>Sed</strong></span> <span class='ocrx_word' id='word_1_640' title='bbox 2343 5597 2443 5636; x_wconf 91' lang='lat' dir='ltr'><strong>nec</strong></span> 
     </span>
    </p>
   </div>
   <div class='ocr_carea' id='block_1_89' title="bbox 852 5655 2454 5737">
    <p class='ocr_par' dir='ltr' id='par_1_89' title="bbox 852 5655 2454 5737">
     <span class='ocr_line' id='line_1_89' title="bbox 852 5655 2454 5737; baseline 0.009 -26"><span class='ocrx_word' id='word_1_641' title='bbox 852 5655 1088 5717; x_wconf 63' lang='lat' dir='ltr'><strong>iﬂad&#39;est</strong></span> <span class='ocrx_word' id='word_1_642' title='bbox 1113 5664 1235 5718; x_wconf 86' lang='lat' dir='ltr'><strong>sine</strong></span> <span class='ocrx_word' id='word_1_643' title='bbox 1257 5680 1419 5720; x_wconf 85' lang='lat' dir='ltr'><strong>causa</strong></span> <span class='ocrx_word' id='word_1_644' title='bbox 1450 5668 1592 5736; x_wconf 88' lang='lat' dir='ltr'><strong>quod</strong></span> <span class='ocrx_word' id='word_1_645' title='bbox 1620 5661 1839 5737; x_wconf 84' lang='lat' dir='ltr'><strong>elephas</strong></span> <span class='ocrx_word' id='word_1_646' title='bbox 1881 5668 2239 5724; x_wconf 81' lang='lat' dir='ltr'><strong>formidabilis</strong></span> <span class='ocrx_word' id='word_1_647' title='bbox 2273 5656 2454 5726; x_wconf 25' lang='lat' dir='ltr'><strong>tauris,</strong></span> 
     </span>
    </p>
   </div>
   <div class='ocr_carea' id='block_1_90' title="bbox 853 5744 2439 5834">
    <p class='ocr_par' dir='ltr' id='par_1_90' title="bbox 853 5744 2439 5834">
     <span class='ocr_line' id='line_1_90' title="bbox 853 5744 2439 5834; baseline 0.009 -32"><span class='ocrx_word' id='word_1_648' title='bbox 853 5762 1054 5806; x_wconf 78' lang='lat' dir='ltr'><strong>murem</strong></span> <span class='ocrx_word' id='word_1_649' title='bbox 1085 5753 1296 5810; x_wconf 86' lang='lat' dir='ltr'><strong>timeat.</strong></span> <span class='ocrx_word' id='word_1_650' title='bbox 1334 5756 1462 5824; x_wconf 83' lang='lat' dir='ltr'><strong>Leo,</strong></span> <span class='ocrx_word' id='word_1_651' title='bbox 1499 5774 1587 5812; x_wconf 75' lang='lat' dir='ltr'><strong>rex</strong></span> <span class='ocrx_word' id='word_1_652' title='bbox 1618 5744 1878 5825; x_wconf 83' lang='lat' dir='ltr'><strong>ferarum,</strong></span> <span class='ocrx_word' id='word_1_653' title='bbox 1919 5762 2158 5830; x_wconf 73' lang='lat' dir='ltr'><strong>pavesrit</strong></span> <span class='ocrx_word' id='word_1_654' title='bbox 2190 5763 2439 5834; x_wconf 73' lang='lat' dir='ltr'><strong>exiguum</strong></span> 
     </span>
    </p>
   </div>
   <div class='ocr_carea' id='block_1_91' title="bbox 2558 3314 4158 3394">
    <p class='ocr_par' dir='ltr' id='par_1_91' title="bbox 2558 3314 4158 3394">
     <span class='ocr_line' id='line_1_91' title="bbox 2558 3314 4158 3394; baseline 0.005 -23"><span class='ocrx_word' id='word_1_655' title='bbox 2558 3314 2750 3394; x_wconf 59' lang='lat' dir='ltr'><strong>Petrus</strong></span> <span class='ocrx_word' id='word_1_656' title='bbox 2791 3317 2845 3371; x_wconf 93' lang='lat' dir='ltr'><strong>in</strong></span> <span class='ocrx_word' id='word_1_657' title='bbox 2899 3326 3124 3385; x_wconf 88' lang='lat' dir='ltr'><strong>terram,</strong></span> <span class='ocrx_word' id='word_1_658' title='bbox 3159 3319 3213 3375; x_wconf 90' lang='lat' dir='ltr'><strong>in</strong></span> <span class='ocrx_word' id='word_1_659' title='bbox 3249 3335 3356 3390; x_wconf 94' lang='lat' dir='ltr'><strong>quo</strong></span> <span class='ocrx_word' id='word_1_660' title='bbox 3380 3331 3535 3378; x_wconf 88' lang='lat' dir='ltr'><strong>erant</strong></span> <span class='ocrx_word' id='word_1_661' title='bbox 3569 3324 3751 3378; x_wconf 87' lang='lat' dir='ltr'><strong>omnia</strong></span> <span class='ocrx_word' id='word_1_662' title='bbox 3785 3323 4158 3394; x_wconf 71' lang='lat' dir='ltr'><strong>quadrupedis</strong></span> 
     </span>
    </p>
   </div>
   <div class='ocr_carea' id='block_1_92' title="bbox 2555 3408 4160 3479">
    <p class='ocr_par' dir='ltr' id='par_1_92' title="bbox 2555 3408 4160 3479">
     <span class='ocr_line' id='line_1_92' title="bbox 2555 3408 4160 3479; baseline 0.007 -16"><span class='ocrx_word' id='word_1_663' title='bbox 2555 3415 2612 3463; x_wconf 89' lang='lat' dir='ltr'><strong>et</strong></span> <span class='ocrx_word' id='word_1_664' title='bbox 2660 3408 2936 3479; x_wconf 83' lang='lat' dir='ltr'><strong>serpentia</strong></span> <span class='ocrx_word' id='word_1_665' title='bbox 2971 3417 3131 3465; x_wconf 76' lang='lat' dir='ltr'><strong>terrte</strong></span> <span class='ocrx_word' id='word_1_666' title='bbox 3183 3420 3236 3466; x_wconf 87' lang='lat' dir='ltr'><strong>et</strong></span> <span class='ocrx_word' id='word_1_667' title='bbox 3267 3411 3507 3468; x_wconf 90' lang='lat' dir='ltr'><strong>volatilia</strong></span> <span class='ocrx_word' id='word_1_668' title='bbox 3536 3413 3680 3468; x_wconf 74' lang='lat' dir='ltr'><strong>coeli.</strong></span> <span class='ocrx_word' id='word_1_669' title='bbox 3715 3413 3822 3472; x_wconf 89' lang='lat' dir='ltr'><strong>Sed</strong></span> <span class='ocrx_word' id='word_1_670' title='bbox 3869 3431 3993 3474; x_wconf 91' lang='lat' dir='ltr'><strong>cum</strong></span> <span class='ocrx_word' id='word_1_671' title='bbox 4047 3415 4160 3474; x_wconf 87' lang='lat' dir='ltr'><strong>illic</strong></span> 
     </span>
    </p>
   </div>
   <div class='ocr_carea' id='block_1_93' title="bbox 2557 3501 4153 3585">
    <p class='ocr_par' dir='ltr' id='par_1_93' title="bbox 2557 3501 4153 3585">
     <span class='ocr_line' id='line_1_93' title="bbox 2557 3501 4153 3585; baseline 0.004 -29"><span class='ocrx_word' id='word_1_672' title='bbox 2557 3501 2799 3557; x_wconf 90' lang='lat' dir='ltr'><strong>dicitur:</strong></span> <span class='ocrx_word' id='word_1_673' title='bbox 2843 3521 2861 3555; x_wconf 71' lang='grc' dir='ltr'>ι</span> <span class='ocrx_word' id='word_1_674' title='bbox 2913 3502 3106 3576; x_wconf 89' lang='lat' dir='ltr'><strong>Surge,</strong></span> <span class='ocrx_word' id='word_1_675' title='bbox 3141 3503 3317 3570; x_wconf 81' lang='lat' dir='ltr'><strong>Petro,</strong></span> <span class='ocrx_word' id='word_1_676' title='bbox 3370 3516 3546 3566; x_wconf 83' lang='lat' dir='ltr'><strong>macta</strong></span> <span class='ocrx_word' id='word_1_677' title='bbox 3593 3515 3648 3563; x_wconf 88' lang='lat' dir='ltr'><strong>et</strong></span> <span class='ocrx_word' id='word_1_678' title='bbox 3693 3507 3960 3563; x_wconf 89' lang='lat' dir='ltr'><strong>manduca</strong></span> <span class='ocrx_word' id='word_1_679' title='bbox 4013 3509 4153 3585; x_wconf 58' lang='lat' dir='ltr'><strong>(4a.</strong></span> 
     </span>
    </p>
   </div>
   <div class='ocr_carea' id='block_1_94' title="bbox 2557 3595 4156 3670">
    <p class='ocr_par' dir='ltr' id='par_1_94' title="bbox 2557 3595 4156 3670">
     <span class='ocr_line' id='line_1_94' title="bbox 2557 3595 4156 3670; baseline 0.004 -21"><span class='ocrx_word' id='word_1_680' title='bbox 2557 3595 2654 3665; x_wconf 89' lang='lat' dir='ltr'><strong>x);</strong></span> <span class='ocrx_word' id='word_1_681' title='bbox 2696 3615 2714 3648; x_wconf 74' lang='grc' dir='ltr'><strong><em>ι</em></strong></span> <span class='ocrx_word' id='word_1_682' title='bbox 2741 3596 3024 3651; x_wconf 87' lang='lat' dir='ltr'><strong>credimus</strong></span> <span class='ocrx_word' id='word_1_683' title='bbox 3055 3612 3153 3666; x_wconf 90' lang='lat' dir='ltr'><strong>per</strong></span> <span class='ocrx_word' id='word_1_684' title='bbox 3193 3597 3627 3653; x_wconf 90' lang='lat' dir='ltr'><strong>misericordiam</strong></span> <span class='ocrx_word' id='word_1_685' title='bbox 3661 3599 3861 3656; x_wconf 87' lang='lat' dir='ltr'><strong>Christi</strong></span> <span class='ocrx_word' id='word_1_686' title='bbox 3899 3602 4156 3670; x_wconf 90' lang='lat' dir='ltr'><strong>quoniam</strong></span> 
     </span>
    </p>
   </div>
   <div class='ocr_carea' id='block_1_95' title="bbox 2557 3686 4242 3762">
    <p class='ocr_par' dir='ltr' id='par_1_95' title="bbox 2557 3686 4242 3762">
     <span class='ocr_line' id='line_1_95' title="bbox 2557 3686 4242 3762; baseline 0.001 -22"><span class='ocrx_word' id='word_1_687' title='bbox 2557 3686 2673 3742; x_wconf 62' lang='lat' dir='ltr'><strong>haec</strong></span> <span class='ocrx_word' id='word_1_688' title='bbox 2729 3686 3010 3750; x_wconf 87' lang='lat' dir='ltr'><strong>animalia,</strong></span> <span class='ocrx_word' id='word_1_689' title='bbox 3058 3701 3179 3757; x_wconf 71' lang='lat' dir='ltr'><strong>quae.</strong></span> <span class='ocrx_word' id='word_1_690' title='bbox 3244 3701 3339 3744; x_wconf 78' lang='lat' dir='ltr'><strong>vos</strong></span> <span class='ocrx_word' id='word_1_691' title='bbox 3388 3689 3542 3755; x_wconf 87' lang='lat' dir='ltr'><strong>estis,</strong></span> <span class='ocrx_word' id='word_1_692' title='bbox 3591 3699 3647 3744; x_wconf 90' lang='lat' dir='ltr'><strong>et</strong></span> <span class='ocrx_word' id='word_1_693' title='bbox 3693 3689 3764 3762; x_wconf 83' lang='lat' dir='ltr'><strong>ab</strong></span> <span class='ocrx_word' id='word_1_694' title='bbox 3810 3691 3914 3746; x_wconf 90' lang='lat' dir='ltr'><strong>hoc</strong></span> <span class='ocrx_word' id='word_1_695' title='bbox 3958 3690 4158 3746; x_wconf 63' lang='lat' dir='ltr'><strong>smeulo</strong></span> <span class='ocrx_word' id='word_1_696' title='bbox 4239 3739 4242 3742; x_wconf 82' lang='lat'><strong>.</strong></span> 
     </span>
    </p>
   </div>
   <div class='ocr_carea' id='block_1_96' title="bbox 2556 3776 4157 3852">
    <p class='ocr_par' dir='ltr' id='par_1_96' title="bbox 2556 3776 4157 3852">
     <span class='ocr_line' id='line_1_96' title="bbox 2556 3776 4157 3852; baseline 0.006 -23"><span class='ocrx_word' id='word_1_697' title='bbox 2556 3784 2684 3831; x_wconf 89' lang='lat' dir='ltr'><strong>sunt</strong></span> <span class='ocrx_word' id='word_1_698' title='bbox 2711 3776 2876 3831; x_wconf 91' lang='lat' dir='ltr'><strong>divini</strong></span> <span class='ocrx_word' id='word_1_699' title='bbox 2903 3777 3053 3832; x_wconf 88' lang='lat' dir='ltr'><strong>verbi</strong></span> <span class='ocrx_word' id='word_1_700' title='bbox 3078 3793 3338 3835; x_wconf 89' lang='lat' dir='ltr'><strong>mucrone</strong></span> <span class='ocrx_word' id='word_1_701' title='bbox 3366 3781 3663 3842; x_wconf 79' lang='lat' dir='ltr'><strong>concisaet</strong></span> <span class='ocrx_word' id='word_1_702' title='bbox 3693 3783 3746 3836; x_wconf 91' lang='lat' dir='ltr'><strong>in</strong></span> <span class='ocrx_word' id='word_1_703' title='bbox 3775 3782 4157 3852; x_wconf 78' lang='lat' dir='ltr'><strong>Redemptoris</strong></span> 
     </span>
    </p>
   </div>
   <div class='ocr_carea' id='block_1_97' title="bbox 2557 3866 3952 3942">
    <p class='ocr_par' dir='ltr' id='par_1_97' title="bbox 2557 3866 3952 3942">
     <span class='ocr_line' id='line_1_97' title="bbox 2557 3866 3952 3942; baseline 0.005 -20"><span class='ocrx_word' id='word_1_704' title='bbox 2557 3867 2638 3922; x_wconf 87' lang='lat' dir='ltr'><strong>sui</strong></span> <span class='ocrx_word' id='word_1_705' title='bbox 2660 3882 2856 3942; x_wconf 89' lang='lat' dir='ltr'><strong>corpus</strong></span> <span class='ocrx_word' id='word_1_706' title='bbox 2879 3866 3132 3941; x_wconf 80' lang='lat' dir='ltr'><strong>perfectae</strong></span> <span class='ocrx_word' id='word_1_707' title='bbox 3161 3871 3446 3927; x_wconf 88' lang='lat' dir='ltr'><strong>cbaritatis</strong></span> <span class='ocrx_word' id='word_1_708' title='bbox 3481 3873 3680 3930; x_wconf 89' lang='lat' dir='ltr'><strong>ardore</strong></span> <span class='ocrx_word' id='word_1_709' title='bbox 3702 3873 3952 3931; x_wconf 86' lang='lat' dir='ltr'><strong>conflata.</strong></span> 
     </span>
    </p>
   </div>
   <div class='ocr_carea' id='block_1_98' title="bbox 3114 3959 3593 4019">
    <p class='ocr_par' dir='ltr' id='par_1_98' title="bbox 3114 3959 3593 4019">
     <span class='ocr_line' id='line_1_98' title="bbox 3114 3959 3593 4019; baseline 0.006 -3"><span class='ocrx_word' id='word_1_710' title='bbox 3114 3959 3344 4017; x_wconf 75' lang='lat' dir='ltr'><strong>CAPUT</strong></span> <span class='ocrx_word' id='word_1_711' title='bbox 3384 3962 3593 4019; x_wconf 79' lang='lat' dir='ltr'><strong>XXV&quot;.</strong></span> 
     </span>
    </p>
   </div>
   <div class='ocr_carea' id='block_1_99' title="bbox 2841 4037 3845 4124">
    <p class='ocr_par' dir='ltr' id='par_1_99' title="bbox 2841 4037 3845 4124">
     <span class='ocr_line' id='line_1_99' title="bbox 2841 4037 3845 4124; baseline 0.01 -22"><span class='ocrx_word' id='word_1_712' title='bbox 2841 4045 2920 4103; x_wconf 84' lang='lat' dir='ltr'><strong>De</strong></span> <span class='ocrx_word' id='word_1_713' title='bbox 2945 4050 3228 4122; x_wconf 82' lang='lat' dir='ltr'><strong>vaniloquit&#39;</strong></span> <span class='ocrx_word' id='word_1_714' title='bbox 3255 4037 3540 4108; x_wconf 77' lang='lat' dir='ltr'><strong>temeritate</strong></span> <span class='ocrx_word' id='word_1_715' title='bbox 3563 4055 3845 4124; x_wconf 78' lang='lat' dir='ltr'><strong>frenanda.</strong></span> 
     </span>
    </p>
   </div>
   <div class='ocr_carea' id='block_1_100' title="bbox 2627 4139 4153 4217">
    <p class='ocr_par' dir='ltr' id='par_1_100' title="bbox 2627 4139 4153 4217">
     <span class='ocr_line' id='line_1_100' title="bbox 2627 4139 4153 4217; baseline 0.009 -22"><span class='ocrx_word' id='word_1_716' title='bbox 2627 4139 2736 4196; x_wconf 84' lang='lat' dir='ltr'><strong>Sed</strong></span> <span class='ocrx_word' id='word_1_717' title='bbox 2761 4139 2916 4197; x_wconf 86' lang='lat' dir='ltr'><strong>valde</strong></span> <span class='ocrx_word' id='word_1_718' title='bbox 2959 4143 3258 4199; x_wconf 77' lang='lat' dir='ltr'><strong>cavendum</strong></span> <span class='ocrx_word' id='word_1_719' title='bbox 3291 4155 3394 4209; x_wconf 87' lang='lat' dir='ltr'><strong>est,</strong></span> <span class='ocrx_word' id='word_1_720' title='bbox 3424 4147 3550 4217; x_wconf 88' lang='lat' dir='ltr'><strong>quia</strong></span> <span class='ocrx_word' id='word_1_721' title='bbox 3597 4149 3832 4204; x_wconf 85' lang='lat' dir='ltr'><strong>necdum</strong></span> <span class='ocrx_word' id='word_1_722' title='bbox 3853 4150 3909 4209; x_wconf 66' lang='lat' dir='ltr'><strong>in,</strong></span> <span class='ocrx_word' id='word_1_723' title='bbox 3938 4150 4153 4209; x_wconf 85' lang='lat' dir='ltr'><strong>littorea</strong></span> 
     </span>
    </p>
   </div>
   <div class='ocr_carea' id='block_1_101' title="bbox 2555 4233 4156 4308">
    <p class='ocr_par' dir='ltr' id='par_1_101' title="bbox 2555 4233 4156 4308">
     <span class='ocr_line' id='line_1_101' title="bbox 2555 4233 4156 4308; baseline 0.009 -22"><span class='ocrx_word' id='word_1_724' title='bbox 2555 4234 2789 4288; x_wconf 90' lang='lat' dir='ltr'><strong>statione</strong></span> <span class='ocrx_word' id='word_1_725' title='bbox 2814 4233 3121 4305; x_wconf 88' lang='lat' dir='ltr'><strong>quiescitis,</strong></span> <span class='ocrx_word' id='word_1_726' title='bbox 3152 4236 3248 4292; x_wconf 90' lang='lat' dir='ltr'><strong>sed</strong></span> <span class='ocrx_word' id='word_1_727' title='bbox 3287 4237 3340 4292; x_wconf 93' lang='lat' dir='ltr'><strong>in</strong></span> <span class='ocrx_word' id='word_1_728' title='bbox 3371 4239 3730 4308; x_wconf 87' lang='lat' dir='ltr'><strong>procellarum</strong></span> <span class='ocrx_word' id='word_1_729' title='bbox 3775 4242 3954 4298; x_wconf 88' lang='lat' dir='ltr'><strong>adhuc</strong></span> <span class='ocrx_word' id='word_1_730' title='bbox 3981 4244 4156 4301; x_wconf 86' lang='lat' dir='ltr'><strong>turbi-</strong></span> 
     </span>
    </p>
   </div>
   <div class='ocr_carea' id='block_1_102' title="bbox 2556 4322 4156 4404">
    <p class='ocr_par' dir='ltr' id='par_1_102' title="bbox 2556 4322 4156 4404">
     <span class='ocr_line' id='line_1_102' title="bbox 2556 4322 4156 4404; baseline 0.008 -28"><span class='ocrx_word' id='word_1_731' title='bbox 2556 4322 2714 4378; x_wconf 86' lang='lat' dir='ltr'><strong>nibus</strong></span> <span class='ocrx_word' id='word_1_732' title='bbox 2739 4322 3022 4392; x_wconf 79' lang='lat' dir='ltr'><strong>laboratis,</strong></span> <span class='ocrx_word' id='word_1_733' title='bbox 3050 4340 3118 4380; x_wconf 90' lang='lat' dir='ltr'><strong>ne</strong></span> <span class='ocrx_word' id='word_1_734' title='bbox 3146 4324 3373 4382; x_wconf 89' lang='lat' dir='ltr'><strong>flabrum</strong></span> <span class='ocrx_word' id='word_1_735' title='bbox 3402 4329 3470 4383; x_wconf 87' lang='lat' dir='ltr'><strong>ab</strong></span> <span class='ocrx_word' id='word_1_736' title='bbox 3496 4343 3592 4384; x_wconf 87' lang='lat' dir='ltr'><strong>ore</strong></span> <span class='ocrx_word' id='word_1_737' title='bbox 3629 4339 3812 4387; x_wconf 91' lang='lat' dir='ltr'><strong>vestro</strong></span> <span class='ocrx_word' id='word_1_738' title='bbox 3846 4334 3968 4387; x_wconf 88' lang='lat' dir='ltr'><strong>vani</strong></span> <span class='ocrx_word' id='word_1_739' title='bbox 3996 4335 4156 4404; x_wconf 73' lang='lat' dir='ltr'><strong>spiri-</strong></span> 
     </span>
    </p>
   </div>
   <div class='ocr_carea' id='block_1_103' title="bbox 2559 4411 4153 4494">
    <p class='ocr_par' dir='ltr' id='par_1_103' title="bbox 2559 4411 4153 4494">
     <span class='ocr_line' id='line_1_103' title="bbox 2559 4411 4153 4494; baseline 0.009 -26"><span class='ocrx_word' id='word_1_740' title='bbox 2559 4422 2642 4468; x_wconf 89' lang='lat' dir='ltr'><strong>tus</strong></span> <span class='ocrx_word' id='word_1_741' title='bbox 2666 4411 2867 4478; x_wconf 87' lang='lat' dir='ltr'><strong>eflluat,</strong></span> <span class='ocrx_word' id='word_1_742' title='bbox 2891 4415 2982 4483; x_wconf 89' lang='lat' dir='ltr'><strong>qui</strong></span> <span class='ocrx_word' id='word_1_743' title='bbox 3007 4414 3166 4483; x_wconf 88' lang='lat' dir='ltr'><strong>hujus</strong></span> <span class='ocrx_word' id='word_1_744' title='bbox 3188 4417 3327 4487; x_wconf 85' lang='lat' dir='ltr'><strong>ignis</strong></span> <span class='ocrx_word' id='word_1_745' title='bbox 3347 4417 3594 4475; x_wconf 84' lang='lat' dir='ltr'><strong>ﬂammas</strong></span> <span class='ocrx_word' id='word_1_746' title='bbox 3610 4425 3941 4494; x_wconf 82' lang='lat' dir='ltr'><strong>exstinguat.</strong></span> <span class='ocrx_word' id='word_1_747' title='bbox 3966 4424 4153 4482; x_wconf 88' lang='lat' dir='ltr'><strong>Flatus</strong></span> 
     </span>
    </p>
   </div>
   <div class='ocr_carea' id='block_1_104' title="bbox 2555 4504 4151 4583">
    <p class='ocr_par' dir='ltr' id='par_1_104' title="bbox 2555 4504 4151 4583">
     <span class='ocr_line' id='line_1_104' title="bbox 2555 4504 4151 4583; baseline 0.008 -25"><span class='ocrx_word' id='word_1_748' title='bbox 2555 4504 2698 4558; x_wconf 90' lang='lat' dir='ltr'><strong>enim</strong></span> <span class='ocrx_word' id='word_1_749' title='bbox 2728 4513 2783 4557; x_wconf 92' lang='lat' dir='ltr'><strong>et</strong></span> <span class='ocrx_word' id='word_1_750' title='bbox 2817 4504 3106 4574; x_wconf 90' lang='lat' dir='ltr'><strong>aliquando</strong></span> <span class='ocrx_word' id='word_1_751' title='bbox 3131 4505 3376 4563; x_wconf 87' lang='lat' dir='ltr'><strong>flammas</strong></span> <span class='ocrx_word' id='word_1_752' title='bbox 3403 4509 3551 4565; x_wconf 89' lang='lat' dir='ltr'><strong>elicit</strong></span> <span class='ocrx_word' id='word_1_753' title='bbox 3577 4521 3637 4566; x_wconf 87' lang='lat' dir='ltr'><strong>et</strong></span> <span class='ocrx_word' id='word_1_754' title='bbox 3661 4512 3951 4583; x_wconf 82' lang='lat' dir='ltr'><strong>aliquando</strong></span> <span class='ocrx_word' id='word_1_755' title='bbox 3991 4515 4151 4570; x_wconf 89' lang='lat' dir='ltr'><strong>flam-</strong></span> 
     </span>
    </p>
   </div>
   <div class='ocr_carea' id='block_1_105' title="bbox 2555 4595 4154 4674">
    <p class='ocr_par' dir='ltr' id='par_1_105' title="bbox 2555 4595 4154 4674">
     <span class='ocr_line' id='line_1_105' title="bbox 2555 4595 4154 4674; baseline 0.007 -27"><span class='ocrx_word' id='word_1_756' title='bbox 2555 4609 2672 4648; x_wconf 90' lang='lat' dir='ltr'><strong>mas</strong></span> <span class='ocrx_word' id='word_1_757' title='bbox 2693 4595 2989 4664; x_wconf 77' lang='lat' dir='ltr'><strong>exstinguit</strong></span> <span class='ocrx_word' id='word_1_758' title='bbox 3011 4595 3179 4668; x_wconf 76' lang='lat'><strong>826</strong></span> <span class='ocrx_word' id='word_1_759' title='bbox 3207 4607 3391 4668; x_wconf 90' lang='lat' dir='ltr'><strong>atque,</strong></span> <span class='ocrx_word' id='word_1_760' title='bbox 3420 4609 3477 4652; x_wconf 90' lang='lat' dir='ltr'><strong>ut</strong></span> <span class='ocrx_word' id='word_1_761' title='bbox 3500 4599 3574 4653; x_wconf 91' lang='lat' dir='ltr'><strong>ita</strong></span> <span class='ocrx_word' id='word_1_762' title='bbox 3600 4601 3851 4668; x_wconf 85' lang='lat' dir='ltr'><strong>dixerim,</strong></span> <span class='ocrx_word' id='word_1_763' title='bbox 3871 4605 4022 4674; x_wconf 88' lang='lat' dir='ltr'><strong>quasi</strong></span> <span class='ocrx_word' id='word_1_764' title='bbox 4037 4604 4154 4660; x_wconf 80' lang='lat' dir='ltr'><strong>suf-</strong></span> 
     </span>
    </p>
   </div>
   <div class='ocr_carea' id='block_1_106' title="bbox 2551 4684 4148 4767">
    <p class='ocr_par' dir='ltr' id='par_1_106' title="bbox 2551 4684 4148 4767">
     <span class='ocr_line' id='line_1_106' title="bbox 2551 4684 4148 4767; baseline 0.011 -30"><span class='ocrx_word' id='word_1_765' title='bbox 2551 4684 2664 4743; x_wconf 84' lang='lat' dir='ltr'><strong>flat.</strong></span> <span class='ocrx_word' id='word_1_766' title='bbox 2701 4684 2893 4750; x_wconf 81' lang='lat' dir='ltr'><strong>Homo,</strong></span> <span class='ocrx_word' id='word_1_767' title='bbox 2932 4701 3054 4741; x_wconf 89' lang='lat' dir='ltr'><strong>cum</strong></span> <span class='ocrx_word' id='word_1_768' title='bbox 3088 4703 3261 4744; x_wconf 66' lang='lat' dir='ltr'><strong>sacrae</strong></span> <span class='ocrx_word' id='word_1_769' title='bbox 3287 4689 3548 4746; x_wconf 64' lang='lat' dir='ltr'><strong>doctrinae</strong></span> <span class='ocrx_word' id='word_1_770' title='bbox 3572 4697 3833 4766; x_wconf 85' lang='lat' dir='ltr'><strong>mysteria</strong></span> <span class='ocrx_word' id='word_1_771' title='bbox 3863 4699 4148 4767; x_wconf 78' lang='lat' dir='ltr'><strong>przedicat,</strong></span> 
     </span>
    </p>
   </div>
   <div class='ocr_carea' id='block_1_107' title="bbox 2551 4773 4140 4859">
    <p class='ocr_par' dir='ltr' id='par_1_107' title="bbox 2551 4773 4140 4859">
     <span class='ocr_line' id='line_1_107' title="bbox 2551 4773 4140 4859; baseline 0.009 -30"><span class='ocrx_word' id='word_1_772' title='bbox 2551 4773 2758 4840; x_wconf 75' lang='lat' dir='ltr'><strong>suMat,</strong></span> <span class='ocrx_word' id='word_1_773' title='bbox 2789 4783 2846 4829; x_wconf 93' lang='lat' dir='ltr'><strong>et</strong></span> <span class='ocrx_word' id='word_1_774' title='bbox 2885 4791 3006 4830; x_wconf 91' lang='lat' dir='ltr'><strong>cum</strong></span> <span class='ocrx_word' id='word_1_775' title='bbox 3032 4777 3222 4834; x_wconf 88' lang='lat' dir='ltr'><strong>otiosis</strong></span> <span class='ocrx_word' id='word_1_776' title='bbox 3253 4780 3446 4835; x_wconf 85' lang='lat' dir='ltr'><strong>fabulis</strong></span> <span class='ocrx_word' id='word_1_777' title='bbox 3475 4793 3668 4848; x_wconf 85' lang='lat' dir='ltr'><strong>vacat;</strong></span> <span class='ocrx_word' id='word_1_778' title='bbox 3703 4787 3816 4848; x_wconf 91' lang='lat' dir='ltr'><strong>sed,</strong></span> <span class='ocrx_word' id='word_1_779' title='bbox 3852 4788 3992 4842; x_wconf 89' lang='lat' dir='ltr'><strong>sicut</strong></span> <span class='ocrx_word' id='word_1_780' title='bbox 4041 4804 4140 4859; x_wconf 91' lang='lat' dir='ltr'><strong>per</strong></span> 
     </span>
    </p>
   </div>
   <div class='ocr_carea' id='block_1_108' title="bbox 2548 4864 4148 4934">
    <p class='ocr_par' dir='ltr' id='par_1_108' title="bbox 2548 4864 4148 4934">
     <span class='ocr_line' id='line_1_108' title="bbox 2548 4864 4148 4934; baseline 0.009 -16"><span class='ocrx_word' id='word_1_781' title='bbox 2548 4864 2924 4920; x_wconf 66' lang='lat' dir='ltr'><strong>:edificiitionis</strong></span> <span class='ocrx_word' id='word_1_782' title='bbox 2974 4866 3135 4921; x_wconf 90' lang='lat' dir='ltr'><strong>verba</strong></span> <span class='ocrx_word' id='word_1_783' title='bbox 3167 4869 3234 4923; x_wconf 90' lang='lat' dir='ltr'><strong>ad</strong></span> <span class='ocrx_word' id='word_1_784' title='bbox 3261 4885 3501 4926; x_wconf 91' lang='lat' dir='ltr'><strong>amorem</strong></span> <span class='ocrx_word' id='word_1_785' title='bbox 3531 4871 3626 4927; x_wconf 88' lang='lat' dir='ltr'><strong>Dei</strong></span> <span class='ocrx_word' id='word_1_786' title='bbox 3651 4889 3749 4930; x_wconf 92' lang='lat' dir='ltr'><strong>cor</strong></span> <span class='ocrx_word' id='word_1_787' title='bbox 3767 4878 4035 4934; x_wconf 83' lang='lat' dir='ltr'><strong>audientis</strong></span> <span class='ocrx_word' id='word_1_788' title='bbox 4070 4879 4148 4933; x_wconf 86' lang='lat' dir='ltr'><strong>in-</strong></span> 
     </span>
    </p>
   </div>
   <div class='ocr_carea' id='block_1_109' title="bbox 2550 4949 4146 5034">
    <p class='ocr_par' dir='ltr' id='par_1_109' title="bbox 2550 4949 4146 5034">
     <span class='ocr_line' id='line_1_109' title="bbox 2550 4949 4146 5034; baseline 0.011 -30"><span class='ocrx_word' id='word_1_789' title='bbox 2550 4949 2812 5016; x_wconf 87' lang='lat' dir='ltr'><strong>flammat,</strong></span> <span class='ocrx_word' id='word_1_790' title='bbox 2839 4953 2918 5007; x_wconf 89' lang='lat' dir='ltr'><strong>sic</strong></span> <span class='ocrx_word' id='word_1_791' title='bbox 2944 4955 3053 5024; x_wconf 87' lang='lat' dir='ltr'><strong>agit</strong></span> <span class='ocrx_word' id='word_1_792' title='bbox 3082 4965 3140 5009; x_wconf 92' lang='lat' dir='ltr'><strong>ut</strong></span> <span class='ocrx_word' id='word_1_793' title='bbox 3170 4972 3200 5010; x_wconf 86' lang='lat' dir='ltr'><strong>a</strong></span> <span class='ocrx_word' id='word_1_794' title='bbox 3230 4959 3480 5026; x_wconf 83' lang='lat' dir='ltr'><strong>superuis</strong></span> <span class='ocrx_word' id='word_1_795' title='bbox 3530 4960 3818 5022; x_wconf 81' lang='lat' dir='ltr'><strong>desideriis</strong></span> <span class='ocrx_word' id='word_1_796' title='bbox 3847 4981 3941 5034; x_wconf 89' lang='lat' dir='ltr'><strong>per</strong></span> <span class='ocrx_word' id='word_1_797' title='bbox 3971 4968 4146 5022; x_wconf 86' lang='lat' dir='ltr'><strong>otiosa</strong></span> 
     </span>
    </p>
   </div>
   <div class='ocr_carea' id='block_1_110' title="bbox 2549 5044 4144 5126">
    <p class='ocr_par' dir='ltr' id='par_1_110' title="bbox 2549 5044 4144 5126">
     <span class='ocr_line' id='line_1_110' title="bbox 2549 5044 4144 5126; baseline 0.013 -32"><span class='ocrx_word' id='word_1_798' title='bbox 2549 5044 2714 5098; x_wconf 90' lang='lat' dir='ltr'><strong>verba</strong></span> <span class='ocrx_word' id='word_1_799' title='bbox 2768 5044 3048 5122; x_wconf 77' lang='lat' dir='ltr'><strong>frigescat.</strong></span> <span class='ocrx_word' id='word_1_800' title='bbox 3090 5047 3196 5102; x_wconf 90' lang='lat' dir='ltr'><strong>Sed</strong></span> <span class='ocrx_word' id='word_1_801' title='bbox 3258 5048 3417 5105; x_wconf 83' lang='lat' dir='ltr'><strong>ﬂatus</strong></span> <span class='ocrx_word' id='word_1_802' title='bbox 3473 5052 3612 5119; x_wconf 90' lang='lat' dir='ltr'><strong>iste,</strong></span> <span class='ocrx_word' id='word_1_803' title='bbox 3652 5070 3813 5125; x_wconf 91' lang='lat' dir='ltr'><strong>quem</strong></span> <span class='ocrx_word' id='word_1_804' title='bbox 3877 5059 4144 5126; x_wconf 76' lang='lat' dir='ltr'><strong>diximus,</strong></span> 
     </span>
    </p>
   </div>
   <div class='ocr_carea' id='block_1_111' title="bbox 2549 5131 4147 5221">
    <p class='ocr_par' dir='ltr' id='par_1_111' title="bbox 2549 5131 4147 5221">
     <span class='ocr_line' id='line_1_111' title="bbox 2549 5131 4147 5221; baseline 0.014 -35"><span class='ocrx_word' id='word_1_805' title='bbox 2549 5131 2689 5188; x_wconf 89' lang='lat' dir='ltr'><strong>forte</strong></span> <span class='ocrx_word' id='word_1_806' title='bbox 2737 5135 2998 5192; x_wconf 86' lang='lat' dir='ltr'><strong>ridiculus</strong></span> <span class='ocrx_word' id='word_1_807' title='bbox 3060 5139 3423 5209; x_wconf 85' lang='lat' dir='ltr'><strong>deputabitur,</strong></span> <span class='ocrx_word' id='word_1_808' title='bbox 3477 5144 3578 5198; x_wconf 90' lang='lat' dir='ltr'><strong>nisi</strong></span> <span class='ocrx_word' id='word_1_809' title='bbox 3629 5161 3802 5202; x_wconf 72' lang='lat' dir='ltr'><strong>sacrae</strong></span> <span class='ocrx_word' id='word_1_810' title='bbox 3849 5149 4147 5221; x_wconf 70' lang='lat' dir='ltr'><strong>Scriptura:</strong></span> 
     </span>
    </p>
   </div>
   <div class='ocr_carea' id='block_1_112' title="bbox 2550 5223 4140 5303">
    <p class='ocr_par' dir='ltr' id='par_1_112' title="bbox 2550 5223 4140 5303">
     <span class='ocr_line' id='line_1_112' title="bbox 2550 5223 4140 5303; baseline 0.013 -27"><span class='ocrx_word' id='word_1_811' title='bbox 2550 5223 2875 5280; x_wconf 89' lang='lat' dir='ltr'><strong>testimoniis</strong></span> <span class='ocrx_word' id='word_1_812' title='bbox 2904 5230 3251 5296; x_wconf 87' lang='lat' dir='ltr'><strong>approbetur.</strong></span> <span class='ocrx_word' id='word_1_813' title='bbox 3279 5232 3414 5286; x_wconf 79' lang='lat' dir='ltr'><strong>Audi</strong></span> <span class='ocrx_word' id='word_1_814' title='bbox 3459 5233 3642 5303; x_wconf 86' lang='lat' dir='ltr'><strong>itaque</strong></span> <span class='ocrx_word' id='word_1_815' title='bbox 3673 5237 3738 5291; x_wconf 91' lang='lat' dir='ltr'><strong>de</strong></span> <span class='ocrx_word' id='word_1_816' title='bbox 3770 5239 3974 5295; x_wconf 88' lang='lat' dir='ltr'><strong>salubri</strong></span> <span class='ocrx_word' id='word_1_817' title='bbox 4012 5239 4140 5296; x_wconf 84' lang='lat' dir='ltr'><strong>flatu</strong></span> 
     </span>
    </p>
   </div>
   <div class='ocr_carea' id='block_1_113' title="bbox 2547 5314 4140 5386">
    <p class='ocr_par' dir='ltr' id='par_1_113' title="bbox 2547 5314 4140 5386">
     <span class='ocr_line' id='line_1_113' title="bbox 2547 5314 4140 5386; baseline 0.014 -22"><span class='ocrx_word' id='word_1_818' title='bbox 2547 5314 2676 5380; x_wconf 88' lang='lat' dir='ltr'><strong>quid</strong></span> <span class='ocrx_word' id='word_1_819' title='bbox 2713 5329 2808 5382; x_wconf 88' lang='lat' dir='ltr'><strong>per</strong></span> <span class='ocrx_word' id='word_1_820' title='bbox 2842 5315 3034 5370; x_wconf 90' lang='lat' dir='ltr'><strong>lsaiam</strong></span> <span class='ocrx_word' id='word_1_821' title='bbox 3069 5317 3328 5375; x_wconf 85' lang='lat' dir='ltr'><strong>Dominus</strong></span> <span class='ocrx_word' id='word_1_822' title='bbox 3357 5323 3489 5378; x_wconf 87' lang='lat' dir='ltr'><strong>dicit</strong></span> <span class='ocrx_word' id='word_1_823' title='bbox 3521 5343 3534 5378; x_wconf 88' lang='lat'><strong>:</strong></span> <span class='ocrx_word' id='word_1_824' title='bbox 3575 5345 3590 5376; x_wconf 80' lang='grc' dir='ltr'>ε</span> <span class='ocrx_word' id='word_1_825' title='bbox 3624 5325 3740 5382; x_wconf 79' lang='lat' dir='ltr'><strong>Non</strong></span> <span class='ocrx_word' id='word_1_826' title='bbox 3777 5328 3827 5382; x_wconf 93' lang='lat' dir='ltr'><strong>in</strong></span> <span class='ocrx_word' id='word_1_827' title='bbox 3877 5339 4140 5386; x_wconf 64' lang='lat' dir='ltr'><strong>internum</strong></span> 
     </span>
    </p>
   </div>
   <div class='ocr_carea' id='block_1_114' title="bbox 2548 5404 4142 5491">
    <p class='ocr_par' dir='ltr' id='par_1_114' title="bbox 2548 5404 4142 5491">
     <span class='ocr_line' id='line_1_114' title="bbox 2548 5404 4142 5491; baseline 0.014 -35"><span class='ocrx_word' id='word_1_828' title='bbox 2548 5404 2789 5471; x_wconf 80' lang='lat' dir='ltr'><strong>litigabo,</strong></span> <span class='ocrx_word' id='word_1_829' title='bbox 2823 5421 2999 5477; x_wconf 90' lang='lat' dir='ltr'><strong>neque</strong></span> <span class='ocrx_word' id='word_1_830' title='bbox 3028 5425 3199 5481; x_wconf 89' lang='lat' dir='ltr'><strong>usque</strong></span> <span class='ocrx_word' id='word_1_831' title='bbox 3224 5414 3291 5468; x_wconf 90' lang='lat' dir='ltr'><strong>ad</strong></span> <span class='ocrx_word' id='word_1_832' title='bbox 3318 5415 3479 5470; x_wconf 84' lang='lat' dir='ltr'><strong>finem</strong></span> <span class='ocrx_word' id='word_1_833' title='bbox 3506 5418 3739 5484; x_wconf 88' lang='lat' dir='ltr'><strong>irascar;</strong></span> <span class='ocrx_word' id='word_1_834' title='bbox 3764 5421 3887 5488; x_wconf 89' lang='lat' dir='ltr'><strong>quia</strong></span> <span class='ocrx_word' id='word_1_835' title='bbox 3915 5422 4142 5491; x_wconf 88' lang='lat' dir='ltr'><strong>spiritus</strong></span> 
     </span>
    </p>
   </div>
   <div class='ocr_carea' id='block_1_115' title="bbox 2548 5492 4136 5580">
    <p class='ocr_par' dir='ltr' id='par_1_115' title="bbox 2548 5492 4136 5580">
     <span class='ocr_line' id='line_1_115' title="bbox 2548 5492 4136 5580; baseline 0.014 -36"><span class='ocrx_word' id='word_1_836' title='bbox 2548 5507 2576 5544; x_wconf 87' lang='lat' dir='ltr'><strong>a</strong></span> <span class='ocrx_word' id='word_1_837' title='bbox 2608 5492 2747 5547; x_wconf 87' lang='lat' dir='ltr'><strong>facie</strong></span> <span class='ocrx_word' id='word_1_838' title='bbox 2775 5510 2892 5549; x_wconf 87' lang='lat' dir='ltr'><strong>mea</strong></span> <span class='ocrx_word' id='word_1_839' title='bbox 2925 5501 3258 5567; x_wconf 87' lang='lat' dir='ltr'><strong>egredietur,</strong></span> <span class='ocrx_word' id='word_1_840' title='bbox 3295 5513 3352 5557; x_wconf 92' lang='lat' dir='ltr'><strong>et</strong></span> <span class='ocrx_word' id='word_1_841' title='bbox 3379 5502 3563 5560; x_wconf 90' lang='lat' dir='ltr'><strong>flatum</strong></span> <span class='ocrx_word' id='word_1_842' title='bbox 3614 5522 3714 5578; x_wconf 90' lang='lat' dir='ltr'><strong>ego</strong></span> <span class='ocrx_word' id='word_1_843' title='bbox 3762 5508 3955 5564; x_wconf 85' lang='lat' dir='ltr'><strong>faciam</strong></span> <span class='ocrx_word' id='word_1_844' title='bbox 3990 5510 4136 5580; x_wconf 75' lang='grc' dir='ltr'><strong>(ιω.</strong></span> 
     </span>
    </p>
   </div>
   <div class='ocr_carea' id='block_1_116' title="bbox 2548 5585 4141 5672">
    <p class='ocr_par' dir='ltr' id='par_1_116' title="bbox 2548 5585 4141 5672">
     <span class='ocr_line' id='line_1_116' title="bbox 2548 5585 4141 5672; baseline 0.014 -36"><span class='ocrx_word' id='word_1_845' title='bbox 2548 5585 2699 5653; x_wconf 77' lang='lat' dir='ltr'><strong>Lvu).</strong></span> <span class='ocrx_word' id='word_1_846' title='bbox 2741 5604 2759 5636; x_wconf 76' lang='grc' dir='ltr'><strong><em>ι</em></strong></span> <span class='ocrx_word' id='word_1_847' title='bbox 2797 5585 2934 5642; x_wconf 83' lang='lat' dir='ltr'><strong>Audi</strong></span> <span class='ocrx_word' id='word_1_848' title='bbox 2966 5591 3067 5644; x_wconf 90' lang='lat' dir='ltr'><strong>sub</strong></span> <span class='ocrx_word' id='word_1_849' title='bbox 3094 5591 3214 5647; x_wconf 87' lang='lat' dir='ltr'><strong>aliis</strong></span> <span class='ocrx_word' id='word_1_850' title='bbox 3253 5594 3474 5666; x_wconf 90' lang='lat' dir='ltr'><strong>syllabis</strong></span> <span class='ocrx_word' id='word_1_851' title='bbox 3499 5599 3565 5651; x_wconf 90' lang='lat' dir='ltr'><strong>dc</strong></span> <span class='ocrx_word' id='word_1_852' title='bbox 3597 5598 3742 5654; x_wconf 92' lang='lat' dir='ltr'><strong>malo</strong></span> <span class='ocrx_word' id='word_1_853' title='bbox 3770 5599 3963 5669; x_wconf 89' lang='lat' dir='ltr'><strong>spiritu</strong></span> <span class='ocrx_word' id='word_1_854' title='bbox 4007 5603 4141 5672; x_wconf 89' lang='lat' dir='ltr'><strong>quid</strong></span> 
     </span>
    </p>
   </div>
   <div class='ocr_carea' id='block_1_117' title="bbox 2548 5675 4135 5759">
    <p class='ocr_par' dir='ltr' id='par_1_117' title="bbox 2548 5675 4135 5759">
     <span class='ocr_line' id='line_1_117' title="bbox 2548 5675 4135 5759; baseline 0.012 -31"><span class='ocrx_word' id='word_1_855' title='bbox 2548 5675 2744 5732; x_wconf 78' lang='lat' dir='ltr'><strong>Paulus</strong></span> <span class='ocrx_word' id='word_1_856' title='bbox 2769 5677 2948 5734; x_wconf 89' lang='lat' dir='ltr'><strong>dicat:</strong></span> <span class='ocrx_word' id='word_1_857' title='bbox 2984 5700 2999 5731; x_wconf 75' lang='grc' dir='ltr'><strong><em>ι</em></strong></span> <span class='ocrx_word' id='word_1_858' title='bbox 3037 5681 3265 5738; x_wconf 73' lang='lat' dir='ltr'><strong>l’t‘ofnna</strong></span> <span class='ocrx_word' id='word_1_859' title='bbox 3316 5695 3371 5740; x_wconf 89' lang='lat' dir='ltr'><strong>et</strong></span> <span class='ocrx_word' id='word_1_860' title='bbox 3420 5687 3706 5759; x_wconf 88' lang='lat' dir='ltr'><strong>vaniloqua</strong></span> <span class='ocrx_word' id='word_1_861' title='bbox 3737 5689 3898 5745; x_wconf 89' lang='lat' dir='ltr'><strong>verba</strong></span> <span class='ocrx_word' id='word_1_862' title='bbox 3923 5691 4135 5755; x_wconf 86' lang='lat' dir='ltr'><strong>devita;</strong></span> 
     </span>
    </p>
   </div>
   <div class='ocr_carea' id='block_1_118' title="bbox 2549 5767 4128 5848">
    <p class='ocr_par' dir='ltr' id='par_1_118' title="bbox 2549 5767 4128 5848">
     <span class='ocr_line' id='line_1_118' title="bbox 2549 5767 4128 5848; baseline 0.011 -27"><span class='ocrx_word' id='word_1_863' title='bbox 2549 5767 2773 5822; x_wconf 86' lang='lat' dir='ltr'><strong>multum</strong></span> <span class='ocrx_word' id='word_1_864' title='bbox 2833 5771 2974 5825; x_wconf 84' lang='lat' dir='ltr'><strong>enim</strong></span> <span class='ocrx_word' id='word_1_865' title='bbox 3005 5775 3293 5843; x_wconf 64' lang='lat' dir='ltr'><strong>proficiunt</strong></span> <span class='ocrx_word' id='word_1_866' title='bbox 3337 5776 3402 5833; x_wconf 87' lang='lat' dir='ltr'><strong>ad</strong></span> <span class='ocrx_word' id='word_1_867' title='bbox 3439 5777 3791 5848; x_wconf 84' lang='lat' dir='ltr'><strong>impietatem,</strong></span> <span class='ocrx_word' id='word_1_868' title='bbox 3849 5791 3902 5839; x_wconf 88' lang='lat' dir='ltr'><strong>ct</strong></span> <span class='ocrx_word' id='word_1_869' title='bbox 3948 5792 4128 5839; x_wconf 84' lang='lat' dir='ltr'><strong>sermo</strong></span> 
     </span>
    </p>
   </div>
  </div>
