  <div class='ocr_page' id='page_1' title='image "/cluster/home/n/w/nwhite01/storage/ocr_20150623/144-145/uc1.31175001639262/933.png"; bbox 0 0 5882 6646; ppageno 0'>
   <div class='ocr_carea' id='block_1_1' title="bbox 202 32 2015 272">
    <p class='ocr_par' dir='ltr' id='par_1_1' title="bbox 206 32 2011 267">
     <span class='ocr_line' id='line_1_1' title="bbox 206 32 2011 267; baseline -0.002 -158"><span class='ocrx_word' id='word_1_1' title='bbox 714 32 929 41; x_wconf 31' lang='lat' dir='ltr'><strong>ﬁ“</strong></span> <span class='ocrx_word' id='word_1_2' title='bbox 950 38 1225 51; x_wconf 44' lang='grc' dir='ltr'><strong>ίντίτ</strong></span> <span class='ocrx_word' id='word_1_3' title='bbox 1292 54 1307 55; x_wconf 44' lang='grc' dir='ltr'><strong>κέ</strong></span> <span class='ocrx_word' id='word_1_4' title='bbox 1960 88 1963 89; x_wconf 38' lang='grc' dir='ltr'><em>κ</em></span> 
     </span>
    </p>
   </div>
   <div class='ocr_carea' id='block_1_2' title="bbox 200 6440 692 6550">
    <p class='ocr_par' dir='ltr' id='par_1_2' title="bbox 205 6444 687 6546">
     <span class='ocr_line' id='line_1_2' title="bbox 205 6444 687 6546; baseline 0 0"><span class='ocrx_word' id='word_1_5' title='bbox 205 6444 687 6546; x_wconf 34' lang='grc' dir='ltr'>μ</span> 
     </span>
    </p>
   </div>
   <div class='ocr_carea' id='block_1_3' title="bbox 2541 505 2641 563">
    <p class='ocr_par' dir='ltr' id='par_1_3' title="bbox 2541 505 2641 563">
     <span class='ocr_line' id='line_1_3' title="bbox 2541 505 2641 563; baseline -0.02 0"><span class='ocrx_word' id='word_1_6' title='bbox 2541 505 2641 563; x_wconf 77' lang='lat'><strong>781</strong></span> 
     </span>
    </p>
   </div>
   <div class='ocr_carea' id='block_1_4' title="bbox 2995 502 5313 568">
    <p class='ocr_par' dir='ltr' id='par_1_4' title="bbox 2995 502 5313 568">
     <span class='ocr_line' id='line_1_4' title="bbox 2995 502 5313 568; baseline -0.004 -3"><span class='ocrx_word' id='word_1_7' title='bbox 2995 507 3055 565; x_wconf 83' lang='lat' dir='ltr'><strong>S.</strong></span> <span class='ocrx_word' id='word_1_8' title='bbox 3091 506 3295 565; x_wconf 78' lang='lat' dir='ltr'><strong>PETRI</strong></span> <span class='ocrx_word' id='word_1_9' title='bbox 3320 508 3599 565; x_wconf 75' lang='lat' dir='ltr'><strong>DAIIIANI</strong></span> <span class='ocrx_word' id='word_1_10' title='bbox 3636 506 3787 565; x_wconf 87' lang='lat' dir='ltr'><strong>OPP.</strong></span> <span class='ocrx_word' id='word_1_11' title='bbox 3830 507 4065 568; x_wconf 73' lang='lat' dir='ltr'><strong>TOHUS</strong></span> <span class='ocrx_word' id='word_1_12' title='bbox 4095 507 4227 565; x_wconf 80' lang='lat' dir='ltr'><strong>SEU</strong></span> <span class='ocrx_word' id='word_1_13' title='bbox 4254 505 4433 563; x_wconf 76' lang='lat' dir='ltr'><strong>PARS</strong></span> <span class='ocrx_word' id='word_1_14' title='bbox 4469 506 4555 563; x_wconf 87' lang='lat' dir='ltr'><strong>III.</strong></span> <span class='ocrx_word' id='word_1_15' title='bbox 4578 538 4627 549; x_wconf 89' lang='lat'><strong><em>—</em></strong></span> <span class='ocrx_word' id='word_1_16' title='bbox 4683 502 5040 564; x_wconf 73' lang='lat' dir='ltr'><strong>OPUSCULA</strong></span> <span class='ocrx_word' id='word_1_17' title='bbox 5081 502 5313 561; x_wconf 71' lang='lat' dir='ltr'><strong>VAltlA.</strong></span> 
     </span>
    </p>
   </div>
   <div class='ocr_carea' id='block_1_5' title="bbox 5653 496 5749 552">
    <p class='ocr_par' dir='ltr' id='par_1_5' title="bbox 5653 496 5749 552">
     <span class='ocr_line' id='line_1_5' title="bbox 5653 496 5749 552; baseline 0.042 -4"><span class='ocrx_word' id='word_1_18' title='bbox 5653 496 5749 552; x_wconf 81' lang='lat'><strong>788</strong></span> 
     </span>
    </p>
   </div>
   <div class='ocr_carea' id='block_1_6' title="bbox 2532 606 5758 695">
    <p class='ocr_par' dir='ltr' id='par_1_6' title="bbox 2532 606 5758 695">
     <span class='ocr_line' id='line_1_6' title="bbox 2532 606 5758 695; baseline -0.007 -15"><span class='ocrx_word' id='word_1_19' title='bbox 2532 638 2717 680; x_wconf 70' lang='lat' dir='ltr'><strong>eorum</strong></span> <span class='ocrx_word' id='word_1_20' title='bbox 2754 622 2920 681; x_wconf 82' lang='lat' dir='ltr'><strong>seruit</strong></span> <span class='ocrx_word' id='word_1_21' title='bbox 2950 632 3007 677; x_wconf 92' lang='lat' dir='ltr'><strong>ut</strong></span> <span class='ocrx_word' id='word_1_22' title='bbox 3034 637 3229 678; x_wconf 86' lang='lat' dir='ltr'><strong>cancer</strong></span> <span class='ocrx_word' id='word_1_23' title='bbox 3264 620 3351 692; x_wconf 87' lang='lat' dir='ltr'><strong>(II</strong></span> <span class='ocrx_word' id='word_1_24' title='bbox 3388 620 3522 679; x_wconf 82' lang='lat' dir='ltr'><strong>Tim.</strong></span> <span class='ocrx_word' id='word_1_25' title='bbox 3563 622 3645 690; x_wconf 87' lang='lat' dir='ltr'><strong>tt).</strong></span> <span class='ocrx_word' id='word_1_26' title='bbox 3678 642 3698 676; x_wconf 77' lang='grc' dir='ltr'><strong>ι</strong></span> <span class='ocrx_word' id='word_1_27' title='bbox 3746 623 3885 677; x_wconf 99' lang='lat' dir='ltr'><strong>Audi</strong></span> <span class='ocrx_word' id='word_1_28' title='bbox 3920 638 4109 679; x_wconf 86' lang='lat' dir='ltr'><strong>rursus</strong></span> <span class='ocrx_word' id='word_1_29' title='bbox 4136 626 4184 686; x_wconf 82' lang='grc' dir='ltr'>Α</span> <span class='ocrx_word' id='word_1_30' title='bbox 4210 622 4441 678; x_wconf 77' lang='lat' dir='ltr'><strong>familias</strong></span> <span class='ocrx_word' id='word_1_31' title='bbox 4470 623 4524 676; x_wconf 93' lang='lat' dir='ltr'><strong>in</strong></span> <span class='ocrx_word' id='word_1_32' title='bbox 4565 620 4803 695; x_wconf 67' lang='lat' dir='ltr'><strong>Egypto</strong></span> <span class='ocrx_word' id='word_1_33' title='bbox 4838 630 5063 676; x_wconf 85' lang='lat' dir='ltr'><strong>testatur</strong></span> <span class='ocrx_word' id='word_1_34' title='bbox 5090 614 5401 677; x_wconf 87' lang='lat' dir='ltr'><strong>edomitam,</strong></span> <span class='ocrx_word' id='word_1_35' title='bbox 5430 619 5485 666; x_wconf 89' lang='lat' dir='ltr'><strong>et</strong></span> <span class='ocrx_word' id='word_1_36' title='bbox 5529 606 5758 678; x_wconf 83' lang='lat' dir='ltr'><strong>quotidie</strong></span> 
     </span>
    </p>
   </div>
   <div class='ocr_carea' id='block_1_7' title="bbox 2527 711 4103 783">
    <p class='ocr_par' dir='ltr' id='par_1_7' title="bbox 2527 711 4103 783">
     <span class='ocr_line' id='line_1_7' title="bbox 2527 711 4103 783; baseline -0.001 -15"><span class='ocrx_word' id='word_1_37' title='bbox 2527 730 2628 783; x_wconf 85' lang='lat' dir='ltr'><strong>per</strong></span> <span class='ocrx_word' id='word_1_38' title='bbox 2663 715 2857 768; x_wconf 80' lang='lat' dir='ltr'><strong>Isaiam</strong></span> <span class='ocrx_word' id='word_1_39' title='bbox 2893 713 3032 768; x_wconf 85' lang='lat' dir='ltr'><strong>bene</strong></span> <span class='ocrx_word' id='word_1_40' title='bbox 3080 711 3424 767; x_wconf 83' lang='lat' dir='ltr'><strong>suillantem:</strong></span> <span class='ocrx_word' id='word_1_41' title='bbox 3486 731 3505 765; x_wconf 83' lang='grc' dir='ltr'><strong>ι</strong></span> <span class='ocrx_word' id='word_1_42' title='bbox 3538 711 3703 777; x_wconf 83' lang='lat' dir='ltr'><strong>Ecce,</strong></span> <span class='ocrx_word' id='word_1_43' title='bbox 3755 713 3949 782; x_wconf 87' lang='lat' dir='ltr'><strong>inquit,</strong></span> <span class='ocrx_word' id='word_1_44' title='bbox 4003 727 4103 783; x_wconf 90' lang='lat' dir='ltr'><strong>ego</strong></span> 
     </span>
    </p>
   </div>
   <div class='ocr_carea' id='block_1_8' title="bbox 2527 798 4104 872">
    <p class='ocr_par' dir='ltr' id='par_1_8' title="bbox 2527 798 4104 872">
     <span class='ocr_line' id='line_1_8' title="bbox 2527 798 4104 872; baseline 0.001 -17"><span class='ocrx_word' id='word_1_45' title='bbox 2527 802 2705 855; x_wconf 84' lang='lat' dir='ltr'><strong>creavi</strong></span> <span class='ocrx_word' id='word_1_46' title='bbox 2747 800 2956 854; x_wconf 86' lang='lat' dir='ltr'><strong>fabrum</strong></span> <span class='ocrx_word' id='word_1_47' title='bbox 2986 798 3290 855; x_wconf 78' lang='lat' dir='ltr'><strong>sufﬂantem</strong></span> <span class='ocrx_word' id='word_1_48' title='bbox 3319 806 3370 855; x_wconf 90' lang='lat' dir='ltr'><strong>in</strong></span> <span class='ocrx_word' id='word_1_49' title='bbox 3405 800 3529 871; x_wconf 85' lang='lat' dir='ltr'><strong>igne</strong></span> <span class='ocrx_word' id='word_1_50' title='bbox 3567 816 3786 872; x_wconf 89' lang='lat' dir='ltr'><strong>prunas,</strong></span> <span class='ocrx_word' id='word_1_51' title='bbox 3826 811 3877 856; x_wconf 89' lang='lat' dir='ltr'><strong>et</strong></span> <span class='ocrx_word' id='word_1_52' title='bbox 3925 800 4104 871; x_wconf 84' lang='lat' dir='ltr'><strong>profe-</strong></span> 
     </span>
    </p>
   </div>
   <div class='ocr_carea' id='block_1_9' title="bbox 2528 890 4104 962">
    <p class='ocr_par' dir='ltr' id='par_1_9' title="bbox 2528 890 4104 962">
     <span class='ocr_line' id='line_1_9' title="bbox 2528 890 4104 962; baseline 0.001 -17"><span class='ocrx_word' id='word_1_53' title='bbox 2528 900 2735 945; x_wconf 82' lang='lat' dir='ltr'><strong>rentem</strong></span> <span class='ocrx_word' id='word_1_54' title='bbox 2772 905 2866 945; x_wconf 87' lang='lat' dir='ltr'><strong>vas</strong></span> <span class='ocrx_word' id='word_1_55' title='bbox 2896 891 2948 945; x_wconf 93' lang='lat' dir='ltr'><strong>in</strong></span> <span class='ocrx_word' id='word_1_56' title='bbox 2976 906 3109 960; x_wconf 89' lang='lat' dir='ltr'><strong>opus</strong></span> <span class='ocrx_word' id='word_1_57' title='bbox 3134 906 3291 949; x_wconf 86' lang='lat' dir='ltr'><strong>suum</strong></span> <span class='ocrx_word' id='word_1_58' title='bbox 3320 890 3454 961; x_wconf 70' lang='lat' dir='ltr'><strong>(Ita.</strong></span> <span class='ocrx_word' id='word_1_59' title='bbox 3484 896 3632 961; x_wconf 79' lang='lat' dir='ltr'><strong>LIV);</strong></span> <span class='ocrx_word' id='word_1_60' title='bbox 3665 912 3683 945; x_wconf 83' lang='grc' dir='ltr'><strong>ι</strong></span> <span class='ocrx_word' id='word_1_61' title='bbox 3718 907 3783 946; x_wconf 89' lang='lat' dir='ltr'><strong>ac</strong></span> <span class='ocrx_word' id='word_1_62' title='bbox 3811 900 4011 962; x_wconf 73' lang='lat' dir='ltr'><strong>prazsto</strong></span> <span class='ocrx_word' id='word_1_63' title='bbox 4038 891 4104 946; x_wconf 89' lang='lat' dir='ltr'><strong>de</strong></span> 
     </span>
    </p>
   </div>
   <div class='ocr_carea' id='block_1_10' title="bbox 2525 981 4103 1052">
    <p class='ocr_par' dir='ltr' id='par_1_10' title="bbox 2525 981 4103 1052">
     <span class='ocr_line' id='line_1_10' title="bbox 2525 981 4103 1052; baseline -0.001 -16"><span class='ocrx_word' id='word_1_64' title='bbox 2525 981 2804 1037; x_wconf 88' lang='lat' dir='ltr'><strong>tnutiiibus</strong></span> <span class='ocrx_word' id='word_1_65' title='bbox 2857 984 3022 1047; x_wconf 82' lang='lat' dir='ltr'><strong>vasis,</strong></span> <span class='ocrx_word' id='word_1_66' title='bbox 3068 998 3189 1052; x_wconf 74' lang='lat' dir='ltr'><strong>quze</strong></span> <span class='ocrx_word' id='word_1_67' title='bbox 3236 981 3443 1037; x_wconf 83' lang='lat' dir='ltr'><strong>scilicet</strong></span> <span class='ocrx_word' id='word_1_68' title='bbox 3482 983 3537 1037; x_wconf 92' lang='lat' dir='ltr'><strong>in</strong></span> <span class='ocrx_word' id='word_1_69' title='bbox 3592 981 3972 1039; x_wconf 86' lang='lat' dir='ltr'><strong>contumeliam</strong></span> <span class='ocrx_word' id='word_1_70' title='bbox 4008 994 4103 1050; x_wconf 89' lang='lat' dir='ltr'><strong>per</strong></span> 
     </span>
    </p>
   </div>
   <div class='ocr_carea' id='block_1_11' title="bbox 2522 1068 4099 1143">
    <p class='ocr_par' dir='ltr' id='par_1_11' title="bbox 2522 1068 4099 1143">
     <span class='ocr_line' id='line_1_11' title="bbox 2522 1068 4099 1143; baseline -0.001 -18"><span class='ocrx_word' id='word_1_71' title='bbox 2522 1072 2600 1126; x_wconf 93' lang='lat' dir='ltr'><strong>oti</strong></span> <span class='ocrx_word' id='word_1_72' title='bbox 2624 1086 2697 1126; x_wconf 62' lang='lat' dir='ltr'><strong>isa</strong></span> <span class='ocrx_word' id='word_1_73' title='bbox 2720 1072 2879 1125; x_wconf 77' lang='lat' dir='ltr'><strong>Verba</strong></span> <span class='ocrx_word' id='word_1_74' title='bbox 2906 1070 3231 1136; x_wconf 81' lang='lat' dir='ltr'><strong>formantur,</strong></span> <span class='ocrx_word' id='word_1_75' title='bbox 3262 1073 3572 1143; x_wconf 72' lang='lat' dir='ltr'><strong>adiungitur</strong></span> <span class='ocrx_word' id='word_1_76' title='bbox 3602 1089 3616 1126; x_wconf 90' lang='lat'><strong>:</strong></span> <span class='ocrx_word' id='word_1_77' title='bbox 3644 1092 3661 1123; x_wconf 82' lang='grc' dir='ltr'><strong>ι</strong></span> <span class='ocrx_word' id='word_1_78' title='bbox 3698 1071 3766 1124; x_wconf 87' lang='lat' dir='ltr'><strong>Et</strong></span> <span class='ocrx_word' id='word_1_79' title='bbox 3797 1085 3898 1140; x_wconf 90' lang='lat' dir='ltr'><strong>ego</strong></span> <span class='ocrx_word' id='word_1_80' title='bbox 3919 1068 4099 1124; x_wconf 88' lang='lat' dir='ltr'><strong>creavi</strong></span> 
     </span>
    </p>
   </div>
   <div class='ocr_carea' id='block_1_12' title="bbox 2522 1158 4104 1229">
    <p class='ocr_par' dir='ltr' id='par_1_12' title="bbox 2522 1158 4104 1229">
     <span class='ocr_line' id='line_1_12' title="bbox 2522 1158 4104 1229; baseline -0.001 -15"><span class='ocrx_word' id='word_1_81' title='bbox 2522 1158 2923 1215; x_wconf 79' lang='lat' dir='ltr'><strong>interfectorem</strong></span> <span class='ocrx_word' id='word_1_82' title='bbox 2954 1160 3019 1214; x_wconf 90' lang='lat' dir='ltr'><strong>ad</strong></span> <span class='ocrx_word' id='word_1_83' title='bbox 3053 1162 3495 1229; x_wconf 89' lang='lat' dir='ltr'><strong>disperdendum;</strong></span> <span class='ocrx_word' id='word_1_84' title='bbox 3527 1176 3687 1216; x_wconf 88' lang='lat' dir='ltr'><strong>omne</strong></span> <span class='ocrx_word' id='word_1_85' title='bbox 3730 1175 3827 1214; x_wconf 88' lang='lat' dir='ltr'><strong>vas</strong></span> <span class='ocrx_word' id='word_1_86' title='bbox 3855 1159 3998 1229; x_wconf 91' lang='lat' dir='ltr'><strong>quod</strong></span> <span class='ocrx_word' id='word_1_87' title='bbox 4038 1160 4104 1213; x_wconf 81' lang='lat' dir='ltr'><strong>fi-</strong></span> 
     </span>
    </p>
   </div>
   <div class='ocr_carea' id='block_1_13' title="bbox 2520 1249 4100 1321">
    <p class='ocr_par' dir='ltr' id='par_1_13' title="bbox 2520 1249 4100 1321">
     <span class='ocr_line' id='line_1_13' title="bbox 2520 1249 4100 1321; baseline -0.001 -17"><span class='ocrx_word' id='word_1_88' title='bbox 2520 1258 2667 1304; x_wconf 85' lang='lat' dir='ltr'><strong>ctum</strong></span> <span class='ocrx_word' id='word_1_89' title='bbox 2718 1261 2820 1312; x_wconf 86' lang='lat' dir='ltr'><strong>est,</strong></span> <span class='ocrx_word' id='word_1_90' title='bbox 2852 1259 3038 1305; x_wconf 89' lang='lat' dir='ltr'><strong>contra</strong></span> <span class='ocrx_word' id='word_1_91' title='bbox 3083 1260 3135 1305; x_wconf 90' lang='lat' dir='ltr'><strong>te</strong></span> <span class='ocrx_word' id='word_1_92' title='bbox 3183 1266 3291 1305; x_wconf 86' lang='lat' dir='ltr'><strong>non</strong></span> <span class='ocrx_word' id='word_1_93' title='bbox 3340 1251 3597 1320; x_wconf 74' lang='lat' dir='ltr'><strong>dirigetur</strong></span> <span class='ocrx_word' id='word_1_94' title='bbox 3627 1249 3836 1321; x_wconf 82' lang='lat' dir='ltr'><strong>(Ibid.).</strong></span> <span class='ocrx_word' id='word_1_95' title='bbox 3870 1269 3888 1302; x_wconf 87' lang='grc' dir='ltr'><strong>ι</strong></span> <span class='ocrx_word' id='word_1_96' title='bbox 3963 1249 4100 1316; x_wconf 87' lang='lat' dir='ltr'><strong>Quid</strong></span> 
     </span>
    </p>
   </div>
   <div class='ocr_carea' id='block_1_14' title="bbox 2527 1336 4097 1407">
    <p class='ocr_par' dir='ltr' id='par_1_14' title="bbox 2527 1336 4097 1407">
     <span class='ocr_line' id='line_1_14' title="bbox 2527 1336 4097 1407; baseline 0.001 -17"><span class='ocrx_word' id='word_1_97' title='bbox 2527 1347 2706 1391; x_wconf 89' lang='lat' dir='ltr'><strong>autem</strong></span> <span class='ocrx_word' id='word_1_98' title='bbox 2728 1338 2798 1393; x_wconf 85' lang='lat' dir='ltr'><strong>sit</strong></span> <span class='ocrx_word' id='word_1_99' title='bbox 2825 1338 2963 1393; x_wconf 87' lang='lat' dir='ltr'><strong>istud</strong></span> <span class='ocrx_word' id='word_1_100' title='bbox 2988 1354 3081 1391; x_wconf 85' lang='lat' dir='ltr'><strong>vas</strong></span> <span class='ocrx_word' id='word_1_101' title='bbox 3101 1339 3242 1407; x_wconf 84' lang='lat' dir='ltr'><strong>quod</strong></span> <span class='ocrx_word' id='word_1_102' title='bbox 3268 1338 3335 1391; x_wconf 86' lang='lat' dir='ltr'><strong>ab</strong></span> <span class='ocrx_word' id='word_1_103' title='bbox 3362 1337 3709 1393; x_wconf 77' lang='lat' dir='ltr'><strong>interfectore</strong></span> <span class='ocrx_word' id='word_1_104' title='bbox 3750 1336 4097 1407; x_wconf 89' lang='lat' dir='ltr'><strong>dispergitur,</strong></span> 
     </span>
    </p>
   </div>
   <div class='ocr_carea' id='block_1_15' title="bbox 2519 1427 4093 1498">
    <p class='ocr_par' dir='ltr' id='par_1_15' title="bbox 2519 1427 4093 1498">
     <span class='ocr_line' id='line_1_15' title="bbox 2519 1427 4093 1498; baseline -0.001 -17"><span class='ocrx_word' id='word_1_105' title='bbox 2519 1430 2860 1498; x_wconf 78' lang='lat' dir='ltr'><strong>apertissime</strong></span> <span class='ocrx_word' id='word_1_106' title='bbox 2913 1428 3219 1483; x_wconf 79' lang='lat' dir='ltr'><strong>declaratur</strong></span> <span class='ocrx_word' id='word_1_107' title='bbox 3276 1444 3395 1483; x_wconf 79' lang='lat' dir='ltr'><strong>eum</strong></span> <span class='ocrx_word' id='word_1_108' title='bbox 3451 1439 3651 1498; x_wconf 71' lang='lat' dir='ltr'><strong>praesto</strong></span> <span class='ocrx_word' id='word_1_109' title='bbox 3696 1427 4093 1497; x_wconf 74' lang='lat' dir='ltr'><strong>subiungitur:</strong></span> 
     </span>
    </p>
   </div>
   <div class='ocr_carea' id='block_1_16' title="bbox 2528 1512 4097 1589">
    <p class='ocr_par' dir='ltr' id='par_1_16' title="bbox 2528 1512 4097 1589">
     <span class='ocr_line' id='line_1_16' title="bbox 2528 1512 4097 1589; baseline -0.001 -17"><span class='ocrx_word' id='word_1_110' title='bbox 2528 1536 2546 1566; x_wconf 74' lang='grc' dir='ltr'><strong>ι</strong></span> <span class='ocrx_word' id='word_1_111' title='bbox 2590 1519 2655 1572; x_wconf 84' lang='lat' dir='ltr'><strong>Et</strong></span> <span class='ocrx_word' id='word_1_112' title='bbox 2673 1534 2884 1574; x_wconf 91' lang='lat' dir='ltr'><strong>omnem</strong></span> <span class='ocrx_word' id='word_1_113' title='bbox 2909 1519 3139 1589; x_wconf 78' lang='lat' dir='ltr'><strong>linguam</strong></span> <span class='ocrx_word' id='word_1_114' title='bbox 3166 1512 3499 1574; x_wconf 81' lang='lat' dir='ltr'><strong>resistentem</strong></span> <span class='ocrx_word' id='word_1_115' title='bbox 3535 1521 3629 1573; x_wconf 88' lang='lat' dir='ltr'><strong>tibi</strong></span> <span class='ocrx_word' id='word_1_116' title='bbox 3660 1520 3710 1572; x_wconf 93' lang='lat' dir='ltr'><strong>in</strong></span> <span class='ocrx_word' id='word_1_117' title='bbox 3732 1517 4097 1588; x_wconf 87' lang='lat' dir='ltr'><strong>judiciojudi-</strong></span> 
     </span>
    </p>
   </div>
   <div class='ocr_carea' id='block_1_17' title="bbox 2518 1607 4091 1679">
    <p class='ocr_par' dir='ltr' id='par_1_17' title="bbox 2518 1607 4091 1679">
     <span class='ocr_line' id='line_1_17' title="bbox 2518 1607 4091 1679; baseline -0.004 -16"><span class='ocrx_word' id='word_1_118' title='bbox 2518 1609 2669 1663; x_wconf 75' lang='lat' dir='ltr'><strong>c‘abis</strong></span> <span class='ocrx_word' id='word_1_119' title='bbox 2704 1608 2912 1679; x_wconf 83' lang='lat' dir='ltr'><strong>(Ibid.).</strong></span> <span class='ocrx_word' id='word_1_120' title='bbox 2955 1627 2973 1659; x_wconf 87' lang='grc' dir='ltr'><strong>ι</strong></span> <span class='ocrx_word' id='word_1_121' title='bbox 3006 1608 3141 1674; x_wconf 85' lang='lat' dir='ltr'><strong>Quid</strong></span> <span class='ocrx_word' id='word_1_122' title='bbox 3172 1618 3253 1663; x_wconf 90' lang='lat' dir='ltr'><strong>est</strong></span> <span class='ocrx_word' id='word_1_123' title='bbox 3280 1619 3458 1662; x_wconf 89' lang='lat' dir='ltr'><strong>autem</strong></span> <span class='ocrx_word' id='word_1_124' title='bbox 3500 1608 3642 1677; x_wconf 90' lang='lat' dir='ltr'><strong>quod</strong></span> <span class='ocrx_word' id='word_1_125' title='bbox 3668 1608 3755 1662; x_wconf 75' lang='lat' dir='ltr'><strong>hic</strong></span> <span class='ocrx_word' id='word_1_126' title='bbox 3782 1607 3949 1662; x_wconf 83' lang='lat' dir='ltr'><strong>Isaias</strong></span> <span class='ocrx_word' id='word_1_127' title='bbox 3977 1607 4052 1659; x_wconf 89' lang='lat' dir='ltr'><strong>ait</strong></span> <span class='ocrx_word' id='word_1_128' title='bbox 4080 1624 4091 1657; x_wconf 92' lang='lat'>:</span> 
     </span>
    </p>
   </div>
   <div class='ocr_carea' id='block_1_18' title="bbox 2523 1696 4099 1773">
    <p class='ocr_par' dir='ltr' id='par_1_18' title="bbox 2523 1696 4099 1773">
     <span class='ocr_line' id='line_1_18' title="bbox 2523 1696 4099 1773; baseline 0 -24"><span class='ocrx_word' id='word_1_129' title='bbox 2523 1716 2541 1748; x_wconf 79' lang='grc' dir='ltr'><strong>ι</strong></span> <span class='ocrx_word' id='word_1_130' title='bbox 2573 1698 2799 1751; x_wconf 86' lang='lat' dir='ltr'><strong>Omnem</strong></span> <span class='ocrx_word' id='word_1_131' title='bbox 2830 1697 3065 1767; x_wconf 76' lang='lat' dir='ltr'><strong>linguam</strong></span> <span class='ocrx_word' id='word_1_132' title='bbox 3114 1698 3455 1751; x_wconf 84' lang='lat' dir='ltr'><strong>resistentem</strong></span> <span class='ocrx_word' id='word_1_133' title='bbox 3506 1698 3610 1773; x_wconf 71' lang='lat' dir='ltr'><strong>tibi</strong></span> <span class='ocrx_word' id='word_1_134' title='bbox 3645 1699 3695 1751; x_wconf 92' lang='lat' dir='ltr'><strong>in</strong></span> <span class='ocrx_word' id='word_1_135' title='bbox 3729 1697 3933 1767; x_wconf 85' lang='lat' dir='ltr'><strong>judicio</strong></span> <span class='ocrx_word' id='word_1_136' title='bbox 3953 1696 4099 1766; x_wconf 85' lang='lat' dir='ltr'><strong>judi-</strong></span> 
     </span>
    </p>
   </div>
   <div class='ocr_carea' id='block_1_19' title="bbox 2517 1786 4091 1857">
    <p class='ocr_par' dir='ltr' id='par_1_19' title="bbox 2517 1786 4091 1857">
     <span class='ocr_line' id='line_1_19' title="bbox 2517 1786 4091 1857; baseline -0.001 -17"><span class='ocrx_word' id='word_1_137' title='bbox 2517 1786 2705 1841; x_wconf 87' lang='lat' dir='ltr'><strong>cabis?</strong></span> <span class='ocrx_word' id='word_1_138' title='bbox 2739 1806 2755 1837; x_wconf 87' lang='grc' dir='ltr'><strong>ι</strong></span> <span class='ocrx_word' id='word_1_139' title='bbox 2802 1788 2904 1840; x_wconf 89' lang='lat' dir='ltr'><strong>nisi</strong></span> <span class='ocrx_word' id='word_1_140' title='bbox 2936 1788 3061 1851; x_wconf 90' lang='lat' dir='ltr'><strong>hoc,</strong></span> <span class='ocrx_word' id='word_1_141' title='bbox 3088 1790 3229 1855; x_wconf 87' lang='lat' dir='ltr'><strong>quod</strong></span> <span class='ocrx_word' id='word_1_142' title='bbox 3263 1787 3313 1839; x_wconf 93' lang='lat' dir='ltr'><strong>in</strong></span> <span class='ocrx_word' id='word_1_143' title='bbox 3358 1787 3649 1857; x_wconf 81' lang='lat' dir='ltr'><strong>Evangelio</strong></span> <span class='ocrx_word' id='word_1_144' title='bbox 3679 1787 3890 1841; x_wconf 82' lang='lat' dir='ltr'><strong>Veritas</strong></span> <span class='ocrx_word' id='word_1_145' title='bbox 3920 1786 4049 1841; x_wconf 85' lang='lat' dir='ltr'><strong>dicit</strong></span> <span class='ocrx_word' id='word_1_146' title='bbox 4078 1803 4091 1839; x_wconf 91' lang='lat'><strong>:</strong></span> 
     </span>
    </p>
   </div>
   <div class='ocr_carea' id='block_1_20' title="bbox 2524 1876 4093 1945">
    <p class='ocr_par' dir='ltr' id='par_1_20' title="bbox 2524 1876 4093 1945">
     <span class='ocr_line' id='line_1_20' title="bbox 2524 1876 4093 1945; baseline 0.003 -19"><span class='ocrx_word' id='word_1_147' title='bbox 2524 1896 2540 1926; x_wconf 74' lang='grc' dir='ltr'><strong>ε</strong></span> <span class='ocrx_word' id='word_1_148' title='bbox 2576 1877 2650 1931; x_wconf 89' lang='lat' dir='ltr'><strong>De</strong></span> <span class='ocrx_word' id='word_1_149' title='bbox 2681 1878 2824 1930; x_wconf 90' lang='lat' dir='ltr'><strong>omni</strong></span> <span class='ocrx_word' id='word_1_150' title='bbox 2850 1878 3013 1930; x_wconf 89' lang='lat' dir='ltr'><strong>verbo</strong></span> <span class='ocrx_word' id='word_1_151' title='bbox 3042 1879 3229 1937; x_wconf 85' lang='lat' dir='ltr'><strong>otioso,</strong></span> <span class='ocrx_word' id='word_1_152' title='bbox 3257 1878 3398 1945; x_wconf 90' lang='lat' dir='ltr'><strong>quod</strong></span> <span class='ocrx_word' id='word_1_153' title='bbox 3421 1877 3583 1931; x_wconf 92' lang='lat' dir='ltr'><strong>locuti</strong></span> <span class='ocrx_word' id='word_1_154' title='bbox 3606 1878 3805 1931; x_wconf 87' lang='lat' dir='ltr'><strong>fuerint</strong></span> <span class='ocrx_word' id='word_1_155' title='bbox 3829 1876 4093 1941; x_wconf 89' lang='lat' dir='ltr'><strong>homines,</strong></span> 
     </span>
    </p>
   </div>
   <div class='ocr_carea' id='block_1_21' title="bbox 4204 701 5757 777">
    <p class='ocr_par' dir='ltr' id='par_1_21' title="bbox 4204 701 5757 777">
     <span class='ocr_line' id='line_1_21' title="bbox 4204 701 5757 777; baseline -0.012 -8"><span class='ocrx_word' id='word_1_156' title='bbox 4204 713 4271 769; x_wconf 93' lang='lat' dir='ltr'><strong>de</strong></span> <span class='ocrx_word' id='word_1_157' title='bbox 4295 728 4525 768; x_wconf 82' lang='lat' dir='ltr'><strong>caverna</strong></span> <span class='ocrx_word' id='word_1_158' title='bbox 4549 729 4644 768; x_wconf 89' lang='lat' dir='ltr'><strong>sua</strong></span> <span class='ocrx_word' id='word_1_159' title='bbox 4683 714 4750 769; x_wconf 91' lang='lat' dir='ltr'><strong>ad</strong></span> <span class='ocrx_word' id='word_1_160' title='bbox 4792 725 5029 768; x_wconf 82' lang='lat' dir='ltr'><strong>mensam</strong></span> <span class='ocrx_word' id='word_1_161' title='bbox 5060 709 5203 764; x_wconf 91' lang='lat' dir='ltr'><strong>illius</strong></span> <span class='ocrx_word' id='word_1_162' title='bbox 5233 704 5410 777; x_wconf 79' lang='lat' dir='ltr'><strong>egredi</strong></span> <span class='ocrx_word' id='word_1_163' title='bbox 5440 701 5669 764; x_wconf 83' lang='lat' dir='ltr'><strong>solitam,</strong></span> <span class='ocrx_word' id='word_1_164' title='bbox 5700 706 5757 752; x_wconf 85' lang='lat' dir='ltr'><strong>ut</strong></span> 
     </span>
    </p>
   </div>
   <div class='ocr_carea' id='block_1_22' title="bbox 4201 788 5763 873">
    <p class='ocr_par' dir='ltr' id='par_1_22' title="bbox 4201 788 5763 873">
     <span class='ocr_line' id='line_1_22' title="bbox 4201 788 5763 873; baseline -0.011 -13"><span class='ocrx_word' id='word_1_165' title='bbox 4201 804 4505 873; x_wconf 84' lang='lat' dir='ltr'><strong>perciperet</strong></span> <span class='ocrx_word' id='word_1_166' title='bbox 4532 818 4731 860; x_wconf 87' lang='lat' dir='ltr'><strong>escam.</strong></span> <span class='ocrx_word' id='word_1_167' title='bbox 4770 801 5110 858; x_wconf 79' lang='lat' dir='ltr'><strong>Marcellinus</strong></span> <span class='ocrx_word' id='word_1_168' title='bbox 5136 798 5299 855; x_wconf 89' lang='lat' dir='ltr'><strong>etiam</strong></span> <span class='ocrx_word' id='word_1_169' title='bbox 5354 808 5532 851; x_wconf 85' lang='lat' dir='ltr'><strong>comes</strong></span> <span class='ocrx_word' id='word_1_170' title='bbox 5579 788 5763 873; x_wconf 77' lang='lat' dir='ltr'><strong>scribit</strong></span> 
     </span>
    </p>
   </div>
   <div class='ocr_carea' id='block_1_23' title="bbox 4201 870 5758 963">
    <p class='ocr_par' dir='ltr' id='par_1_23' title="bbox 4201 870 5758 963">
     <span class='ocr_line' id='line_1_23' title="bbox 4201 870 5758 963; baseline -0.01 -16"><span class='ocrx_word' id='word_1_171' title='bbox 4201 870 4635 947; x_wconf 75' lang='lat' dir='ltr'><strong>mansuefactam</strong></span> <span class='ocrx_word' id='word_1_172' title='bbox 4667 884 4911 963; x_wconf 79' lang='lat' dir='ltr'><strong>tigridem</strong></span> <span class='ocrx_word' id='word_1_173' title='bbox 4961 888 5250 944; x_wconf 75' lang='lat' dir='ltr'><strong>Anastasio</strong></span> <span class='ocrx_word' id='word_1_174' title='bbox 5274 882 5499 956; x_wconf 81' lang='lat' dir='ltr'><strong>principi</strong></span> <span class='ocrx_word' id='word_1_175' title='bbox 5522 881 5588 935; x_wconf 89' lang='lat' dir='ltr'><strong>ab</strong></span> <span class='ocrx_word' id='word_1_176' title='bbox 5613 870 5758 935; x_wconf 82' lang='lat' dir='ltr'><strong>ludia</strong></span> 
     </span>
    </p>
   </div>
   <div class='ocr_carea' id='block_1_24' title="bbox 4200 972 5759 1053">
    <p class='ocr_par' dir='ltr' id='par_1_24' title="bbox 4200 972 5759 1053">
     <span class='ocr_line' id='line_1_24' title="bbox 4200 972 5759 1053; baseline -0.012 -16"><span class='ocrx_word' id='word_1_177' title='bbox 4200 982 4543 1037; x_wconf 88' lang='lat' dir='ltr'><strong>destinatam.</strong></span> <span class='ocrx_word' id='word_1_178' title='bbox 4574 981 4686 1037; x_wconf 81' lang='lat' dir='ltr'><strong>Hoc</strong></span> <span class='ocrx_word' id='word_1_179' title='bbox 4710 982 4874 1053; x_wconf 78' lang='lat' dir='ltr'><strong>igitur</strong></span> <span class='ocrx_word' id='word_1_180' title='bbox 4895 978 5138 1048; x_wconf 89' lang='lat' dir='ltr'><strong>exemplo</strong></span> <span class='ocrx_word' id='word_1_181' title='bbox 5153 990 5389 1045; x_wconf 76' lang='lat' dir='ltr'><strong>congrue</strong></span> <span class='ocrx_word' id='word_1_182' title='bbox 5410 972 5535 1025; x_wconf 85' lang='lat' dir='ltr'><strong>dicit</strong></span> <span class='ocrx_word' id='word_1_183' title='bbox 5554 976 5759 1041; x_wconf 85' lang='lat' dir='ltr'><strong>aposto-</strong></span> 
     </span>
    </p>
   </div>
   <div class='ocr_carea' id='block_1_25' title="bbox 4201 1060 5759 1140">
    <p class='ocr_par' dir='ltr' id='par_1_25' title="bbox 4201 1060 5759 1140">
     <span class='ocr_line' id='line_1_25' title="bbox 4201 1060 5759 1140; baseline -0.008 -17"><span class='ocrx_word' id='word_1_184' title='bbox 4201 1070 4283 1126; x_wconf 88' lang='lat' dir='ltr'><strong>lus</strong></span> <span class='ocrx_word' id='word_1_185' title='bbox 4318 1090 4333 1125; x_wconf 89' lang='lat'>:</span> <span class='ocrx_word' id='word_1_186' title='bbox 4370 1091 4389 1121; x_wconf 75' lang='grc' dir='ltr'><strong>ι</strong></span> <span class='ocrx_word' id='word_1_187' title='bbox 4424 1071 4616 1127; x_wconf 85' lang='lat' dir='ltr'><strong>Omnia</strong></span> <span class='ocrx_word' id='word_1_188' title='bbox 4646 1070 4909 1140; x_wconf 87' lang='lat' dir='ltr'><strong>siquidem</strong></span> <span class='ocrx_word' id='word_1_189' title='bbox 4958 1068 5198 1123; x_wconf 88' lang='lat' dir='ltr'><strong>ferarum</strong></span> <span class='ocrx_word' id='word_1_190' title='bbox 5264 1078 5455 1133; x_wconf 88' lang='lat' dir='ltr'><strong>genera</strong></span> <span class='ocrx_word' id='word_1_191' title='bbox 5504 1062 5554 1115; x_wconf 90' lang='lat' dir='ltr'><strong>in</strong></span> <span class='ocrx_word' id='word_1_192' title='bbox 5584 1060 5759 1129; x_wconf 81' lang='lat' dir='ltr'><strong>lingua</strong></span> 
     </span>
    </p>
   </div>
   <div class='ocr_carea' id='block_1_26' title="bbox 4201 1150 5758 1230">
    <p class='ocr_par' dir='ltr' id='par_1_26' title="bbox 4201 1150 5758 1230">
     <span class='ocr_line' id='line_1_26' title="bbox 4201 1150 5758 1230; baseline -0.008 -16"><span class='ocrx_word' id='word_1_193' title='bbox 4201 1159 4544 1230; x_wconf 79' lang='lat' dir='ltr'><strong>reperiuntur</strong></span> <span class='ocrx_word' id='word_1_194' title='bbox 4592 1158 4732 1229; x_wconf 87' lang='lat' dir='ltr'><strong>(Jac.</strong></span> <span class='ocrx_word' id='word_1_195' title='bbox 4784 1158 4883 1227; x_wconf 85' lang='lat' dir='ltr'><strong>tu).</strong></span> <span class='ocrx_word' id='word_1_196' title='bbox 4921 1176 4939 1209; x_wconf 78' lang='grc' dir='ltr'><strong>ι</strong></span> <span class='ocrx_word' id='word_1_197' title='bbox 4996 1157 5072 1211; x_wconf 85' lang='lat' dir='ltr'><strong>lbi</strong></span> <span class='ocrx_word' id='word_1_198' title='bbox 5119 1154 5315 1225; x_wconf 83' lang='lat' dir='ltr'><strong>quippe</strong></span> <span class='ocrx_word' id='word_1_199' title='bbox 5350 1162 5431 1206; x_wconf 86' lang='lat' dir='ltr'><strong>est</strong></span> <span class='ocrx_word' id='word_1_200' title='bbox 5458 1150 5643 1203; x_wconf 88' lang='lat' dir='ltr'><strong>levitas</strong></span> <span class='ocrx_word' id='word_1_201' title='bbox 5669 1161 5758 1201; x_wconf 88' lang='lat' dir='ltr'><strong>vo-</strong></span> 
     </span>
    </p>
   </div>
   <div class='ocr_carea' id='block_1_27' title="bbox 4198 1237 5765 1312">
    <p class='ocr_par' dir='ltr' id='par_1_27' title="bbox 4198 1237 5765 1312">
     <span class='ocr_line' id='line_1_27' title="bbox 4198 1237 5765 1312; baseline -0.009 -9"><span class='ocrx_word' id='word_1_202' title='bbox 4198 1249 4428 1312; x_wconf 90' lang='lat' dir='ltr'><strong>lucrum,</strong></span> <span class='ocrx_word' id='word_1_203' title='bbox 4462 1249 4531 1303; x_wconf 91' lang='lat' dir='ltr'><strong>ibi</strong></span> <span class='ocrx_word' id='word_1_204' title='bbox 4569 1248 4822 1302; x_wconf 89' lang='lat' dir='ltr'><strong>feracitas</strong></span> <span class='ocrx_word' id='word_1_205' title='bbox 4866 1246 5185 1309; x_wconf 79' lang='lat' dir='ltr'><strong>bestiarum,</strong></span> <span class='ocrx_word' id='word_1_206' title='bbox 5230 1243 5299 1296; x_wconf 89' lang='lat' dir='ltr'><strong>ibi</strong></span> <span class='ocrx_word' id='word_1_207' title='bbox 5339 1240 5480 1294; x_wconf 87' lang='lat' dir='ltr'><strong>fraus</strong></span> <span class='ocrx_word' id='word_1_208' title='bbox 5506 1237 5765 1292; x_wconf 80' lang='lat' dir='ltr'><strong>virulenta</strong></span> 
     </span>
    </p>
   </div>
   <div class='ocr_carea' id='block_1_28' title="bbox 4198 1325 5757 1409">
    <p class='ocr_par' dir='ltr' id='par_1_28' title="bbox 4198 1325 5757 1409">
     <span class='ocr_line' id='line_1_28' title="bbox 4198 1325 5757 1409; baseline -0.01 -15"><span class='ocrx_word' id='word_1_209' title='bbox 4198 1343 4552 1409; x_wconf 83' lang='lat' dir='ltr'><strong>serpentium.</strong></span> <span class='ocrx_word' id='word_1_210' title='bbox 4588 1337 4844 1393; x_wconf 83' lang='lat' dir='ltr'><strong>Volatiles</strong></span> <span class='ocrx_word' id='word_1_211' title='bbox 4894 1336 5038 1392; x_wconf 91' lang='lat' dir='ltr'><strong>enim</strong></span> <span class='ocrx_word' id='word_1_212' title='bbox 5089 1330 5234 1398; x_wconf 71' lang='lat' dir='ltr'><strong>sunt&quot;,</strong></span> <span class='ocrx_word' id='word_1_213' title='bbox 5282 1330 5372 1399; x_wconf 90' lang='lat' dir='ltr'><strong>qui</strong></span> <span class='ocrx_word' id='word_1_214' title='bbox 5410 1326 5682 1400; x_wconf 85' lang='lat' dir='ltr'><strong>proferunt</strong></span> <span class='ocrx_word' id='word_1_215' title='bbox 5708 1325 5757 1379; x_wconf 82' lang='lat' dir='ltr'><strong>iu</strong></span> 
     </span>
    </p>
   </div>
   <div class='ocr_carea' id='block_1_29' title="bbox 4197 1413 5760 1495">
    <p class='ocr_par' dir='ltr' id='par_1_29' title="bbox 4197 1413 5760 1495">
     <span class='ocr_line' id='line_1_29' title="bbox 4197 1413 5760 1495; baseline -0.012 -10"><span class='ocrx_word' id='word_1_216' title='bbox 4197 1431 4393 1485; x_wconf 73' lang='lat' dir='ltr'><strong>cmlum</strong></span> <span class='ocrx_word' id='word_1_217' title='bbox 4424 1444 4485 1485; x_wconf 90' lang='lat' dir='ltr'><strong>os</strong></span> <span class='ocrx_word' id='word_1_218' title='bbox 4514 1443 4688 1490; x_wconf 90' lang='lat' dir='ltr'><strong>suum,</strong></span> <span class='ocrx_word' id='word_1_219' title='bbox 4741 1436 4796 1483; x_wconf 90' lang='lat' dir='ltr'><strong>et</strong></span> <span class='ocrx_word' id='word_1_220' title='bbox 4826 1440 5054 1495; x_wconf 91' lang='lat' dir='ltr'><strong>quorum</strong></span> <span class='ocrx_word' id='word_1_221' title='bbox 5083 1438 5144 1478; x_wconf 91' lang='lat' dir='ltr'><strong>os</strong></span> <span class='ocrx_word' id='word_1_222' title='bbox 5172 1422 5408 1477; x_wconf 90' lang='lat' dir='ltr'><strong>locutum</strong></span> <span class='ocrx_word' id='word_1_223' title='bbox 5452 1424 5533 1472; x_wconf 88' lang='lat' dir='ltr'><strong>est</strong></span> <span class='ocrx_word' id='word_1_224' title='bbox 5558 1413 5760 1470; x_wconf 86' lang='lat' dir='ltr'><strong>vanita-</strong></span> 
     </span>
    </p>
   </div>
   <div class='ocr_carea' id='block_1_30' title="bbox 4199 1506 5759 1591">
    <p class='ocr_par' dir='ltr' id='par_1_30' title="bbox 4199 1506 5759 1591">
     <span class='ocr_line' id='line_1_30' title="bbox 4199 1506 5759 1591; baseline -0.009 -17"><span class='ocrx_word' id='word_1_225' title='bbox 4199 1532 4305 1574; x_wconf 88' lang='lat' dir='ltr'><strong>tem</strong></span> <span class='ocrx_word' id='word_1_226' title='bbox 4323 1517 4495 1591; x_wconf 85' lang='lat' dir='ltr'><strong>(Psal.</strong></span> <span class='ocrx_word' id='word_1_227' title='bbox 4519 1520 4736 1589; x_wconf 81' lang='lat' dir='ltr'><strong>cxun),</strong></span> <span class='ocrx_word' id='word_1_228' title='bbox 4760 1517 4913 1587; x_wconf 86' lang='lat' dir='ltr'><strong>quasi</strong></span> <span class='ocrx_word' id='word_1_229' title='bbox 4941 1516 5218 1571; x_wconf 89' lang='lat' dir='ltr'><strong>volucrum</strong></span> <span class='ocrx_word' id='word_1_230' title='bbox 5238 1512 5535 1575; x_wconf 82' lang='lat' dir='ltr'><strong>levitatem;</strong></span> <span class='ocrx_word' id='word_1_231' title='bbox 5561 1506 5759 1563; x_wconf 80' lang='lat' dir='ltr'><strong>feroces</strong></span> 
     </span>
    </p>
   </div>
   <div class='ocr_carea' id='block_1_31' title="bbox 4197 1598 5759 1678">
    <p class='ocr_par' dir='ltr' id='par_1_31' title="bbox 4197 1598 5759 1678">
     <span class='ocr_line' id='line_1_31' title="bbox 4197 1598 5759 1678; baseline -0.009 -13"><span class='ocrx_word' id='word_1_232' title='bbox 4197 1621 4377 1667; x_wconf 91' lang='lat' dir='ltr'><strong>autem</strong></span> <span class='ocrx_word' id='word_1_233' title='bbox 4398 1611 4583 1667; x_wconf 73' lang='lat' dir='ltr'><strong>bestia:</strong></span> <span class='ocrx_word' id='word_1_234' title='bbox 4604 1619 4750 1671; x_wconf 82' lang='lat' dir='ltr'><strong>sunt,</strong></span> <span class='ocrx_word' id='word_1_235' title='bbox 4768 1609 4860 1678; x_wconf 89' lang='lat' dir='ltr'><strong>qui</strong></span> <span class='ocrx_word' id='word_1_236' title='bbox 4875 1612 5205 1663; x_wconf 85' lang='lat' dir='ltr'><strong>exacucrunt</strong></span> <span class='ocrx_word' id='word_1_237' title='bbox 5225 1614 5285 1658; x_wconf 92' lang='lat' dir='ltr'><strong>ut</strong></span> <span class='ocrx_word' id='word_1_238' title='bbox 5307 1602 5532 1675; x_wconf 87' lang='lat' dir='ltr'><strong>gladium</strong></span> <span class='ocrx_word' id='word_1_239' title='bbox 5554 1598 5759 1669; x_wconf 81' lang='lat' dir='ltr'><strong>linguas</strong></span> 
     </span>
    </p>
   </div>
   <div class='ocr_carea' id='block_1_32' title="bbox 4196 1687 5759 1772">
    <p class='ocr_par' dir='ltr' id='par_1_32' title="bbox 4196 1687 5759 1772">
     <span class='ocr_line' id='line_1_32' title="bbox 4196 1687 5759 1772; baseline -0.011 -15"><span class='ocrx_word' id='word_1_240' title='bbox 4196 1717 4323 1757; x_wconf 88' lang='lat' dir='ltr'><strong>suas</strong></span> <span class='ocrx_word' id='word_1_241' title='bbox 4368 1699 4542 1772; x_wconf 79' lang='lat' dir='ltr'><strong>(Psaf.</strong></span> <span class='ocrx_word' id='word_1_242' title='bbox 4589 1699 4789 1769; x_wconf 79' lang='lat' dir='ltr'><strong>mn);</strong></span> <span class='ocrx_word' id='word_1_243' title='bbox 4854 1705 5135 1767; x_wconf 84' lang='lat' dir='ltr'><strong>serpentes</strong></span> <span class='ocrx_word' id='word_1_244' title='bbox 5184 1702 5456 1764; x_wconf 86' lang='lat' dir='ltr'><strong>postremo</strong></span> <span class='ocrx_word' id='word_1_245' title='bbox 5505 1696 5649 1753; x_wconf 87' lang='lat' dir='ltr'><strong>sunt,</strong></span> <span class='ocrx_word' id='word_1_246' title='bbox 5695 1687 5759 1742; x_wconf 86' lang='lat' dir='ltr'><strong>de</strong></span> 
     </span>
    </p>
   </div>
   <div class='ocr_carea' id='block_1_33' title="bbox 4196 1776 5751 1858">
    <p class='ocr_par' dir='ltr' id='par_1_33' title="bbox 4196 1776 5751 1858">
     <span class='ocr_line' id='line_1_33' title="bbox 4196 1776 5751 1858; baseline -0.008 -17"><span class='ocrx_word' id='word_1_247' title='bbox 4196 1790 4395 1858; x_wconf 87' lang='lat' dir='ltr'><strong>quibus</strong></span> <span class='ocrx_word' id='word_1_248' title='bbox 4452 1789 4651 1844; x_wconf 92' lang='lat' dir='ltr'><strong>dictum</strong></span> <span class='ocrx_word' id='word_1_249' title='bbox 4702 1797 4785 1843; x_wconf 90' lang='lat' dir='ltr'><strong>est</strong></span> <span class='ocrx_word' id='word_1_250' title='bbox 4825 1787 4971 1857; x_wconf 88' lang='lat' dir='ltr'><strong>quia,</strong></span> <span class='ocrx_word' id='word_1_251' title='bbox 5015 1814 5032 1836; x_wconf 73' lang='grc' dir='ltr'><strong>ι</strong></span> <span class='ocrx_word' id='word_1_252' title='bbox 5066 1796 5327 1838; x_wconf 91' lang='lat' dir='ltr'><strong>venenum</strong></span> <span class='ocrx_word' id='word_1_253' title='bbox 5367 1779 5615 1850; x_wconf 27' lang='lat' dir='ltr'><strong>aspidum‘</strong></span> <span class='ocrx_word' id='word_1_254' title='bbox 5655 1776 5751 1830; x_wconf 89' lang='lat' dir='ltr'><strong>sub</strong></span> 
     </span>
    </p>
   </div>
   <div class='ocr_carea' id='block_1_34' title="bbox 4198 1865 5762 1943">
    <p class='ocr_par' dir='ltr' id='par_1_34' title="bbox 4198 1865 5762 1943">
     <span class='ocr_line' id='line_1_34' title="bbox 4198 1865 5762 1943; baseline -0.008 -14"><span class='ocrx_word' id='word_1_255' title='bbox 4198 1877 4352 1931; x_wconf 82' lang='lat' dir='ltr'><strong>labiis</strong></span> <span class='ocrx_word' id='word_1_256' title='bbox 4401 1891 4589 1931; x_wconf 91' lang='lat' dir='ltr'><strong>eorum</strong></span> <span class='ocrx_word' id='word_1_257' title='bbox 4621 1876 4793 1939; x_wconf 82' lang='lat' dir='ltr'><strong>(Psal.</strong></span> <span class='ocrx_word' id='word_1_258' title='bbox 4851 1876 4992 1943; x_wconf 87' lang='lat' dir='ltr'><strong>xm).</strong></span> <span class='ocrx_word' id='word_1_259' title='bbox 5027 1892 5046 1927; x_wconf 83' lang='grc' dir='ltr'><strong>ι</strong></span> <span class='ocrx_word' id='word_1_260' title='bbox 5092 1872 5194 1928; x_wconf 85' lang='lat' dir='ltr'><strong>Ubi</strong></span> <span class='ocrx_word' id='word_1_261' title='bbox 5244 1886 5372 1940; x_wconf 90' lang='lat' dir='ltr'><strong>ergo</strong></span> <span class='ocrx_word' id='word_1_262' title='bbox 5422 1865 5762 1937; x_wconf 72' lang='lat' dir='ltr'><strong>supervacuis</strong></span> 
     </span>
    </p>
   </div>
   <div class='ocr_carea' id='block_1_35' title="bbox 2518 1954 5760 2038">
    <p class='ocr_par' dir='ltr' id='par_1_35' title="bbox 2518 1954 5760 2038">
     <span class='ocr_line' id='line_1_35' title="bbox 2518 1954 5760 2038; baseline -0.002 -20"><span class='ocrx_word' id='word_1_263' title='bbox 2518 1967 2741 2021; x_wconf 85' lang='lat' dir='ltr'><strong>reddent</strong></span> <span class='ocrx_word' id='word_1_264' title='bbox 2767 1967 3027 2020; x_wconf 87' lang='lat' dir='ltr'><strong>rationem</strong></span> <span class='ocrx_word' id='word_1_265' title='bbox 3051 1967 3103 2019; x_wconf 93' lang='lat' dir='ltr'><strong>in</strong></span> <span class='ocrx_word' id='word_1_266' title='bbox 3126 1967 3213 2021; x_wconf 89' lang='lat' dir='ltr'><strong>die</strong></span> <span class='ocrx_word' id='word_1_267' title='bbox 3221 1966 3406 2033; x_wconf 90' lang='lat' dir='ltr'><strong>judicii</strong></span> <span class='ocrx_word' id='word_1_268' title='bbox 3429 1954 3643 2035; x_wconf 66' lang='lat' dir='ltr'><strong>(Matth.</strong></span> <span class='ocrx_word' id='word_1_269' title='bbox 3666 1966 3787 2035; x_wconf 82' lang='lat' dir='ltr'><strong>xu).</strong></span> <span class='ocrx_word' id='word_1_270' title='bbox 3823 1986 3841 2017; x_wconf 79' lang='grc' dir='ltr'><strong>ι</strong></span> <span class='ocrx_word' id='word_1_271' title='bbox 3872 1964 4089 2030; x_wconf 85' lang='lat' dir='ltr'><strong>Fateor,</strong></span> <span class='ocrx_word' id='word_1_272' title='bbox 4123 1966 4166 2025; x_wconf 86' lang='grc' dir='ltr'><strong>Β</strong></span> <span class='ocrx_word' id='word_1_273' title='bbox 4195 1978 4417 2022; x_wconf 84' lang='lat' dir='ltr'><strong>vacatur</strong></span> <span class='ocrx_word' id='word_1_274' title='bbox 4444 1968 4748 2037; x_wconf 88' lang='lat' dir='ltr'><strong>ineptiis,et</strong></span> <span class='ocrx_word' id='word_1_275' title='bbox 4766 1968 4918 2038; x_wconf 88' lang='lat' dir='ltr'><strong>quasi</strong></span> <span class='ocrx_word' id='word_1_276' title='bbox 4942 1965 5179 2037; x_wconf 82' lang='lat' dir='ltr'><strong>symbola</strong></span> <span class='ocrx_word' id='word_1_277' title='bbox 5207 1967 5563 2033; x_wconf 90' lang='lat' dir='ltr'><strong>congeruntur</strong></span> <span class='ocrx_word' id='word_1_278' title='bbox 5585 1956 5760 2013; x_wconf 87' lang='lat' dir='ltr'><strong>verbis</strong></span> 
     </span>
    </p>
   </div>
   <div class='ocr_carea' id='block_1_36' title="bbox 2515 2056 4092 2128">
    <p class='ocr_par' dir='ltr' id='par_1_36' title="bbox 2515 2056 4092 2128">
     <span class='ocr_line' id='line_1_36' title="bbox 2515 2056 4092 2128; baseline 0.001 -18"><span class='ocrx_word' id='word_1_279' title='bbox 2515 2056 2713 2112; x_wconf 92' lang='lat' dir='ltr'><strong>fratres</strong></span> <span class='ocrx_word' id='word_1_280' title='bbox 2760 2057 2888 2122; x_wconf 90' lang='lat' dir='ltr'><strong>mei,</strong></span> <span class='ocrx_word' id='word_1_281' title='bbox 2918 2058 2990 2110; x_wconf 90' lang='lat' dir='ltr'><strong>nil</strong></span> <span class='ocrx_word' id='word_1_282' title='bbox 3050 2058 3161 2111; x_wconf 89' lang='lat' dir='ltr'><strong>fere</strong></span> <span class='ocrx_word' id='word_1_283' title='bbox 3208 2059 3261 2112; x_wconf 87' lang='lat' dir='ltr'><strong>in</strong></span> <span class='ocrx_word' id='word_1_284' title='bbox 3320 2058 3661 2113; x_wconf 88' lang='lat' dir='ltr'><strong>monasteriis</strong></span> <span class='ocrx_word' id='word_1_285' title='bbox 3717 2057 3913 2128; x_wconf 89' lang='lat' dir='ltr'><strong>agitur,</strong></span> <span class='ocrx_word' id='word_1_286' title='bbox 3950 2058 4092 2112; x_wconf 89' lang='lat' dir='ltr'><strong>unde</strong></span> 
     </span>
    </p>
   </div>
   <div class='ocr_carea' id='block_1_37' title="bbox 2515 2146 4089 2216">
    <p class='ocr_par' dir='ltr' id='par_1_37' title="bbox 2515 2146 4089 2216">
     <span class='ocr_line' id='line_1_37' title="bbox 2515 2146 4089 2216; baseline 0.001 -17"><span class='ocrx_word' id='word_1_287' title='bbox 2515 2160 2668 2199; x_wconf 89' lang='lat' dir='ltr'><strong>mens</strong></span> <span class='ocrx_word' id='word_1_288' title='bbox 2700 2160 2818 2200; x_wconf 87' lang='lat' dir='ltr'><strong>mea</strong></span> <span class='ocrx_word' id='word_1_289' title='bbox 2849 2146 3143 2201; x_wconf 84' lang='lat' dir='ltr'><strong>terribilius</strong></span> <span class='ocrx_word' id='word_1_290' title='bbox 3173 2162 3337 2216; x_wconf 86' lang='lat' dir='ltr'><strong>super</strong></span> <span class='ocrx_word' id='word_1_291' title='bbox 3362 2146 3655 2203; x_wconf 84' lang='lat' dir='ltr'><strong>monachos</strong></span> <span class='ocrx_word' id='word_1_292' title='bbox 3681 2147 3966 2201; x_wconf 90' lang='lat' dir='ltr'><strong>imminere</strong></span> <span class='ocrx_word' id='word_1_293' title='bbox 3996 2147 4089 2200; x_wconf 88' lang='lat' dir='ltr'><strong>Dei</strong></span> 
     </span>
    </p>
   </div>
   <div class='ocr_carea' id='block_1_38' title="bbox 2514 2234 4089 2305">
    <p class='ocr_par' dir='ltr' id='par_1_38' title="bbox 2514 2234 4089 2305">
     <span class='ocr_line' id='line_1_38' title="bbox 2514 2234 4089 2305; baseline 0.001 -19"><span class='ocrx_word' id='word_1_294' title='bbox 2514 2234 2770 2299; x_wconf 68' lang='lat' dir='ltr'><strong>iudicium</strong></span> <span class='ocrx_word' id='word_1_295' title='bbox 2801 2234 3125 2303; x_wconf 79' lang='lat' dir='ltr'><strong>suspicetur.</strong></span> <span class='ocrx_word' id='word_1_296' title='bbox 3155 2234 3287 2288; x_wconf 87' lang='lat' dir='ltr'><strong>Nam</strong></span> <span class='ocrx_word' id='word_1_297' title='bbox 3319 2236 3575 2290; x_wconf 87' lang='lat' dir='ltr'><strong>continuo</strong></span> <span class='ocrx_word' id='word_1_298' title='bbox 3604 2246 3813 2290; x_wconf 83' lang='lat' dir='ltr'><strong>meatus</strong></span> <span class='ocrx_word' id='word_1_299' title='bbox 3836 2234 4089 2305; x_wconf 87' lang='lat' dir='ltr'><strong>impulsu,</strong></span> 
     </span>
    </p>
   </div>
   <div class='ocr_carea' id='block_1_39' title="bbox 2513 2324 4088 2395">
    <p class='ocr_par' dir='ltr' id='par_1_39' title="bbox 2513 2324 4088 2395">
     <span class='ocr_line' id='line_1_39' title="bbox 2513 2324 4088 2395; baseline 0.001 -18"><span class='ocrx_word' id='word_1_300' title='bbox 2513 2324 2666 2393; x_wconf 91' lang='lat' dir='ltr'><strong>quasi</strong></span> <span class='ocrx_word' id='word_1_301' title='bbox 2717 2333 2927 2378; x_wconf 88' lang='lat' dir='ltr'><strong>torrens</strong></span> <span class='ocrx_word' id='word_1_302' title='bbox 2974 2339 3069 2393; x_wconf 90' lang='lat' dir='ltr'><strong>per</strong></span> <span class='ocrx_word' id='word_1_303' title='bbox 3097 2325 3299 2379; x_wconf 87' lang='lat' dir='ltr'><strong>decliva</strong></span> <span class='ocrx_word' id='word_1_304' title='bbox 3328 2328 3528 2379; x_wconf 81' lang='lat' dir='ltr'><strong>devexa</strong></span> <span class='ocrx_word' id='word_1_305' title='bbox 3556 2327 3873 2395; x_wconf 89' lang='lat' dir='ltr'><strong>procedens,</strong></span> <span class='ocrx_word' id='word_1_306' title='bbox 3901 2339 4088 2379; x_wconf 91' lang='lat' dir='ltr'><strong>eorum</strong></span> 
     </span>
    </p>
   </div>
   <div class='ocr_carea' id='block_1_40' title="bbox 2514 2414 4092 2485">
    <p class='ocr_par' dir='ltr' id='par_1_40' title="bbox 2514 2414 4092 2485">
     <span class='ocr_line' id='line_1_40' title="bbox 2514 2414 4092 2485; baseline 0.004 -18"><span class='ocrx_word' id='word_1_307' title='bbox 2514 2415 2692 2485; x_wconf 86' lang='lat' dir='ltr'><strong>lingua</strong></span> <span class='ocrx_word' id='word_1_308' title='bbox 2724 2414 2983 2478; x_wconf 89' lang='lat' dir='ltr'><strong>decurrit,</strong></span> <span class='ocrx_word' id='word_1_309' title='bbox 3008 2424 3063 2469; x_wconf 91' lang='lat' dir='ltr'><strong>ct</strong></span> <span class='ocrx_word' id='word_1_310' title='bbox 3088 2431 3207 2469; x_wconf 90' lang='lat' dir='ltr'><strong>cum</strong></span> <span class='ocrx_word' id='word_1_311' title='bbox 3236 2415 3653 2471; x_wconf 87' lang='lat' dir='ltr'><strong>tintinnabulum</strong></span> <span class='ocrx_word' id='word_1_312' title='bbox 3679 2426 3856 2481; x_wconf 89' lang='lat' dir='ltr'><strong>sonat,</strong></span> <span class='ocrx_word' id='word_1_313' title='bbox 3882 2419 3963 2473; x_wconf 89' lang='lat' dir='ltr'><strong>sic</strong></span> <span class='ocrx_word' id='word_1_314' title='bbox 3986 2417 4092 2473; x_wconf 88' lang='lat' dir='ltr'><strong>illis</strong></span> 
     </span>
    </p>
   </div>
   <div class='ocr_carea' id='block_1_41' title="bbox 2512 2504 4094 2578">
    <p class='ocr_par' dir='ltr' id='par_1_41' title="bbox 2512 2504 4094 2578">
     <span class='ocr_line' id='line_1_41' title="bbox 2512 2504 4094 2578; baseline 0.003 -20"><span class='ocrx_word' id='word_1_315' title='bbox 2512 2513 2595 2559; x_wconf 90' lang='lat' dir='ltr'><strong>est</strong></span> <span class='ocrx_word' id='word_1_316' title='bbox 2646 2515 2896 2572; x_wconf 89' lang='lat' dir='ltr'><strong>tanquam</strong></span> <span class='ocrx_word' id='word_1_317' title='bbox 2928 2504 2971 2558; x_wconf 88' lang='lat' dir='ltr'><strong>si</strong></span> <span class='ocrx_word' id='word_1_318' title='bbox 3009 2504 3287 2574; x_wconf 91' lang='lat' dir='ltr'><strong>repentino</strong></span> <span class='ocrx_word' id='word_1_319' title='bbox 3309 2507 3554 2573; x_wconf 81' lang='lat' dir='ltr'><strong>protinus</strong></span> <span class='ocrx_word' id='word_1_320' title='bbox 3578 2507 3685 2563; x_wconf 90' lang='lat' dir='ltr'><strong>ictu</strong></span> <span class='ocrx_word' id='word_1_321' title='bbox 3714 2522 3901 2562; x_wconf 91' lang='lat' dir='ltr'><strong>eorum</strong></span> <span class='ocrx_word' id='word_1_322' title='bbox 3932 2515 4094 2578; x_wconf 88' lang='lat' dir='ltr'><strong>caput</strong></span> 
     </span>
    </p>
   </div>
   <div class='ocr_carea' id='block_1_42' title="bbox 2512 2593 4095 2665">
    <p class='ocr_par' dir='ltr' id='par_1_42' title="bbox 2512 2593 4095 2665">
     <span class='ocr_line' id='line_1_42' title="bbox 2512 2593 4095 2665; baseline 0.003 -16"><span class='ocrx_word' id='word_1_323' title='bbox 2512 2594 2703 2649; x_wconf 87' lang='lat' dir='ltr'><strong>tllidat.</strong></span> <span class='ocrx_word' id='word_1_324' title='bbox 2732 2593 2884 2660; x_wconf 86' lang='lat' dir='ltr'><strong>Quod</strong></span> <span class='ocrx_word' id='word_1_325' title='bbox 2936 2606 3115 2649; x_wconf 88' lang='lat' dir='ltr'><strong>tamen</strong></span> <span class='ocrx_word' id='word_1_326' title='bbox 3147 2598 3211 2649; x_wconf 90' lang='lat' dir='ltr'><strong>de</strong></span> <span class='ocrx_word' id='word_1_327' title='bbox 3239 2597 3580 2665; x_wconf 80' lang='lat' dir='ltr'><strong>quibusdam,</strong></span> <span class='ocrx_word' id='word_1_328' title='bbox 3614 2598 3753 2653; x_wconf 87' lang='lat' dir='ltr'><strong>absit</strong></span> <span class='ocrx_word' id='word_1_329' title='bbox 3803 2609 3981 2653; x_wconf 90' lang='lat' dir='ltr'><strong>autem</strong></span> <span class='ocrx_word' id='word_1_330' title='bbox 4034 2607 4095 2653; x_wconf 88' lang='lat' dir='ltr'><strong>ut</strong></span> 
     </span>
    </p>
   </div>
   <div class='ocr_carea' id='block_1_43' title="bbox 2511 2684 4093 2758">
    <p class='ocr_par' dir='ltr' id='par_1_43' title="bbox 2511 2684 4093 2758">
     <span class='ocr_line' id='line_1_43' title="bbox 2511 2684 4093 2758; baseline 0.004 -22"><span class='ocrx_word' id='word_1_331' title='bbox 2511 2685 2578 2739; x_wconf 89' lang='lat' dir='ltr'><strong>de</strong></span> <span class='ocrx_word' id='word_1_332' title='bbox 2617 2684 2868 2739; x_wconf 90' lang='lat' dir='ltr'><strong>omnibus</strong></span> <span class='ocrx_word' id='word_1_333' title='bbox 2891 2684 3088 2739; x_wconf 91' lang='lat' dir='ltr'><strong>dicam.</strong></span> <span class='ocrx_word' id='word_1_334' title='bbox 3120 2685 3254 2752; x_wconf 85' lang='lat' dir='ltr'><strong>Quia</strong></span> <span class='ocrx_word' id='word_1_335' title='bbox 3297 2702 3425 2741; x_wconf 85' lang='lat' dir='ltr'><strong>vero</strong></span> <span class='ocrx_word' id='word_1_336' title='bbox 3470 2689 3713 2757; x_wconf 58' lang='lat' dir='ltr'><strong>praecipit</strong></span> <span class='ocrx_word' id='word_1_337' title='bbox 3741 2689 3922 2758; x_wconf 85' lang='lat' dir='ltr'><strong>regula</strong></span> <span class='ocrx_word' id='word_1_338' title='bbox 3953 2697 4012 2743; x_wconf 94' lang='lat' dir='ltr'><strong>ut</strong></span> <span class='ocrx_word' id='word_1_339' title='bbox 4062 2704 4093 2743; x_wconf 93' lang='lat' dir='ltr'><strong>a</strong></span> 
     </span>
    </p>
   </div>
   <div class='ocr_carea' id='block_1_44' title="bbox 2511 2776 4094 2845">
    <p class='ocr_par' dir='ltr' id='par_1_44' title="bbox 2511 2776 4094 2845">
     <span class='ocr_line' id='line_1_44' title="bbox 2511 2776 4094 2845; baseline 0.004 -16"><span class='ocrx_word' id='word_1_340' title='bbox 2511 2776 2718 2831; x_wconf 84' lang='lat' dir='ltr'><strong>Pascha</strong></span> <span class='ocrx_word' id='word_1_341' title='bbox 2745 2790 2919 2845; x_wconf 88' lang='lat' dir='ltr'><strong>usque</strong></span> <span class='ocrx_word' id='word_1_342' title='bbox 2965 2777 3032 2831; x_wconf 87' lang='lat' dir='ltr'><strong>ad</strong></span> <span class='ocrx_word' id='word_1_343' title='bbox 3078 2777 3345 2833; x_wconf 83' lang='lat' dir='ltr'><strong>Kalendas</strong></span> <span class='ocrx_word' id='word_1_344' title='bbox 3372 2778 3619 2833; x_wconf 85' lang='lat' dir='ltr'><strong>Octobris</strong></span> <span class='ocrx_word' id='word_1_345' title='bbox 3644 2794 3802 2833; x_wconf 89' lang='lat' dir='ltr'><strong>mane</strong></span> <span class='ocrx_word' id='word_1_346' title='bbox 3836 2789 4094 2835; x_wconf 78' lang='lat' dir='ltr'><strong>eveuntes</strong></span> 
     </span>
    </p>
   </div>
   <div class='ocr_carea' id='block_1_45' title="bbox 2508 2864 4091 2936">
    <p class='ocr_par' dir='ltr' id='par_1_45' title="bbox 2508 2864 4091 2936">
     <span class='ocr_line' id='line_1_45' title="bbox 2508 2864 4091 2936; baseline 0.004 -19"><span class='ocrx_word' id='word_1_347' title='bbox 2508 2878 2539 2917; x_wconf 90' lang='lat' dir='ltr'><strong>a</strong></span> <span class='ocrx_word' id='word_1_348' title='bbox 2561 2864 2737 2934; x_wconf 88' lang='lat' dir='ltr'><strong>prima</strong></span> <span class='ocrx_word' id='word_1_349' title='bbox 2759 2878 2928 2933; x_wconf 82' lang='lat' dir='ltr'><strong>usque</strong></span> <span class='ocrx_word' id='word_1_350' title='bbox 2949 2864 3015 2919; x_wconf 91' lang='lat' dir='ltr'><strong>ad</strong></span> <span class='ocrx_word' id='word_1_351' title='bbox 3038 2864 3223 2919; x_wconf 90' lang='lat' dir='ltr'><strong>horam</strong></span> <span class='ocrx_word' id='word_1_352' title='bbox 3246 2880 3379 2935; x_wconf 85' lang='lat' dir='ltr'><strong>pene</strong></span> <span class='ocrx_word' id='word_1_353' title='bbox 3401 2875 3647 2935; x_wconf 89' lang='lat' dir='ltr'><strong>quartam</strong></span> <span class='ocrx_word' id='word_1_354' title='bbox 3670 2866 3931 2927; x_wconf 90' lang='lat' dir='ltr'><strong>laborent.</strong></span> <span class='ocrx_word' id='word_1_355' title='bbox 3948 2867 4091 2936; x_wconf 89' lang='lat' dir='ltr'><strong>quod</strong></span> 
     </span>
    </p>
   </div>
   <div class='ocr_carea' id='block_1_46' title="bbox 2508 2955 4092 3027">
    <p class='ocr_par' dir='ltr' id='par_1_46' title="bbox 2508 2955 4092 3027">
     <span class='ocr_line' id='line_1_46' title="bbox 2508 2955 4092 3027; baseline 0.003 -18"><span class='ocrx_word' id='word_1_356' title='bbox 2508 2955 2874 3011; x_wconf 88' lang='lat' dir='ltr'><strong>necessarium</strong></span> <span class='ocrx_word' id='word_1_357' title='bbox 2906 2955 3093 3021; x_wconf 85' lang='lat' dir='ltr'><strong>fuerit,</strong></span> <span class='ocrx_word' id='word_1_358' title='bbox 3132 2958 3197 3011; x_wconf 87' lang='lat' dir='ltr'><strong>ab</strong></span> <span class='ocrx_word' id='word_1_359' title='bbox 3225 2958 3357 3013; x_wconf 90' lang='lat' dir='ltr'><strong>hora</strong></span> <span class='ocrx_word' id='word_1_360' title='bbox 3385 2967 3564 3013; x_wconf 88' lang='lat' dir='ltr'><strong>autem</strong></span> <span class='ocrx_word' id='word_1_361' title='bbox 3587 2966 3779 3027; x_wconf 90' lang='lat' dir='ltr'><strong>quarta</strong></span> <span class='ocrx_word' id='word_1_362' title='bbox 3822 2972 3991 3026; x_wconf 84' lang='lat' dir='ltr'><strong>usque</strong></span> <span class='ocrx_word' id='word_1_363' title='bbox 4025 2958 4092 3013; x_wconf 91' lang='lat' dir='ltr'><strong>ad</strong></span> 
     </span>
    </p>
   </div>
   <div class='ocr_carea' id='block_1_47' title="bbox 2507 3045 4095 3111">
    <p class='ocr_par' dir='ltr' id='par_1_47' title="bbox 2507 3045 4095 3111">
     <span class='ocr_line' id='line_1_47' title="bbox 2507 3045 4095 3111; baseline 0 -12"><span class='ocrx_word' id='word_1_364' title='bbox 2507 3046 2700 3100; x_wconf 89' lang='lat' dir='ltr'><strong>horam</strong></span> <span class='ocrx_word' id='word_1_365' title='bbox 2723 3054 2932 3100; x_wconf 77' lang='lat' dir='ltr'><strong>sextam</strong></span> <span class='ocrx_word' id='word_1_366' title='bbox 2959 3045 3174 3100; x_wconf 89' lang='lat' dir='ltr'><strong>lectioni</strong></span> <span class='ocrx_word' id='word_1_367' title='bbox 3198 3056 3418 3111; x_wconf 86' lang='lat' dir='ltr'><strong>vacent,</strong></span> <span class='ocrx_word' id='word_1_368' title='bbox 3453 3047 3538 3101; x_wconf 91' lang='lat' dir='ltr'><strong>his</strong></span> <span class='ocrx_word' id='word_1_369' title='bbox 3566 3045 3818 3101; x_wconf 85' lang='lat' dir='ltr'><strong>omnibus</strong></span> <span class='ocrx_word' id='word_1_370' title='bbox 3846 3047 3992 3101; x_wconf 90' lang='lat' dir='ltr'><strong>horis</strong></span> <span class='ocrx_word' id='word_1_371' title='bbox 4018 3047 4095 3099; x_wconf 91' lang='lat' dir='ltr'><strong>la-</strong></span> 
     </span>
    </p>
   </div>
   <div class='ocr_carea' id='block_1_48' title="bbox 2509 3132 4094 3206">
    <p class='ocr_par' dir='ltr' id='par_1_48' title="bbox 2509 3132 4094 3206">
     <span class='ocr_line' id='line_1_48' title="bbox 2509 3132 4094 3206; baseline 0.001 -17"><span class='ocrx_word' id='word_1_372' title='bbox 2509 3134 2740 3189; x_wconf 84' lang='lat' dir='ltr'><strong>borandi</strong></span> <span class='ocrx_word' id='word_1_373' title='bbox 2788 3148 2853 3189; x_wconf 89' lang='lat' dir='ltr'><strong>ac</strong></span> <span class='ocrx_word' id='word_1_374' title='bbox 2906 3132 3114 3204; x_wconf 87' lang='lat' dir='ltr'><strong>legendi</strong></span> <span class='ocrx_word' id='word_1_375' title='bbox 3164 3136 3396 3189; x_wconf 84' lang='lat' dir='ltr'><strong>studium</strong></span> <span class='ocrx_word' id='word_1_376' title='bbox 3449 3135 3665 3204; x_wconf 89' lang='lat' dir='ltr'><strong>quidam</strong></span> <span class='ocrx_word' id='word_1_377' title='bbox 3710 3143 4094 3206; x_wconf 87' lang='lat' dir='ltr'><strong>postponentes</strong></span> 
     </span>
    </p>
   </div>
   <div class='ocr_carea' id='block_1_49' title="bbox 2512 3223 4092 3296">
    <p class='ocr_par' dir='ltr' id='par_1_49' title="bbox 2512 3223 4092 3296">
     <span class='ocr_line' id='line_1_49' title="bbox 2512 3223 4092 3296; baseline 0.003 -19"><span class='ocrx_word' id='word_1_378' title='bbox 2512 3224 2811 3279; x_wconf 89' lang='lat' dir='ltr'><strong>abutuntur</strong></span> <span class='ocrx_word' id='word_1_379' title='bbox 2836 3225 2887 3278; x_wconf 89' lang='lat' dir='ltr'><strong>in</strong></span> <span class='ocrx_word' id='word_1_380' title='bbox 2914 3223 3125 3290; x_wconf 83' lang='lat' dir='ltr'><strong>fabulis,</strong></span> <span class='ocrx_word' id='word_1_381' title='bbox 3156 3235 3209 3279; x_wconf 88' lang='lat' dir='ltr'><strong>et</strong></span> <span class='ocrx_word' id='word_1_382' title='bbox 3234 3228 3490 3296; x_wconf 88' lang='lat' dir='ltr'><strong>quidquid</strong></span> <span class='ocrx_word' id='word_1_383' title='bbox 3518 3227 3791 3282; x_wconf 81' lang='lat' dir='ltr'><strong>laboribus</strong></span> <span class='ocrx_word' id='word_1_384' title='bbox 3817 3237 3871 3281; x_wconf 91' lang='lat' dir='ltr'><strong>et</strong></span> <span class='ocrx_word' id='word_1_385' title='bbox 3899 3228 4092 3281; x_wconf 81' lang='lat' dir='ltr'><strong>lectio-</strong></span> 
     </span>
    </p>
   </div>
   <div class='ocr_carea' id='block_1_50' title="bbox 4193 2054 5761 2125">
    <p class='ocr_par' dir='ltr' id='par_1_50' title="bbox 4193 2054 5761 2125">
     <span class='ocr_line' id='line_1_50' title="bbox 4193 2054 5761 2125; baseline -0.007 -14"><span class='ocrx_word' id='word_1_386' title='bbox 4193 2057 4403 2121; x_wconf 90' lang='lat' dir='ltr'><strong>otiosis,</strong></span> <span class='ocrx_word' id='word_1_387' title='bbox 4432 2056 4572 2125; x_wconf 90' lang='lat' dir='ltr'><strong>apud</strong></span> <span class='ocrx_word' id='word_1_388' title='bbox 4596 2055 4921 2111; x_wconf 89' lang='lat' dir='ltr'><strong>intrinsecus</strong></span> <span class='ocrx_word' id='word_1_389' title='bbox 4949 2054 5339 2110; x_wconf 87' lang='lat' dir='ltr'><strong>auscultantem</strong></span> <span class='ocrx_word' id='word_1_390' title='bbox 5363 2065 5467 2105; x_wconf 92' lang='lat' dir='ltr'><strong>non</strong></span> <span class='ocrx_word' id='word_1_391' title='bbox 5489 2059 5761 2103; x_wconf 87' lang='lat' dir='ltr'><strong>sermones</strong></span> 
     </span>
    </p>
   </div>
   <div class='ocr_carea' id='block_1_51' title="bbox 4194 2135 5761 2215">
    <p class='ocr_par' dir='ltr' id='par_1_51' title="bbox 4194 2135 5761 2215">
     <span class='ocr_line' id='line_1_51' title="bbox 4194 2135 5761 2215; baseline -0.009 -13"><span class='ocrx_word' id='word_1_392' title='bbox 4194 2146 4602 2212; x_wconf 85' lang='lat' dir='ltr'><strong>hominum,sed</strong></span> <span class='ocrx_word' id='word_1_393' title='bbox 4631 2145 4787 2215; x_wconf 90' lang='lat' dir='ltr'><strong>quasi</strong></span> <span class='ocrx_word' id='word_1_394' title='bbox 4814 2144 5107 2214; x_wconf 89' lang='lat' dir='ltr'><strong>multigena</strong></span> <span class='ocrx_word' id='word_1_395' title='bbox 5139 2140 5443 2205; x_wconf 83' lang='lat' dir='ltr'><strong>decernitur</strong></span> <span class='ocrx_word' id='word_1_396' title='bbox 5458 2135 5761 2191; x_wconf 73' lang='lat' dir='ltr'><strong>vociferatio</strong></span> 
     </span>
    </p>
   </div>
   <div class='ocr_carea' id='block_1_52' title="bbox 4192 2225 5757 2304">
    <p class='ocr_par' dir='ltr' id='par_1_52' title="bbox 4192 2225 5757 2304">
     <span class='ocr_line' id='line_1_52' title="bbox 4192 2225 5757 2304; baseline -0.008 -13"><span class='ocrx_word' id='word_1_397' title='bbox 4192 2236 4509 2291; x_wconf 86' lang='lat' dir='ltr'><strong>bestiarum.</strong></span> <span class='ocrx_word' id='word_1_398' title='bbox 4565 2234 4685 2304; x_wconf 90' lang='lat' dir='ltr'><strong>Ipse</strong></span> <span class='ocrx_word' id='word_1_399' title='bbox 4735 2234 4989 2289; x_wconf 89' lang='lat' dir='ltr'><strong>nimirum</strong></span> <span class='ocrx_word' id='word_1_400' title='bbox 5039 2242 5141 2295; x_wconf 89' lang='lat' dir='ltr'><strong>est,</strong></span> <span class='ocrx_word' id='word_1_401' title='bbox 5172 2234 5237 2287; x_wconf 90' lang='lat' dir='ltr'><strong>de</strong></span> <span class='ocrx_word' id='word_1_402' title='bbox 5275 2246 5379 2300; x_wconf 90' lang='lat' dir='ltr'><strong>quo</strong></span> <span class='ocrx_word' id='word_1_403' title='bbox 5425 2229 5475 2283; x_wconf 93' lang='lat' dir='ltr'><strong>in</strong></span> <span class='ocrx_word' id='word_1_404' title='bbox 5526 2225 5757 2283; x_wconf 87' lang='lat' dir='ltr'><strong>Canticis</strong></span> 
     </span>
    </p>
   </div>
   <div class='ocr_carea' id='block_1_53' title="bbox 4192 2318 5757 2393">
    <p class='ocr_par' dir='ltr' id='par_1_53' title="bbox 4192 2318 5757 2393">
     <span class='ocr_line' id='line_1_53' title="bbox 4192 2318 5757 2393; baseline -0.008 -12"><span class='ocrx_word' id='word_1_405' title='bbox 4192 2327 4390 2381; x_wconf 90' lang='lat' dir='ltr'><strong>dicitur</strong></span> <span class='ocrx_word' id='word_1_406' title='bbox 4422 2344 4435 2381; x_wconf 89' lang='lat'><strong>:</strong></span> <span class='ocrx_word' id='word_1_407' title='bbox 4473 2344 4493 2377; x_wconf 82' lang='grc' dir='ltr'><strong>ι</strong></span> <span class='ocrx_word' id='word_1_408' title='bbox 4529 2325 4766 2380; x_wconf 87' lang='lat' dir='ltr'><strong>Dilectus</strong></span> <span class='ocrx_word' id='word_1_409' title='bbox 4789 2340 4940 2380; x_wconf 86' lang='lat' dir='ltr'><strong>meus</strong></span> <span class='ocrx_word' id='word_1_410' title='bbox 4969 2324 5189 2393; x_wconf 87' lang='lat' dir='ltr'><strong>respicit</strong></span> <span class='ocrx_word' id='word_1_411' title='bbox 5216 2337 5310 2392; x_wconf 85' lang='lat' dir='ltr'><strong>per</strong></span> <span class='ocrx_word' id='word_1_412' title='bbox 5343 2318 5653 2379; x_wconf 83' lang='lat' dir='ltr'><strong>fenestram,</strong></span> <span class='ocrx_word' id='word_1_413' title='bbox 5678 2330 5757 2369; x_wconf 84' lang='lat' dir='ltr'><strong>re-</strong></span> 
     </span>
    </p>
   </div>
   <div class='ocr_carea' id='block_1_54' title="bbox 4192 2406 5761 2489">
    <p class='ocr_par' dir='ltr' id='par_1_54' title="bbox 4192 2406 5761 2489">
     <span class='ocr_line' id='line_1_54' title="bbox 4192 2406 5761 2489; baseline -0.009 -17"><span class='ocrx_word' id='word_1_414' title='bbox 4192 2418 4351 2489; x_wconf 88' lang='lat' dir='ltr'><strong>spicit</strong></span> <span class='ocrx_word' id='word_1_415' title='bbox 4378 2430 4473 2487; x_wconf 89' lang='lat' dir='ltr'><strong>per</strong></span> <span class='ocrx_word' id='word_1_416' title='bbox 4493 2414 4761 2471; x_wconf 87' lang='lat' dir='ltr'><strong>cancellos</strong></span> <span class='ocrx_word' id='word_1_417' title='bbox 4784 2415 4961 2485; x_wconf 87' lang='lat' dir='ltr'><strong>(Cant.</strong></span> <span class='ocrx_word' id='word_1_418' title='bbox 5000 2414 5080 2485; x_wconf 90' lang='grc' dir='ltr'><strong>ιι).</strong></span> <span class='ocrx_word' id='word_1_419' title='bbox 5122 2434 5140 2465; x_wconf 78' lang='grc' dir='ltr'><strong>ι</strong></span> <span class='ocrx_word' id='word_1_420' title='bbox 5182 2412 5246 2466; x_wconf 81' lang='lat' dir='ltr'><strong>Et</strong></span> <span class='ocrx_word' id='word_1_421' title='bbox 5273 2411 5384 2481; x_wconf 90' lang='lat' dir='ltr'><strong>ipse</strong></span> <span class='ocrx_word' id='word_1_422' title='bbox 5420 2424 5515 2480; x_wconf 86' lang='lat' dir='ltr'><strong>per</strong></span> <span class='ocrx_word' id='word_1_423' title='bbox 5536 2406 5761 2477; x_wconf 80' lang='lat' dir='ltr'><strong>prophe-</strong></span> 
     </span>
    </p>
   </div>
   <div class='ocr_carea' id='block_1_55' title="bbox 4194 2495 5761 2575">
    <p class='ocr_par' dir='ltr' id='par_1_55' title="bbox 4194 2495 5761 2575">
     <span class='ocr_line' id='line_1_55' title="bbox 4194 2495 5761 2575; baseline -0.008 -14"><span class='ocrx_word' id='word_1_424' title='bbox 4194 2516 4303 2561; x_wconf 87' lang='lat' dir='ltr'><strong>tam</strong></span> <span class='ocrx_word' id='word_1_425' title='bbox 4332 2522 4347 2561; x_wconf 89' lang='lat'><strong>:</strong></span> <span class='ocrx_word' id='word_1_426' title='bbox 4387 2523 4405 2556; x_wconf 82' lang='grc' dir='ltr'><strong>ι</strong></span> <span class='ocrx_word' id='word_1_427' title='bbox 4437 2506 4677 2570; x_wconf 86' lang='lat' dir='ltr'><strong>Attendi,</strong></span> <span class='ocrx_word' id='word_1_428' title='bbox 4712 2505 4907 2575; x_wconf 88' lang='lat' dir='ltr'><strong>inquit,</strong></span> <span class='ocrx_word' id='word_1_429' title='bbox 4938 2514 4993 2559; x_wconf 92' lang='lat' dir='ltr'><strong>et</strong></span> <span class='ocrx_word' id='word_1_430' title='bbox 5049 2502 5379 2568; x_wconf 75' lang='lat' dir='ltr'><strong>auscultavi;</strong></span> <span class='ocrx_word' id='word_1_431' title='bbox 5431 2513 5589 2557; x_wconf 90' lang='lat' dir='ltr'><strong>nemo</strong></span> <span class='ocrx_word' id='word_1_432' title='bbox 5622 2495 5761 2566; x_wconf 88' lang='lat' dir='ltr'><strong>quod</strong></span> 
     </span>
    </p>
   </div>
   <div class='ocr_carea' id='block_1_56' title="bbox 4192 2594 5143 2665">
    <p class='ocr_par' dir='ltr' id='par_1_56' title="bbox 4192 2594 5143 2665">
     <span class='ocr_line' id='line_1_56' title="bbox 4192 2594 5143 2665; baseline -0.008 -14"><span class='ocrx_word' id='word_1_433' title='bbox 4192 2596 4393 2651; x_wconf 88' lang='lat' dir='ltr'><strong>bonum</strong></span> <span class='ocrx_word' id='word_1_434' title='bbox 4418 2605 4501 2651; x_wconf 88' lang='lat' dir='ltr'><strong>est</strong></span> <span class='ocrx_word' id='word_1_435' title='bbox 4520 2594 4762 2665; x_wconf 88' lang='lat' dir='ltr'><strong>loquitur</strong></span> <span class='ocrx_word' id='word_1_436' title='bbox 4788 2595 4921 2659; x_wconf 71' lang='lat' dir='ltr'><strong>(lar.</strong></span> <span class='ocrx_word' id='word_1_437' title='bbox 4950 2594 5091 2659; x_wconf 79' lang='lat' dir='ltr'><strong>vni).</strong></span> <span class='ocrx_word' id='word_1_438' title='bbox 5125 2614 5143 2643; x_wconf 74' lang='grc' dir='ltr'><strong>ι</strong></span> 
     </span>
    </p>
   </div>
   <div class='ocr_carea' id='block_1_57' title="bbox 4740 2681 5241 2739">
    <p class='ocr_par' dir='ltr' id='par_1_57' title="bbox 4740 2681 5241 2739">
     <span class='ocr_line' id='line_1_57' title="bbox 4740 2681 5241 2739; baseline -0.004 0"><span class='ocrx_word' id='word_1_439' title='bbox 4740 2682 4967 2739; x_wconf 81' lang='lat' dir='ltr'><strong>CAPUT</strong></span> <span class='ocrx_word' id='word_1_440' title='bbox 5007 2681 5241 2738; x_wconf 80' lang='lat' dir='ltr'><strong>XXVIII.</strong></span> 
     </span>
    </p>
   </div>
   <div class='ocr_carea' id='block_1_58' title="bbox 4700 2773 5263 2828">
    <p class='ocr_par' dir='ltr' id='par_1_58' title="bbox 4700 2773 5263 2828">
     <span class='ocr_line' id='line_1_58' title="bbox 4700 2773 5263 2828; baseline -0.002 -2"><span class='ocrx_word' id='word_1_441' title='bbox 4700 2773 4776 2828; x_wconf 78' lang='lat' dir='ltr'><strong>De</strong></span> <span class='ocrx_word' id='word_1_442' title='bbox 4795 2790 4983 2827; x_wconf 82' lang='lat' dir='ltr'><strong>cancro</strong></span> <span class='ocrx_word' id='word_1_443' title='bbox 5004 2782 5052 2827; x_wconf 88' lang='lat' dir='ltr'><strong>et</strong></span> <span class='ocrx_word' id='word_1_444' title='bbox 5074 2782 5263 2826; x_wconf 82' lang='lat' dir='ltr'><strong>ostrea.</strong></span> 
     </span>
    </p>
   </div>
   <div class='ocr_carea' id='block_1_59' title="bbox 4264 2860 5763 2931">
    <p class='ocr_par' dir='ltr' id='par_1_59' title="bbox 4264 2860 5763 2931">
     <span class='ocr_line' id='line_1_59' title="bbox 4264 2860 5763 2931; baseline -0.006 -11"><span class='ocrx_word' id='word_1_445' title='bbox 4264 2864 4369 2920; x_wconf 87' lang='lat' dir='ltr'><strong>Sed</strong></span> <span class='ocrx_word' id='word_1_446' title='bbox 4409 2874 4467 2920; x_wconf 93' lang='lat' dir='ltr'><strong>ut</strong></span> <span class='ocrx_word' id='word_1_447' title='bbox 4495 2874 4681 2919; x_wconf 89' lang='lat' dir='ltr'><strong>noster</strong></span> <span class='ocrx_word' id='word_1_448' title='bbox 4731 2879 4911 2919; x_wconf 87' lang='lat' dir='ltr'><strong>sermo</strong></span> <span class='ocrx_word' id='word_1_449' title='bbox 4960 2865 5027 2919; x_wconf 91' lang='lat' dir='ltr'><strong>ab</strong></span> <span class='ocrx_word' id='word_1_450' title='bbox 5076 2879 5137 2918; x_wconf 87' lang='lat' dir='ltr'><strong>ea</strong></span> <span class='ocrx_word' id='word_1_451' title='bbox 5169 2878 5328 2931; x_wconf 88' lang='lat' dir='ltr'><strong>quam</strong></span> <span class='ocrx_word' id='word_1_452' title='bbox 5385 2860 5546 2916; x_wconf 90' lang='lat' dir='ltr'><strong>semel</strong></span> <span class='ocrx_word' id='word_1_453' title='bbox 5604 2871 5763 2927; x_wconf 72' lang='grc' dir='ltr'><strong>οανιι</strong></span> 
     </span>
    </p>
   </div>
   <div class='ocr_carea' id='block_1_60' title="bbox 4197 2952 5761 3021">
    <p class='ocr_par' dir='ltr' id='par_1_60' title="bbox 4197 2952 5761 3021">
     <span class='ocr_line' id='line_1_60' title="bbox 4197 2952 5761 3021; baseline -0.004 -15"><span class='ocrx_word' id='word_1_454' title='bbox 4197 2952 4419 3008; x_wconf 89' lang='lat' dir='ltr'><strong>materia</strong></span> <span class='ocrx_word' id='word_1_455' title='bbox 4454 2968 4559 3008; x_wconf 94' lang='lat' dir='ltr'><strong>non</strong></span> <span class='ocrx_word' id='word_1_456' title='bbox 4598 2953 4838 3018; x_wconf 89' lang='lat' dir='ltr'><strong>recedat,</strong></span> <span class='ocrx_word' id='word_1_457' title='bbox 4864 2962 4921 3007; x_wconf 90' lang='lat' dir='ltr'><strong>et</strong></span> <span class='ocrx_word' id='word_1_458' title='bbox 4964 2953 5297 3021; x_wconf 68' lang='lat' dir='ltr'><strong>loquentium</strong></span> <span class='ocrx_word' id='word_1_459' title='bbox 5351 2952 5477 3004; x_wconf 88' lang='lat' dir='ltr'><strong>vitia</strong></span> <span class='ocrx_word' id='word_1_460' title='bbox 5533 2965 5627 3020; x_wconf 87' lang='lat' dir='ltr'><strong>per</strong></span> <span class='ocrx_word' id='word_1_461' title='bbox 5656 2965 5761 3004; x_wconf 90' lang='lat' dir='ltr'><strong>non</strong></span> 
     </span>
    </p>
   </div>
   <div class='ocr_carea' id='block_1_61' title="bbox 4197 3040 5763 3113">
    <p class='ocr_par' dir='ltr' id='par_1_61' title="bbox 4197 3040 5763 3113">
     <span class='ocr_line' id='line_1_61' title="bbox 4197 3040 5763 3113; baseline -0.004 -16"><span class='ocrx_word' id='word_1_462' title='bbox 4197 3045 4531 3113; x_wconf 78' lang='lat' dir='ltr'><strong>loquentium</strong></span> <span class='ocrx_word' id='word_1_463' title='bbox 4563 3044 4877 3098; x_wconf 88' lang='lat' dir='ltr'><strong>animalium</strong></span> <span class='ocrx_word' id='word_1_464' title='bbox 4920 3052 5279 3113; x_wconf 86' lang='lat' dir='ltr'><strong>prosequatur</strong></span> <span class='ocrx_word' id='word_1_465' title='bbox 5302 3040 5578 3110; x_wconf 87' lang='lat' dir='ltr'><strong>exempla;</strong></span> <span class='ocrx_word' id='word_1_466' title='bbox 5623 3054 5763 3092; x_wconf 89' lang='lat' dir='ltr'><strong>nun-</strong></span> 
     </span>
    </p>
   </div>
   <div class='ocr_carea' id='block_1_62' title="bbox 4196 3122 5764 3205">
    <p class='ocr_par' dir='ltr' id='par_1_62' title="bbox 4196 3122 5764 3205">
     <span class='ocr_line' id='line_1_62' title="bbox 4196 3122 5764 3205; baseline -0.004 -20"><span class='ocrx_word' id='word_1_467' title='bbox 4196 3151 4358 3203; x_wconf 65' lang='lat' dir='ltr'><strong>quam</strong></span> <span class='ocrx_word' id='word_1_468' title='bbox 4388 3135 4559 3189; x_wconf 90' lang='lat' dir='ltr'><strong>hostis</strong></span> <span class='ocrx_word' id='word_1_469' title='bbox 4587 3134 4769 3189; x_wconf 85' lang='lat' dir='ltr'><strong>fauces</strong></span> <span class='ocrx_word' id='word_1_470' title='bbox 4798 3134 5000 3205; x_wconf 90' lang='lat' dir='ltr'><strong>hydrus</strong></span> <span class='ocrx_word' id='word_1_471' title='bbox 5027 3134 5343 3202; x_wconf 84' lang='lat' dir='ltr'><strong>ingreditur,</strong></span> <span class='ocrx_word' id='word_1_472' title='bbox 5366 3130 5463 3184; x_wconf 87' lang='lat' dir='ltr'><strong>nisi</strong></span> <span class='ocrx_word' id='word_1_473' title='bbox 5488 3144 5605 3183; x_wconf 91' lang='lat' dir='ltr'><strong>cum</strong></span> <span class='ocrx_word' id='word_1_474' title='bbox 5643 3122 5764 3180; x_wconf 90' lang='lat' dir='ltr'><strong>cro-</strong></span> 
     </span>
    </p>
   </div>
   <div class='ocr_carea' id='block_1_63' title="bbox 4196 3220 5761 3295">
    <p class='ocr_par' dir='ltr' id='par_1_63' title="bbox 4196 3220 5761 3295">
     <span class='ocr_line' id='line_1_63' title="bbox 4196 3220 5761 3295; baseline -0.004 -20"><span class='ocrx_word' id='word_1_475' title='bbox 4196 3224 4401 3276; x_wconf 81' lang='lat' dir='ltr'><strong>codilus</strong></span> <span class='ocrx_word' id='word_1_476' title='bbox 4427 3224 4664 3295; x_wconf 73' lang='lat' dir='ltr'><strong>oscitans</strong></span> <span class='ocrx_word' id='word_1_477' title='bbox 4690 3222 4976 3276; x_wconf 87' lang='lat' dir='ltr'><strong>invenitur.</strong></span> <span class='ocrx_word' id='word_1_478' title='bbox 4996 3222 5127 3276; x_wconf 84' lang='lat' dir='ltr'><strong>Nam</strong></span> <span class='ocrx_word' id='word_1_479' title='bbox 5150 3222 5192 3276; x_wconf 89' lang='lat' dir='ltr'><strong>si</strong></span> <span class='ocrx_word' id='word_1_480' title='bbox 5216 3220 5448 3275; x_wconf 88' lang='lat' dir='ltr'><strong>clausum</strong></span> <span class='ocrx_word' id='word_1_481' title='bbox 5475 3232 5536 3271; x_wconf 92' lang='lat' dir='ltr'><strong>os</strong></span> <span class='ocrx_word' id='word_1_482' title='bbox 5563 3225 5761 3276; x_wconf 86' lang='lat' dir='ltr'><strong>teneat.</strong></span> 
     </span>
    </p>
   </div>
   <div class='ocr_carea' id='block_1_64' title="bbox 2509 3301 5763 3387">
    <p class='ocr_par' dir='ltr' id='par_1_64' title="bbox 2509 3301 5763 3387">
     <span class='ocr_line' id='line_1_64' title="bbox 2509 3301 5763 3387; baseline -0.003 -18"><span class='ocrx_word' id='word_1_483' title='bbox 2509 3314 2670 3368; x_wconf 87' lang='lat' dir='ltr'><strong>nibus</strong></span> <span class='ocrx_word' id='word_1_484' title='bbox 2699 3313 3085 3374; x_wconf 78' lang='lat' dir='ltr'><strong>debent-totum</strong></span> <span class='ocrx_word' id='word_1_485' title='bbox 3117 3317 3417 3387; x_wconf 87' lang='lat' dir='ltr'><strong>vaniloquis</strong></span> <span class='ocrx_word' id='word_1_486' title='bbox 3443 3317 3789 3373; x_wconf 59' lang='lat' dir='ltr'><strong>sermonibus</strong></span> <span class='ocrx_word' id='word_1_487' title='bbox 3809 3318 4083 3373; x_wconf 67' lang='lat' dir='ltr'><strong>exhibent,</strong></span> <span class='ocrx_word' id='word_1_488' title='bbox 4117 3301 4160 3360; x_wconf 82' lang='lat' dir='ltr'>C</span> <span class='ocrx_word' id='word_1_489' title='bbox 4196 3313 4500 3367; x_wconf 82' lang='lat' dir='ltr'><strong>insidiantis</strong></span> <span class='ocrx_word' id='word_1_490' title='bbox 4537 3314 4794 3381; x_wconf 90' lang='lat' dir='ltr'><strong>impetum</strong></span> <span class='ocrx_word' id='word_1_491' title='bbox 4820 3328 4925 3367; x_wconf 91' lang='lat' dir='ltr'><strong>non</strong></span> <span class='ocrx_word' id='word_1_492' title='bbox 4964 3313 5234 3367; x_wconf 85' lang='lat' dir='ltr'><strong>formidat.</strong></span> <span class='ocrx_word' id='word_1_493' title='bbox 5268 3307 5595 3377; x_wconf 79' lang='lat' dir='ltr'><strong>Autltalopus</strong></span> <span class='ocrx_word' id='word_1_494' title='bbox 5639 3320 5763 3359; x_wconf 87' lang='lat' dir='ltr'><strong>cum</strong></span> 
     </span>
    </p>
   </div>
   <div class='ocr_carea' id='block_1_65' title="bbox 2508 3404 4087 3476">
    <p class='ocr_par' dir='ltr' id='par_1_65' title="bbox 2508 3404 4087 3476">
     <span class='ocr_line' id='line_1_65' title="bbox 2508 3404 4087 3476; baseline 0.003 -20"><span class='ocrx_word' id='word_1_495' title='bbox 2508 3404 2605 3457; x_wconf 72' lang='lat' dir='ltr'><strong>Vir</strong></span> <span class='ocrx_word' id='word_1_496' title='bbox 2632 3404 2834 3458; x_wconf 90' lang='lat' dir='ltr'><strong>etenim</strong></span> <span class='ocrx_word' id='word_1_497' title='bbox 2870 3415 3113 3467; x_wconf 88' lang='lat' dir='ltr'><strong>sanctus,</strong></span> <span class='ocrx_word' id='word_1_498' title='bbox 3143 3407 3233 3475; x_wconf 90' lang='lat' dir='ltr'><strong>qui</strong></span> <span class='ocrx_word' id='word_1_499' title='bbox 3266 3408 3501 3475; x_wconf 69' lang='lat' dir='ltr'><strong>regulam</strong></span> <span class='ocrx_word' id='word_1_500' title='bbox 3523 3407 3781 3472; x_wconf 90' lang='lat' dir='ltr'><strong>condidit,</strong></span> <span class='ocrx_word' id='word_1_501' title='bbox 3813 3422 4087 3476; x_wconf 90' lang='lat' dir='ltr'><strong>nunquam</strong></span> 
     </span>
    </p>
   </div>
   <div class='ocr_carea' id='block_1_66' title="bbox 2510 3495 4087 3565">
    <p class='ocr_par' dir='ltr' id='par_1_66' title="bbox 2510 3495 4087 3565">
     <span class='ocr_line' id='line_1_66' title="bbox 2510 3495 4087 3565; baseline 0.003 -17"><span class='ocrx_word' id='word_1_502' title='bbox 2510 3502 2749 3549; x_wconf 83' lang='lat' dir='ltr'><strong>mutaret</strong></span> <span class='ocrx_word' id='word_1_503' title='bbox 2778 3495 2962 3549; x_wconf 90' lang='lat' dir='ltr'><strong>horam</strong></span> <span class='ocrx_word' id='word_1_504' title='bbox 3003 3496 3105 3549; x_wconf 91' lang='lat' dir='ltr'><strong>nisi</strong></span> <span class='ocrx_word' id='word_1_505' title='bbox 3140 3507 3357 3565; x_wconf 87' lang='lat' dir='ltr'><strong>propter</strong></span> <span class='ocrx_word' id='word_1_506' title='bbox 3401 3498 3751 3553; x_wconf 88' lang='lat' dir='ltr'><strong>continuandi</strong></span> <span class='ocrx_word' id='word_1_507' title='bbox 3774 3498 3976 3554; x_wconf 89' lang='lat' dir='ltr'><strong>laboris</strong></span> <span class='ocrx_word' id='word_1_508' title='bbox 4003 3498 4087 3552; x_wconf 84' lang='lat' dir='ltr'><strong>in-</strong></span> 
     </span>
    </p>
   </div>
   <div class='ocr_carea' id='block_1_67' title="bbox 2510 3583 4091 3658">
    <p class='ocr_par' dir='ltr' id='par_1_67' title="bbox 2510 3583 4091 3658">
     <span class='ocr_line' id='line_1_67' title="bbox 2510 3583 4091 3658; baseline 0.004 -22"><span class='ocrx_word' id='word_1_509' title='bbox 2510 3585 2768 3638; x_wconf 88' lang='lat' dir='ltr'><strong>stantiam</strong></span> <span class='ocrx_word' id='word_1_510' title='bbox 2799 3583 2882 3652; x_wconf 91' lang='lat' dir='ltr'><strong>(S.</strong></span> <span class='ocrx_word' id='word_1_511' title='bbox 2932 3583 3060 3637; x_wconf 73' lang='lat' dir='ltr'><strong>BEN.</strong></span> <span class='ocrx_word' id='word_1_512' title='bbox 3091 3584 3217 3654; x_wconf 85' lang='lat' dir='ltr'><strong>Reg.</strong></span> <span class='ocrx_word' id='word_1_513' title='bbox 3271 3601 3322 3639; x_wconf 94' lang='lat' dir='ltr'><strong>c.</strong></span> <span class='ocrx_word' id='word_1_514' title='bbox 3364 3587 3475 3649; x_wconf 70' lang='grc' dir='ltr'><strong>ιε),</strong></span> <span class='ocrx_word' id='word_1_515' title='bbox 3535 3601 3639 3641; x_wconf 86' lang='lat' dir='ltr'><strong>nec</strong></span> <span class='ocrx_word' id='word_1_516' title='bbox 3694 3597 3944 3658; x_wconf 91' lang='lat' dir='ltr'><strong>quartam</strong></span> <span class='ocrx_word' id='word_1_517' title='bbox 3994 3603 4091 3656; x_wconf 90' lang='lat' dir='ltr'><strong>pro</strong></span> 
     </span>
    </p>
   </div>
   <div class='ocr_carea' id='block_1_68' title="bbox 2514 3674 4090 3747">
    <p class='ocr_par' dir='ltr' id='par_1_68' title="bbox 2514 3674 4090 3747">
     <span class='ocr_line' id='line_1_68' title="bbox 2514 3674 4090 3747; baseline 0.004 -20"><span class='ocrx_word' id='word_1_518' title='bbox 2514 3674 2675 3730; x_wconf 85' lang='lat' dir='ltr'><strong>tertia</strong></span> <span class='ocrx_word' id='word_1_519' title='bbox 2707 3685 2933 3743; x_wconf 85' lang='lat' dir='ltr'><strong>poneret</strong></span> <span class='ocrx_word' id='word_1_520' title='bbox 2979 3675 3083 3728; x_wconf 91' lang='lat' dir='ltr'><strong>nisi</strong></span> <span class='ocrx_word' id='word_1_521' title='bbox 3112 3678 3423 3731; x_wconf 85' lang='lat' dir='ltr'><strong>necessario</strong></span> <span class='ocrx_word' id='word_1_522' title='bbox 3452 3677 3651 3732; x_wconf 87' lang='lat' dir='ltr'><strong>laboris</strong></span> <span class='ocrx_word' id='word_1_523' title='bbox 3680 3678 3940 3732; x_wconf 90' lang='lat' dir='ltr'><strong>exercitio</strong></span> <span class='ocrx_word' id='word_1_524' title='bbox 3960 3693 4090 3747; x_wconf 88' lang='lat' dir='ltr'><strong>pro-</strong></span> 
     </span>
    </p>
   </div>
   <div class='ocr_carea' id='block_1_69' title="bbox 2510 3762 4087 3837">
    <p class='ocr_par' dir='ltr' id='par_1_69' title="bbox 2510 3762 4087 3837">
     <span class='ocr_line' id='line_1_69' title="bbox 2510 3762 4087 3837; baseline 0.005 -23"><span class='ocrx_word' id='word_1_525' title='bbox 2510 3764 2737 3818; x_wconf 76' lang='lat' dir='ltr'><strong>videret.</strong></span> <span class='ocrx_word' id='word_1_526' title='bbox 2769 3762 2871 3816; x_wconf 89' lang='lat' dir='ltr'><strong>Sed</strong></span> <span class='ocrx_word' id='word_1_527' title='bbox 2897 3762 3138 3832; x_wconf 87' lang='lat' dir='ltr'><strong>profecto</strong></span> <span class='ocrx_word' id='word_1_528' title='bbox 3167 3773 3221 3818; x_wconf 91' lang='lat' dir='ltr'><strong>et</strong></span> <span class='ocrx_word' id='word_1_529' title='bbox 3246 3764 3317 3817; x_wconf 89' lang='lat' dir='ltr'><strong>illi</strong></span> <span class='ocrx_word' id='word_1_530' title='bbox 3356 3766 3588 3834; x_wconf 88' lang='lat' dir='ltr'><strong>operarii</strong></span> <span class='ocrx_word' id='word_1_531' title='bbox 3618 3776 3741 3823; x_wconf 91' lang='lat' dir='ltr'><strong>sunt</strong></span> <span class='ocrx_word' id='word_1_532' title='bbox 3771 3767 4087 3837; x_wconf 87' lang='lat' dir='ltr'><strong>iniquitatis,</strong></span> 
     </span>
    </p>
   </div>
   <div class='ocr_carea' id='block_1_70' title="bbox 2509 3850 4086 3919">
    <p class='ocr_par' dir='ltr' id='par_1_70' title="bbox 2509 3850 4086 3919">
     <span class='ocr_line' id='line_1_70' title="bbox 2509 3850 4086 3919; baseline 0.004 -15"><span class='ocrx_word' id='word_1_533' title='bbox 2509 3852 2600 3919; x_wconf 90' lang='lat' dir='ltr'><strong>qui</strong></span> <span class='ocrx_word' id='word_1_534' title='bbox 2626 3850 2928 3919; x_wconf 87' lang='lat' dir='ltr'><strong>linguarum</strong></span> <span class='ocrx_word' id='word_1_535' title='bbox 2950 3867 3141 3907; x_wconf 87' lang='lat' dir='ltr'><strong>manus</strong></span> <span class='ocrx_word' id='word_1_536' title='bbox 3162 3864 3415 3908; x_wconf 79' lang='lat' dir='ltr'><strong>exercent</strong></span> <span class='ocrx_word' id='word_1_537' title='bbox 3437 3856 3489 3907; x_wconf 92' lang='lat' dir='ltr'><strong>in</strong></span> <span class='ocrx_word' id='word_1_538' title='bbox 3509 3856 3850 3911; x_wconf 87' lang='lat' dir='ltr'><strong>sermonibus</strong></span> <span class='ocrx_word' id='word_1_539' title='bbox 3876 3852 4086 3911; x_wconf 90' lang='lat' dir='ltr'><strong>otiosis.</strong></span> 
     </span>
    </p>
   </div>
   <div class='ocr_carea' id='block_1_71' title="bbox 2511 3939 4090 4015">
    <p class='ocr_par' dir='ltr' id='par_1_71' title="bbox 2511 3939 4090 4015">
     <span class='ocr_line' id='line_1_71' title="bbox 2511 3939 4090 4015; baseline 0.006 -22"><span class='ocrx_word' id='word_1_540' title='bbox 2511 3939 2760 4010; x_wconf 82' lang='lat' dir='ltr'><strong>Nunquid</strong></span> <span class='ocrx_word' id='word_1_541' title='bbox 2784 3941 2926 3995; x_wconf 82' lang='lat' dir='ltr'><strong>enim</strong></span> <span class='ocrx_word' id='word_1_542' title='bbox 2973 3954 3193 3997; x_wconf 88' lang='lat' dir='ltr'><strong>manum</strong></span> <span class='ocrx_word' id='word_1_543' title='bbox 3225 3942 3405 4015; x_wconf 85' lang='lat' dir='ltr'><strong>lingua</strong></span> <span class='ocrx_word' id='word_1_544' title='bbox 3433 3960 3537 4000; x_wconf 92' lang='lat' dir='ltr'><strong>non</strong></span> <span class='ocrx_word' id='word_1_545' title='bbox 3568 3946 3753 4010; x_wconf 87' lang='lat' dir='ltr'><strong>habet,</strong></span> <span class='ocrx_word' id='word_1_546' title='bbox 3777 3963 3899 4003; x_wconf 88' lang='lat' dir='ltr'><strong>cum</strong></span> <span class='ocrx_word' id='word_1_547' title='bbox 3939 3948 4090 4003; x_wconf 83' lang='lat' dir='ltr'><strong>Scri-</strong></span> 
     </span>
    </p>
   </div>
   <div class='ocr_carea' id='block_1_72' title="bbox 2509 4031 4093 4101">
    <p class='ocr_par' dir='ltr' id='par_1_72' title="bbox 2509 4031 4093 4101">
     <span class='ocr_line' id='line_1_72' title="bbox 2509 4031 4093 4101; baseline 0.004 -16"><span class='ocrx_word' id='word_1_548' title='bbox 2509 4043 2668 4100; x_wconf 82' lang='lat' dir='ltr'><strong>ptura</strong></span> <span class='ocrx_word' id='word_1_549' title='bbox 2707 4031 2986 4101; x_wconf 87' lang='lat' dir='ltr'><strong>perhibeat</strong></span> <span class='ocrx_word' id='word_1_550' title='bbox 3015 4051 3028 4085; x_wconf 90' lang='lat'><strong>:</strong></span> <span class='ocrx_word' id='word_1_551' title='bbox 3063 4051 3082 4085; x_wconf 80' lang='grc' dir='ltr'><strong>ι</strong></span> <span class='ocrx_word' id='word_1_552' title='bbox 3123 4033 3258 4100; x_wconf 87' lang='lat' dir='ltr'><strong>Quia</strong></span> <span class='ocrx_word' id='word_1_553' title='bbox 3297 4050 3442 4091; x_wconf 88' lang='lat' dir='ltr'><strong>mors</strong></span> <span class='ocrx_word' id='word_1_554' title='bbox 3465 4044 3519 4090; x_wconf 86' lang='lat' dir='ltr'><strong>et</strong></span> <span class='ocrx_word' id='word_1_555' title='bbox 3567 4036 3676 4090; x_wconf 83' lang='lat' dir='ltr'><strong>vita</strong></span> <span class='ocrx_word' id='word_1_556' title='bbox 3722 4038 3775 4091; x_wconf 92' lang='lat' dir='ltr'><strong>in</strong></span> <span class='ocrx_word' id='word_1_557' title='bbox 3802 4053 3961 4091; x_wconf 91' lang='lat' dir='ltr'><strong>manu</strong></span> <span class='ocrx_word' id='word_1_558' title='bbox 3991 4039 4093 4092; x_wconf 81' lang='lat' dir='ltr'><strong>lin-</strong></span> 
     </span>
    </p>
   </div>
   <div class='ocr_carea' id='block_1_73' title="bbox 2511 4119 4090 4194">
    <p class='ocr_par' dir='ltr' id='par_1_73' title="bbox 2511 4119 4090 4194">
     <span class='ocr_line' id='line_1_73' title="bbox 2511 4119 4090 4194; baseline 0.007 -23"><span class='ocrx_word' id='word_1_559' title='bbox 2511 4122 2664 4191; x_wconf 67' lang='lat' dir='ltr'><strong>gnte?</strong></span> <span class='ocrx_word' id='word_1_560' title='bbox 2695 4140 2714 4173; x_wconf 81' lang='grc' dir='ltr'><strong>ι</strong></span> <span class='ocrx_word' id='word_1_561' title='bbox 2750 4119 2929 4191; x_wconf 82' lang='lat' dir='ltr'><strong>(Prov.</strong></span> <span class='ocrx_word' id='word_1_562' title='bbox 2956 4124 3133 4192; x_wconf 85' lang='lat' dir='ltr'><strong>xvm.)</strong></span> <span class='ocrx_word' id='word_1_563' title='bbox 3160 4124 3226 4179; x_wconf 86' lang='lat' dir='ltr'><strong>Et</strong></span> <span class='ocrx_word' id='word_1_564' title='bbox 3246 4141 3407 4194; x_wconf 91' lang='lat' dir='ltr'><strong>quam</strong></span> <span class='ocrx_word' id='word_1_565' title='bbox 3440 4126 3782 4181; x_wconf 89' lang='lat' dir='ltr'><strong>inhonestum</strong></span> <span class='ocrx_word' id='word_1_566' title='bbox 3815 4137 3998 4194; x_wconf 90' lang='lat' dir='ltr'><strong>estut,</strong></span> <span class='ocrx_word' id='word_1_567' title='bbox 4036 4129 4090 4182; x_wconf 92' lang='lat' dir='ltr'><strong>in</strong></span> 
     </span>
    </p>
   </div>
   <div class='ocr_carea' id='block_1_74' title="bbox 2512 4212 4094 4287">
    <p class='ocr_par' dir='ltr' id='par_1_74' title="bbox 2512 4212 4094 4287">
     <span class='ocr_line' id='line_1_74' title="bbox 2512 4212 4094 4287; baseline 0.006 -23"><span class='ocrx_word' id='word_1_568' title='bbox 2512 4212 2617 4266; x_wconf 92' lang='lat' dir='ltr'><strong>hoc</strong></span> <span class='ocrx_word' id='word_1_569' title='bbox 2654 4226 2880 4266; x_wconf 88' lang='lat' dir='ltr'><strong>munere</strong></span> <span class='ocrx_word' id='word_1_570' title='bbox 2926 4227 3035 4281; x_wconf 92' lang='lat' dir='ltr'><strong>quo</strong></span> <span class='ocrx_word' id='word_1_571' title='bbox 3068 4215 3331 4270; x_wconf 89' lang='lat' dir='ltr'><strong>creaturis</strong></span> <span class='ocrx_word' id='word_1_572' title='bbox 3357 4217 3608 4277; x_wconf 90' lang='lat' dir='ltr'><strong>omnibus</strong></span> <span class='ocrx_word' id='word_1_573' title='bbox 3637 4216 3795 4271; x_wconf 89' lang='lat' dir='ltr'><strong>homo</strong></span> <span class='ocrx_word' id='word_1_574' title='bbox 3827 4219 4094 4287; x_wconf 62' lang='lat' dir='ltr'><strong>praeponi-</strong></span> 
     </span>
    </p>
   </div>
   <div class='ocr_carea' id='block_1_75' title="bbox 2513 4300 4093 4376">
    <p class='ocr_par' dir='ltr' id='par_1_75' title="bbox 2513 4300 4093 4376">
     <span class='ocr_line' id='line_1_75' title="bbox 2513 4300 4093 4376; baseline 0.006 -24"><span class='ocrx_word' id='word_1_575' title='bbox 2513 4312 2622 4364; x_wconf 83' lang='lat' dir='ltr'><strong>tur,</strong></span> <span class='ocrx_word' id='word_1_576' title='bbox 2653 4300 2765 4370; x_wconf 88' lang='lat' dir='ltr'><strong>ipse</strong></span> <span class='ocrx_word' id='word_1_577' title='bbox 2792 4301 3017 4373; x_wconf 87' lang='lat' dir='ltr'><strong>largitor</strong></span> <span class='ocrx_word' id='word_1_578' title='bbox 3037 4304 3104 4359; x_wconf 90' lang='lat' dir='ltr'><strong>ab</strong></span> <span class='ocrx_word' id='word_1_579' title='bbox 3143 4306 3361 4360; x_wconf 89' lang='lat' dir='ltr'><strong>homine</strong></span> <span class='ocrx_word' id='word_1_580' title='bbox 3385 4304 3722 4376; x_wconf 82' lang='lat' dir='ltr'><strong>frequentius</strong></span> <span class='ocrx_word' id='word_1_581' title='bbox 3747 4307 4093 4362; x_wconf 74' lang='lat' dir='ltr'><strong>offendatur?</strong></span> 
     </span>
    </p>
   </div>
   <div class='ocr_carea' id='block_1_76' title="bbox 2510 4387 4092 4465">
    <p class='ocr_par' dir='ltr' id='par_1_76' title="bbox 2510 4387 4092 4465">
     <span class='ocr_line' id='line_1_76' title="bbox 2510 4387 4092 4465; baseline 0.006 -22"><span class='ocrx_word' id='word_1_582' title='bbox 2510 4387 2577 4443; x_wconf 88' lang='lat' dir='ltr'><strong>Et</strong></span> <span class='ocrx_word' id='word_1_583' title='bbox 2616 4405 2736 4444; x_wconf 90' lang='lat' dir='ltr'><strong>cum</strong></span> <span class='ocrx_word' id='word_1_584' title='bbox 2766 4393 2975 4447; x_wconf 84' lang='lat' dir='ltr'><strong>naturis</strong></span> <span class='ocrx_word' id='word_1_585' title='bbox 3004 4392 3227 4462; x_wconf 79' lang='lat' dir='ltr'><strong>reliquis</strong></span> <span class='ocrx_word' id='word_1_586' title='bbox 3256 4397 3418 4450; x_wconf 87' lang='lat' dir='ltr'><strong>homo</strong></span> <span class='ocrx_word' id='word_1_587' title='bbox 3447 4396 3732 4464; x_wconf 70' lang='lat' dir='ltr'><strong>praesideat</strong></span> <span class='ocrx_word' id='word_1_588' title='bbox 3755 4411 3955 4465; x_wconf 91' lang='lat' dir='ltr'><strong>easque</strong></span> <span class='ocrx_word' id='word_1_589' title='bbox 3983 4413 4092 4453; x_wconf 77' lang='lat' dir='ltr'><strong>sua:</strong></span> 
     </span>
    </p>
   </div>
   <div class='ocr_carea' id='block_1_77' title="bbox 2509 4478 4091 4555">
    <p class='ocr_par' dir='ltr' id='par_1_77' title="bbox 2509 4478 4091 4555">
     <span class='ocr_line' id='line_1_77' title="bbox 2509 4478 4091 4555; baseline 0.007 -25"><span class='ocrx_word' id='word_1_590' title='bbox 2509 4478 2731 4532; x_wconf 89' lang='lat' dir='ltr'><strong>ditionis</strong></span> <span class='ocrx_word' id='word_1_591' title='bbox 2760 4480 2967 4550; x_wconf 84' lang='lat' dir='ltr'><strong>legibus</strong></span> <span class='ocrx_word' id='word_1_592' title='bbox 2990 4483 3204 4546; x_wconf 88' lang='lat' dir='ltr'><strong>subdat,</strong></span> <span class='ocrx_word' id='word_1_593' title='bbox 3230 4486 3415 4553; x_wconf 75' lang='lat' dir='ltr'><strong>quanti</strong></span> <span class='ocrx_word' id='word_1_594' title='bbox 3441 4485 3659 4555; x_wconf 90' lang='lat' dir='ltr'><strong>pudoris</strong></span> <span class='ocrx_word' id='word_1_595' title='bbox 3686 4494 3787 4550; x_wconf 91' lang='lat' dir='ltr'><strong>est,</strong></span> <span class='ocrx_word' id='word_1_596' title='bbox 3811 4496 3869 4540; x_wconf 93' lang='lat' dir='ltr'><strong>ut</strong></span> <span class='ocrx_word' id='word_1_597' title='bbox 3897 4502 4091 4541; x_wconf 82' lang='lat' dir='ltr'><strong>carun—</strong></span> 
     </span>
    </p>
   </div>
   <div class='ocr_carea' id='block_1_78' title="bbox 2509 4566 4088 4641">
    <p class='ocr_par' dir='ltr' id='par_1_78' title="bbox 2509 4566 4088 4641">
     <span class='ocr_line' id='line_1_78' title="bbox 2509 4566 4088 4641; baseline 0.006 -20"><span class='ocrx_word' id='word_1_598' title='bbox 2509 4566 2687 4621; x_wconf 89' lang='lat' dir='ltr'><strong>culam</strong></span> <span class='ocrx_word' id='word_1_599' title='bbox 2717 4577 2957 4634; x_wconf 89' lang='lat' dir='ltr'><strong>tenuem,</strong></span> <span class='ocrx_word' id='word_1_600' title='bbox 2988 4585 3150 4638; x_wconf 89' lang='lat' dir='ltr'><strong>quam</strong></span> <span class='ocrx_word' id='word_1_601' title='bbox 3181 4572 3321 4626; x_wconf 84' lang='lat' dir='ltr'><strong>inter</strong></span> <span class='ocrx_word' id='word_1_602' title='bbox 3348 4574 3534 4629; x_wconf 84' lang='lat' dir='ltr'><strong>fauces</strong></span> <span class='ocrx_word' id='word_1_603' title='bbox 3559 4573 3806 4641; x_wconf 87' lang='lat' dir='ltr'><strong>includit,</strong></span> <span class='ocrx_word' id='word_1_604' title='bbox 3831 4574 4088 4631; x_wconf 87' lang='lat' dir='ltr'><strong>edomare</strong></span> 
     </span>
    </p>
   </div>
   <div class='ocr_carea' id='block_1_79' title="bbox 2510 4634 4164 4725">
    <p class='ocr_par' dir='ltr' id='par_1_79' title="bbox 2510 4634 4164 4725">
     <span class='ocr_line' id='line_1_79' title="bbox 2510 4634 4164 4725; baseline 0.007 -17"><span class='ocrx_word' id='word_1_605' title='bbox 2510 4671 2612 4710; x_wconf 86' lang='grc' dir='ltr'><strong>ιοι</strong></span> <span class='ocrx_word' id='word_1_606' title='bbox 2640 4658 2848 4725; x_wconf 63' lang='lat' dir='ltr'><strong>possit?</strong></span> <span class='ocrx_word' id='word_1_607' title='bbox 2876 4634 3030 4713; x_wconf 75' lang='lat' dir='ltr'><strong>Unde</strong></span> <span class='ocrx_word' id='word_1_608' title='bbox 3058 4668 3113 4713; x_wconf 92' lang='lat' dir='ltr'><strong>et</strong></span> <span class='ocrx_word' id='word_1_609' title='bbox 3134 4660 3364 4717; x_wconf 83' lang='lat' dir='ltr'><strong>Jacobus</strong></span> <span class='ocrx_word' id='word_1_610' title='bbox 3390 4665 3518 4719; x_wconf 88' lang='lat' dir='ltr'><strong>dicit</strong></span> <span class='ocrx_word' id='word_1_611' title='bbox 3544 4678 3561 4716; x_wconf 92' lang='lat'><em>:</em></span> <span class='ocrx_word' id='word_1_612' title='bbox 3590 4666 3609 4717; x_wconf 75' lang='grc' dir='ltr'><strong><em>ε</em></strong></span> <span class='ocrx_word' id='word_1_613' title='bbox 3658 4634 3846 4721; x_wconf 81' lang='lat' dir='ltr'><strong>Omnis</strong></span> <span class='ocrx_word' id='word_1_614' title='bbox 3894 4674 4086 4721; x_wconf 90' lang='lat' dir='ltr'><strong>natura</strong></span> <span class='ocrx_word' id='word_1_615' title='bbox 4116 4634 4164 4690; x_wconf 71' lang='grc' dir='ltr'><strong>θ</strong></span> 
     </span>
    </p>
   </div>
   <div class='ocr_carea' id='block_1_80' title="bbox 2508 4748 4086 4827">
    <p class='ocr_par' dir='ltr' id='par_1_80' title="bbox 2508 4748 4086 4827">
     <span class='ocr_line' id='line_1_80' title="bbox 2508 4748 4086 4827; baseline 0.006 -26"><span class='ocrx_word' id='word_1_616' title='bbox 2508 4748 2801 4802; x_wconf 84' lang='lat' dir='ltr'><strong>bestiarum</strong></span> <span class='ocrx_word' id='word_1_617' title='bbox 2823 4750 3169 4805; x_wconf 82' lang='lat' dir='ltr'><strong>etvolucrum</strong></span> <span class='ocrx_word' id='word_1_618' title='bbox 3204 4752 3488 4809; x_wconf 89' lang='lat' dir='ltr'><strong>domabilis</strong></span> <span class='ocrx_word' id='word_1_619' title='bbox 3508 4763 3623 4821; x_wconf 91' lang='lat' dir='ltr'><strong>est;</strong></span> <span class='ocrx_word' id='word_1_620' title='bbox 3646 4756 3880 4827; x_wconf 84' lang='lat' dir='ltr'><strong>linguam</strong></span> <span class='ocrx_word' id='word_1_621' title='bbox 3907 4767 4086 4812; x_wconf 89' lang='lat' dir='ltr'><strong>autem</strong></span> 
     </span>
    </p>
   </div>
   <div class='ocr_carea' id='block_1_81' title="bbox 2512 4835 4088 4915">
    <p class='ocr_par' dir='ltr' id='par_1_81' title="bbox 2512 4835 4088 4915">
     <span class='ocr_line' id='line_1_81' title="bbox 2512 4835 4088 4915; baseline 0.007 -26"><span class='ocrx_word' id='word_1_622' title='bbox 2512 4835 2687 4890; x_wconf 50' lang='lat' dir='ltr'><strong>nullus</strong></span> <span class='ocrx_word' id='word_1_623' title='bbox 2726 4836 3003 4892; x_wconf 85' lang='lat' dir='ltr'><strong>hominum</strong></span> <span class='ocrx_word' id='word_1_624' title='bbox 3060 4838 3282 4895; x_wconf 88' lang='lat' dir='ltr'><strong>domare</strong></span> <span class='ocrx_word' id='word_1_625' title='bbox 3329 4850 3501 4909; x_wconf 89' lang='lat' dir='ltr'><strong>potest</strong></span> <span class='ocrx_word' id='word_1_626' title='bbox 3547 4843 3684 4911; x_wconf 83' lang='lat' dir='ltr'><strong>(Jac.</strong></span> <span class='ocrx_word' id='word_1_627' title='bbox 3711 4845 3795 4915; x_wconf 88' lang='grc' dir='ltr'><strong>ιι).</strong></span> <span class='ocrx_word' id='word_1_628' title='bbox 3830 4863 3847 4895; x_wconf 82' lang='grc' dir='ltr'><strong>ι</strong></span> <span class='ocrx_word' id='word_1_629' title='bbox 3882 4844 4088 4900; x_wconf 85' lang='lat' dir='ltr'><strong>Nullius</strong></span> 
     </span>
    </p>
   </div>
   <div class='ocr_carea' id='block_1_82' title="bbox 2511 4926 4088 5005">
    <p class='ocr_par' dir='ltr' id='par_1_82' title="bbox 2511 4926 4088 5005">
     <span class='ocr_line' id='line_1_82' title="bbox 2511 4926 4088 5005; baseline 0.01 -29"><span class='ocrx_word' id='word_1_630' title='bbox 2511 4926 2711 4995; x_wconf 88' lang='lat' dir='ltr'><strong>quippe</strong></span> <span class='ocrx_word' id='word_1_631' title='bbox 2737 4926 2884 4982; x_wconf 86' lang='lat' dir='ltr'><strong>frena</strong></span> <span class='ocrx_word' id='word_1_632' title='bbox 2914 4931 3150 4985; x_wconf 88' lang='lat' dir='ltr'><strong>doctoris</strong></span> <span class='ocrx_word' id='word_1_633' title='bbox 3176 4947 3426 4987; x_wconf 89' lang='lat' dir='ltr'><strong>coercere</strong></span> <span class='ocrx_word' id='word_1_634' title='bbox 3448 4935 3628 4990; x_wconf 90' lang='lat' dir='ltr'><strong>valent</strong></span> <span class='ocrx_word' id='word_1_635' title='bbox 3657 4935 3891 5005; x_wconf 87' lang='lat' dir='ltr'><strong>linguam</strong></span> <span class='ocrx_word' id='word_1_636' title='bbox 3919 4952 3977 4991; x_wconf 91' lang='lat' dir='ltr'><strong>se</strong></span> <span class='ocrx_word' id='word_1_637' title='bbox 3999 4952 4088 4992; x_wconf 84' lang='lat' dir='ltr'><strong>co-</strong></span> 
     </span>
    </p>
   </div>
   <div class='ocr_carea' id='block_1_83' title="bbox 2513 5016 4089 5098">
    <p class='ocr_par' dir='ltr' id='par_1_83' title="bbox 2513 5016 4089 5098">
     <span class='ocr_line' id='line_1_83' title="bbox 2513 5016 4089 5098; baseline 0.011 -31"><span class='ocrx_word' id='word_1_638' title='bbox 2513 5016 2701 5070; x_wconf 86' lang='lat' dir='ltr'><strong>bibere</strong></span> <span class='ocrx_word' id='word_1_639' title='bbox 2726 5018 2953 5075; x_wconf 87' lang='lat' dir='ltr'><strong>nolentis</strong></span> <span class='ocrx_word' id='word_1_640' title='bbox 2992 5040 3004 5073; x_wconf 86' lang='lat'><strong>:</strong></span> <span class='ocrx_word' id='word_1_641' title='bbox 3035 5022 3269 5094; x_wconf 89' lang='lat' dir='ltr'><strong>alioquin</strong></span> <span class='ocrx_word' id='word_1_642' title='bbox 3309 5025 3352 5079; x_wconf 91' lang='lat' dir='ltr'><strong>si</strong></span> <span class='ocrx_word' id='word_1_643' title='bbox 3381 5026 3557 5094; x_wconf 84' lang='lat' dir='ltr'><strong>pulsat</strong></span> <span class='ocrx_word' id='word_1_644' title='bbox 3606 5036 3662 5083; x_wconf 91' lang='lat' dir='ltr'><strong>et</strong></span> <span class='ocrx_word' id='word_1_645' title='bbox 3702 5028 3915 5093; x_wconf 90' lang='lat' dir='ltr'><strong>nititur,</strong></span> <span class='ocrx_word' id='word_1_646' title='bbox 3944 5031 4089 5098; x_wconf 90' lang='lat' dir='ltr'><strong>quod</strong></span> 
     </span>
    </p>
   </div>
   <div class='ocr_carea' id='block_1_84' title="bbox 2511 5108 4090 5189">
    <p class='ocr_par' dir='ltr' id='par_1_84' title="bbox 2511 5108 4090 5189">
     <span class='ocr_line' id='line_1_84' title="bbox 2511 5108 4090 5189; baseline 0.012 -33"><span class='ocrx_word' id='word_1_647' title='bbox 2511 5115 2661 5172; x_wconf 88' lang='lat' dir='ltr'><strong>optat</strong></span> <span class='ocrx_word' id='word_1_648' title='bbox 2693 5108 2854 5178; x_wconf 70' lang='lat'><strong>827</strong></span> <span class='ocrx_word' id='word_1_649' title='bbox 2884 5112 3065 5178; x_wconf 87' lang='lat' dir='ltr'><strong>procul</strong></span> <span class='ocrx_word' id='word_1_650' title='bbox 3105 5114 3268 5169; x_wconf 89' lang='lat' dir='ltr'><strong>dubio</strong></span> <span class='ocrx_word' id='word_1_651' title='bbox 3304 5128 3684 5186; x_wconf 88' lang='lat' dir='ltr'><strong>consequetur.</strong></span> <span class='ocrx_word' id='word_1_652' title='bbox 3730 5118 3899 5173; x_wconf 90' lang='lat' dir='ltr'><strong>Porro</strong></span> <span class='ocrx_word' id='word_1_653' title='bbox 3948 5122 4090 5189; x_wconf 85' lang='lat' dir='ltr'><strong>quod</strong></span> 
     </span>
    </p>
   </div>
   <div class='ocr_carea' id='block_1_85' title="bbox 2513 5196 4091 5279">
    <p class='ocr_par' dir='ltr' id='par_1_85' title="bbox 2513 5196 4091 5279">
     <span class='ocr_line' id='line_1_85' title="bbox 2513 5196 4091 5279; baseline 0.011 -32"><span class='ocrx_word' id='word_1_654' title='bbox 2513 5196 2771 5250; x_wconf 80' lang='lat' dir='ltr'><strong>animalia</strong></span> <span class='ocrx_word' id='word_1_655' title='bbox 2803 5211 2992 5254; x_wconf 86' lang='lat' dir='ltr'><strong>cuncta</strong></span> <span class='ocrx_word' id='word_1_656' title='bbox 3026 5201 3269 5259; x_wconf 77' lang='lat' dir='ltr'><strong>humanae.</strong></span> <span class='ocrx_word' id='word_1_657' title='bbox 3297 5206 3485 5261; x_wconf 77' lang='lat' dir='ltr'><strong>ditioni</strong></span> <span class='ocrx_word' id='word_1_658' title='bbox 3517 5210 3838 5271; x_wconf 90' lang='lat' dir='ltr'><strong>subdantur,</strong></span> <span class='ocrx_word' id='word_1_659' title='bbox 3868 5209 4091 5279; x_wconf 82' lang='lat' dir='ltr'><strong>loquens</strong></span> 
     </span>
    </p>
   </div>
   <div class='ocr_carea' id='block_1_86' title="bbox 2511 5283 4094 5371">
    <p class='ocr_par' dir='ltr' id='par_1_86' title="bbox 2511 5283 4094 5371">
     <span class='ocr_line' id='line_1_86' title="bbox 2511 5283 4094 5371; baseline 0.009 -35"><span class='ocrx_word' id='word_1_660' title='bbox 2511 5284 2578 5337; x_wconf 89' lang='lat' dir='ltr'><strong>ad</strong></span> <span class='ocrx_word' id='word_1_661' title='bbox 2602 5283 2713 5339; x_wconf 83' lang='lat' dir='ltr'><strong>Noe</strong></span> <span class='ocrx_word' id='word_1_662' title='bbox 2760 5301 2862 5340; x_wconf 88' lang='lat' dir='ltr'><strong>vox</strong></span> <span class='ocrx_word' id='word_1_663' title='bbox 2887 5289 3066 5345; x_wconf 77' lang='lat' dir='ltr'><strong>divina</strong></span> <span class='ocrx_word' id='word_1_664' title='bbox 3092 5298 3353 5349; x_wconf 88' lang='lat' dir='ltr'><strong>testatur:</strong></span> <span class='ocrx_word' id='word_1_665' title='bbox 3390 5316 3409 5347; x_wconf 84' lang='grc'>‹</span> <span class='ocrx_word' id='word_1_666' title='bbox 3443 5296 3661 5371; x_wconf 72' lang='lat' dir='ltr'><strong>Terror,</strong></span> <span class='ocrx_word' id='word_1_667' title='bbox 3693 5298 3888 5368; x_wconf 90' lang='lat' dir='ltr'><strong>inquit,</strong></span> <span class='ocrx_word' id='word_1_668' title='bbox 3914 5309 4094 5353; x_wconf 81' lang='lat' dir='ltr'><strong>vester</strong></span> 
     </span>
    </p>
   </div>
   <div class='ocr_carea' id='block_1_87' title="bbox 2512 5376 4092 5456">
    <p class='ocr_par' dir='ltr' id='par_1_87' title="bbox 2512 5376 4092 5456">
     <span class='ocr_line' id='line_1_87' title="bbox 2512 5376 4092 5456; baseline 0.011 -32"><span class='ocrx_word' id='word_1_669' title='bbox 2512 5387 2573 5425; x_wconf 86' lang='lat' dir='ltr'><strong>ac</strong></span> <span class='ocrx_word' id='word_1_670' title='bbox 2591 5384 2794 5427; x_wconf 90' lang='lat' dir='ltr'><strong>tremor</strong></span> <span class='ocrx_word' id='word_1_671' title='bbox 2818 5376 2885 5429; x_wconf 85' lang='lat' dir='ltr'><strong>sit</strong></span> <span class='ocrx_word' id='word_1_672' title='bbox 2909 5391 3074 5447; x_wconf 90' lang='lat' dir='ltr'><strong>super</strong></span> <span class='ocrx_word' id='word_1_673' title='bbox 3098 5392 3293 5435; x_wconf 85' lang='lat' dir='ltr'><strong>cuncta</strong></span> <span class='ocrx_word' id='word_1_674' title='bbox 3318 5388 3610 5440; x_wconf 81' lang='lat' dir='ltr'><strong>animantia</strong></span> <span class='ocrx_word' id='word_1_675' title='bbox 3644 5396 3823 5452; x_wconf 63' lang='lat' dir='ltr'><strong>terrae,</strong></span> <span class='ocrx_word' id='word_1_676' title='bbox 3845 5397 3900 5441; x_wconf 92' lang='lat' dir='ltr'><strong>et</strong></span> <span class='ocrx_word' id='word_1_677' title='bbox 3928 5376 4092 5456; x_wconf 87' lang='lat' dir='ltr'><strong>super</strong></span> 
     </span>
    </p>
   </div>
   <div class='ocr_carea' id='block_1_88' title="bbox 2513 5462 4092 5546">
    <p class='ocr_par' dir='ltr' id='par_1_88' title="bbox 2513 5462 4092 5546">
     <span class='ocr_line' id='line_1_88' title="bbox 2513 5462 4092 5546; baseline 0.015 -37"><span class='ocrx_word' id='word_1_678' title='bbox 2513 5476 2699 5514; x_wconf 77' lang='lat' dir='ltr'><strong>ninnes</strong></span> <span class='ocrx_word' id='word_1_679' title='bbox 2723 5462 2969 5519; x_wconf 83' lang='lat' dir='ltr'><strong>volucres</strong></span> <span class='ocrx_word' id='word_1_680' title='bbox 3003 5469 3123 5522; x_wconf 64' lang='lat' dir='ltr'><strong>coeli</strong></span> <span class='ocrx_word' id='word_1_681' title='bbox 3174 5484 3295 5524; x_wconf 90' lang='lat' dir='ltr'><strong>cum</strong></span> <span class='ocrx_word' id='word_1_682' title='bbox 3325 5474 3589 5530; x_wconf 87' lang='lat' dir='ltr'><strong>universis</strong></span> <span class='ocrx_word' id='word_1_683' title='bbox 3635 5492 3755 5546; x_wconf 66' lang='lat' dir='ltr'><strong>quae</strong></span> <span class='ocrx_word' id='word_1_684' title='bbox 3808 5489 4092 5532; x_wconf 88' lang='lat' dir='ltr'><strong>moventur</strong></span> 
     </span>
    </p>
   </div>
   <div class='ocr_carea' id='block_1_89' title="bbox 2513 5560 4091 5629">
    <p class='ocr_par' dir='ltr' id='par_1_89' title="bbox 2513 5560 4091 5629">
     <span class='ocr_line' id='line_1_89' title="bbox 2513 5560 4091 5629; baseline 0.015 -28"><span class='ocrx_word' id='word_1_685' title='bbox 2513 5564 2675 5618; x_wconf 73' lang='lat' dir='ltr'><strong>super</strong></span> <span class='ocrx_word' id='word_1_686' title='bbox 2718 5562 2950 5617; x_wconf 88' lang='lat' dir='ltr'><strong>terram;</strong></span> <span class='ocrx_word' id='word_1_687' title='bbox 3008 5572 3197 5614; x_wconf 92' lang='lat' dir='ltr'><strong>omnes</strong></span> <span class='ocrx_word' id='word_1_688' title='bbox 3241 5560 3421 5629; x_wconf 87' lang='lat' dir='ltr'><strong>pisces</strong></span> <span class='ocrx_word' id='word_1_689' title='bbox 3463 5567 3628 5621; x_wconf 89' lang='lat' dir='ltr'><strong>maris</strong></span> <span class='ocrx_word' id='word_1_690' title='bbox 3682 5570 3867 5623; x_wconf 88' lang='lat' dir='ltr'><strong>manui</strong></span> <span class='ocrx_word' id='word_1_691' title='bbox 3898 5578 4091 5624; x_wconf 64' lang='lat' dir='ltr'><strong>vestrae</strong></span> 
     </span>
    </p>
   </div>
   <div class='ocr_carea' id='block_1_90' title="bbox 2516 5642 4091 5720">
    <p class='ocr_par' dir='ltr' id='par_1_90' title="bbox 2516 5642 4091 5720">
     <span class='ocr_line' id='line_1_90' title="bbox 2516 5642 4091 5720; baseline 0.013 -27"><span class='ocrx_word' id='word_1_692' title='bbox 2516 5642 2696 5696; x_wconf 89' lang='lat' dir='ltr'><strong>traditi</strong></span> <span class='ocrx_word' id='word_1_693' title='bbox 2738 5653 2863 5696; x_wconf 87' lang='lat' dir='ltr'><strong>sunt</strong></span> <span class='ocrx_word' id='word_1_694' title='bbox 2914 5646 3063 5715; x_wconf 82' lang='lat' dir='ltr'><strong>(Cen.</strong></span> <span class='ocrx_word' id='word_1_695' title='bbox 3111 5651 3209 5720; x_wconf 78' lang='lat' dir='ltr'><strong>Ix).</strong></span> <span class='ocrx_word' id='word_1_696' title='bbox 3252 5672 3271 5706; x_wconf 82' lang='grc' dir='ltr'><strong>ι</strong></span> <span class='ocrx_word' id='word_1_697' title='bbox 3327 5654 3458 5709; x_wconf 84' lang='lat' dir='ltr'><strong>Nam</strong></span> <span class='ocrx_word' id='word_1_698' title='bbox 3486 5668 3543 5711; x_wconf 91' lang='lat' dir='ltr'><strong>ut</strong></span> <span class='ocrx_word' id='word_1_699' title='bbox 3570 5659 3636 5711; x_wconf 90' lang='lat' dir='ltr'><strong>ab</strong></span> <span class='ocrx_word' id='word_1_700' title='bbox 3665 5659 3881 5715; x_wconf 84' lang='lat' dir='ltr'><strong>homine</strong></span> <span class='ocrx_word' id='word_1_701' title='bbox 3928 5662 4091 5715; x_wconf 87' lang='lat' dir='ltr'><strong>etiam</strong></span> 
     </span>
    </p>
   </div>
   <div class='ocr_carea' id='block_1_91' title="bbox 2514 5738 4093 5815">
    <p class='ocr_par' dir='ltr' id='par_1_91' title="bbox 2514 5738 4093 5815">
     <span class='ocr_line' id='line_1_91' title="bbox 2514 5738 4093 5815; baseline 0.014 -30"><span class='ocrx_word' id='word_1_702' title='bbox 2514 5746 2790 5803; x_wconf 82' lang='lat' dir='ltr'><strong>serpentes</strong></span> <span class='ocrx_word' id='word_1_703' title='bbox 2815 5738 3053 5794; x_wconf 89' lang='lat' dir='ltr'><strong>edomari</strong></span> <span class='ocrx_word' id='word_1_704' title='bbox 3111 5748 3429 5815; x_wconf 87' lang='lat' dir='ltr'><strong>propensius</strong></span> <span class='ocrx_word' id='word_1_705' title='bbox 3479 5750 3805 5807; x_wconf 74' lang='lat' dir='ltr'><strong>rdmiremur</strong></span> <span class='ocrx_word' id='word_1_706' title='bbox 3837 5768 3850 5805; x_wconf 94' lang='lat'>:</span> <span class='ocrx_word' id='word_1_707' title='bbox 3887 5754 4093 5807; x_wconf 87' lang='lat' dir='ltr'><strong>Plinius</strong></span> 
     </span>
    </p>
   </div>
   <div class='ocr_carea' id='block_1_92' title="bbox 2515 5818 4095 5912">
    <p class='ocr_par' dir='ltr' id='par_1_92' title="bbox 2515 5818 4095 5912">
     <span class='ocr_line' id='line_1_92' title="bbox 2515 5818 4095 5912; baseline 0.015 -38"><span class='ocrx_word' id='word_1_708' title='bbox 2515 5818 2957 5881; x_wconf 76' lang='lat' dir='ltr'><strong>Immanissimaut</strong></span> <span class='ocrx_word' id='word_1_709' title='bbox 2989 5834 3317 5900; x_wconf 85' lang='lat' dir='ltr'><strong>serpentium</strong></span> <span class='ocrx_word' id='word_1_710' title='bbox 3342 5840 3579 5907; x_wconf 81' lang='lat' dir='ltr'><strong>aspidem</strong></span> <span class='ocrx_word' id='word_1_711' title='bbox 3608 5858 3635 5895; x_wconf 69' lang='grc' dir='ltr'><strong>ξι</strong></span> <span class='ocrx_word' id='word_1_712' title='bbox 3660 5844 3889 5911; x_wconf 87' lang='lat' dir='ltr'><strong>quoda-n</strong></span> <span class='ocrx_word' id='word_1_713' title='bbox 3914 5854 4095 5912; x_wconf 78' lang='lat' dir='ltr'><strong>patre—</strong></span> 
     </span>
    </p>
   </div>
   <div class='ocr_carea' id='block_1_93' title="bbox 4191 3399 5765 3474">
    <p class='ocr_par' dir='ltr' id='par_1_93' title="bbox 4191 3399 5765 3474">
     <span class='ocr_line' id='line_1_93' title="bbox 4191 3399 5765 3474; baseline -0.006 -15"><span class='ocrx_word' id='word_1_714' title='bbox 4191 3404 4479 3467; x_wconf 80' lang='lat' dir='ltr'><strong>exclamat,</strong></span> <span class='ocrx_word' id='word_1_715' title='bbox 4510 3404 4577 3459; x_wconf 88' lang='lat' dir='ltr'><strong>ad</strong></span> <span class='ocrx_word' id='word_1_716' title='bbox 4625 3420 4779 3459; x_wconf 91' lang='lat' dir='ltr'><strong>suum</strong></span> <span class='ocrx_word' id='word_1_717' title='bbox 4813 3405 5031 3474; x_wconf 87' lang='lat' dir='ltr'><strong>ignarus</strong></span> <span class='ocrx_word' id='word_1_718' title='bbox 5064 3403 5335 3457; x_wconf 90' lang='lat' dir='ltr'><strong>interitum</strong></span> <span class='ocrx_word' id='word_1_719' title='bbox 5376 3399 5577 3469; x_wconf 88' lang='lat' dir='ltr'><strong>gladios</strong></span> <span class='ocrx_word' id='word_1_720' title='bbox 5603 3413 5765 3451; x_wconf 80' lang='lat' dir='ltr'><strong>vena-</strong></span> 
     </span>
    </p>
   </div>
   <div class='ocr_carea' id='block_1_94' title="bbox 4194 3488 5761 3563">
    <p class='ocr_par' dir='ltr' id='par_1_94' title="bbox 4194 3488 5761 3563">
     <span class='ocr_line' id='line_1_94' title="bbox 4194 3488 5761 3563; baseline -0.003 -17"><span class='ocrx_word' id='word_1_721' title='bbox 4194 3495 4327 3547; x_wconf 87' lang='lat' dir='ltr'><strong>toris</strong></span> <span class='ocrx_word' id='word_1_722' title='bbox 4356 3494 4566 3557; x_wconf 84' lang='lat' dir='ltr'><strong>invitat,</strong></span> <span class='ocrx_word' id='word_1_723' title='bbox 4605 3493 4748 3563; x_wconf 90' lang='lat' dir='ltr'><strong>quod</strong></span> <span class='ocrx_word' id='word_1_724' title='bbox 4773 3494 4944 3549; x_wconf 87' lang='lat' dir='ltr'><strong>donec</strong></span> <span class='ocrx_word' id='word_1_725' title='bbox 4978 3493 5225 3556; x_wconf 85' lang='lat' dir='ltr'><strong>obticuit,</strong></span> <span class='ocrx_word' id='word_1_726' title='bbox 5264 3488 5630 3561; x_wconf 86' lang='lat' dir='ltr'><strong>persequentis</strong></span> <span class='ocrx_word' id='word_1_727' title='bbox 5677 3488 5761 3541; x_wconf 59' lang='lat' dir='ltr'><strong>inc</strong></span> 
     </span>
    </p>
   </div>
   <div class='ocr_carea' id='block_1_95' title="bbox 4192 3581 5765 3653">
    <p class='ocr_par' dir='ltr' id='par_1_95' title="bbox 4192 3581 5765 3653">
     <span class='ocr_line' id='line_1_95' title="bbox 4192 3581 5765 3653; baseline -0.003 -17"><span class='ocrx_word' id='word_1_728' title='bbox 4192 3584 4455 3638; x_wconf 87' lang='lat' dir='ltr'><strong>dustriam</strong></span> <span class='ocrx_word' id='word_1_729' title='bbox 4485 3584 4690 3653; x_wconf 88' lang='lat' dir='ltr'><strong>fugacis</strong></span> <span class='ocrx_word' id='word_1_730' title='bbox 4718 3600 4909 3638; x_wconf 90' lang='lat' dir='ltr'><strong>cursus</strong></span> <span class='ocrx_word' id='word_1_731' title='bbox 4935 3584 5242 3653; x_wconf 87' lang='lat' dir='ltr'><strong>opinionem</strong></span> <span class='ocrx_word' id='word_1_732' title='bbox 5264 3581 5475 3635; x_wconf 89' lang='lat' dir='ltr'><strong>delusit.</strong></span> <span class='ocrx_word' id='word_1_733' title='bbox 5501 3581 5682 3647; x_wconf 82' lang='lat' dir='ltr'><strong>Atque</strong></span> <span class='ocrx_word' id='word_1_734' title='bbox 5709 3587 5765 3631; x_wconf 90' lang='lat' dir='ltr'><strong>ut</strong></span> 
     </span>
    </p>
   </div>
   <div class='ocr_carea' id='block_1_96' title="bbox 4194 3668 5766 3740">
    <p class='ocr_par' dir='ltr' id='par_1_96' title="bbox 4194 3668 5766 3740">
     <span class='ocr_line' id='line_1_96' title="bbox 4194 3668 5766 3740; baseline -0.004 -12"><span class='ocrx_word' id='word_1_735' title='bbox 4194 3676 4293 3728; x_wconf 85' lang='lat' dir='ltr'><strong>hoc</strong></span> <span class='ocrx_word' id='word_1_736' title='bbox 4332 3672 4579 3734; x_wconf 87' lang='lat' dir='ltr'><strong>inferam,</strong></span> <span class='ocrx_word' id='word_1_737' title='bbox 4622 3674 4761 3740; x_wconf 90' lang='lat' dir='ltr'><strong>quod</strong></span> <span class='ocrx_word' id='word_1_738' title='bbox 4790 3688 4986 3727; x_wconf 91' lang='lat' dir='ltr'><strong>cancer</strong></span> <span class='ocrx_word' id='word_1_739' title='bbox 5024 3683 5226 3735; x_wconf 87' lang='lat' dir='ltr'><strong>ostreo,</strong></span> <span class='ocrx_word' id='word_1_740' title='bbox 5273 3669 5399 3724; x_wconf 86' lang='lat' dir='ltr'><strong>facit</strong></span> <span class='ocrx_word' id='word_1_741' title='bbox 5454 3668 5766 3737; x_wconf 85' lang='lat' dir='ltr'><strong>plerumque</strong></span> 
     </span>
    </p>
   </div>
   <div class='ocr_carea' id='block_1_97' title="bbox 4192 3760 5766 3831">
    <p class='ocr_par' dir='ltr' id='par_1_97' title="bbox 4192 3760 5766 3831">
     <span class='ocr_line' id='line_1_97' title="bbox 4192 3760 5766 3831; baseline -0.003 -14"><span class='ocrx_word' id='word_1_742' title='bbox 4192 3764 4434 3818; x_wconf 88' lang='lat' dir='ltr'><strong>diabolus</strong></span> <span class='ocrx_word' id='word_1_743' title='bbox 4490 3764 4776 3817; x_wconf 84' lang='lat' dir='ltr'><strong>monacho.</strong></span> <span class='ocrx_word' id='word_1_744' title='bbox 4834 3764 5043 3821; x_wconf 84' lang='lat' dir='ltr'><strong>Cancer</strong></span> <span class='ocrx_word' id='word_1_745' title='bbox 5068 3764 5235 3825; x_wconf 90' lang='lat' dir='ltr'><strong>enim,</strong></span> <span class='ocrx_word' id='word_1_746' title='bbox 5266 3762 5515 3831; x_wconf 87' lang='lat' dir='ltr'><strong>quoniam</strong></span> <span class='ocrx_word' id='word_1_747' title='bbox 5570 3760 5766 3813; x_wconf 83' lang='lat' dir='ltr'><strong>ostreis</strong></span> 
     </span>
    </p>
   </div>
   <div class='ocr_carea' id='block_1_98' title="bbox 4189 3851 5765 3922">
    <p class='ocr_par' dir='ltr' id='par_1_98' title="bbox 4189 3851 5765 3922">
     <span class='ocr_line' id='line_1_98' title="bbox 4189 3851 5765 3922; baseline -0.001 -17"><span class='ocrx_word' id='word_1_748' title='bbox 4189 3854 4427 3907; x_wconf 88' lang='lat' dir='ltr'><strong>vescitur</strong></span> <span class='ocrx_word' id='word_1_749' title='bbox 4455 3851 4843 3907; x_wconf 82' lang='lat' dir='ltr'><strong>delectabiliter</strong></span> <span class='ocrx_word' id='word_1_750' title='bbox 4877 3866 5172 3922; x_wconf 89' lang='lat' dir='ltr'><strong>eorumque</strong></span> <span class='ocrx_word' id='word_1_751' title='bbox 5227 3851 5475 3904; x_wconf 83' lang='lat' dir='ltr'><strong>carnibus</strong></span> <span class='ocrx_word' id='word_1_752' title='bbox 5511 3858 5765 3917; x_wconf 86' lang='lat' dir='ltr'><strong>tanquam</strong></span> 
     </span>
    </p>
   </div>
   <div class='ocr_carea' id='block_1_99' title="bbox 4190 3941 5765 4015">
    <p class='ocr_par' dir='ltr' id='par_1_99' title="bbox 4190 3941 5765 4015">
     <span class='ocr_line' id='line_1_99' title="bbox 4190 3941 5765 4015; baseline -0.002 -15"><span class='ocrx_word' id='word_1_753' title='bbox 4190 3946 4362 4015; x_wconf 91' lang='lat' dir='ltr'><strong>epulis</strong></span> <span class='ocrx_word' id='word_1_754' title='bbox 4383 3946 4679 4014; x_wconf 87' lang='lat' dir='ltr'><strong>saginatur,</strong></span> <span class='ocrx_word' id='word_1_755' title='bbox 4706 3960 4884 4013; x_wconf 66' lang='lat' dir='ltr'><strong>operat</strong></span> <span class='ocrx_word' id='word_1_756' title='bbox 4910 3946 5141 4014; x_wconf 88' lang='lat' dir='ltr'><strong>pretium</strong></span> <span class='ocrx_word' id='word_1_757' title='bbox 5179 3955 5269 3997; x_wconf 85' lang='lat' dir='ltr'><strong>est</strong></span> <span class='ocrx_word' id='word_1_758' title='bbox 5284 3943 5467 3997; x_wconf 86' lang='lat' dir='ltr'><strong>audire</strong></span> <span class='ocrx_word' id='word_1_759' title='bbox 5494 3956 5628 4012; x_wconf 84' lang='lat' dir='ltr'><strong>quas</strong></span> <span class='ocrx_word' id='word_1_760' title='bbox 5655 3941 5765 3997; x_wconf 83' lang='lat' dir='ltr'><strong>illis</strong></span> 
     </span>
    </p>
   </div>
   <div class='ocr_carea' id='block_1_100' title="bbox 4191 4031 5763 4099">
    <p class='ocr_par' dir='ltr' id='par_1_100' title="bbox 4191 4031 5763 4099">
     <span class='ocr_line' id='line_1_100' title="bbox 4191 4031 5763 4099; baseline -0.003 -10"><span class='ocrx_word' id='word_1_761' title='bbox 4191 4042 4369 4089; x_wconf 89' lang='lat' dir='ltr'><strong>struat</strong></span> <span class='ocrx_word' id='word_1_762' title='bbox 4394 4034 4632 4087; x_wconf 86' lang='lat' dir='ltr'><strong>insidias.</strong></span> <span class='ocrx_word' id='word_1_763' title='bbox 4662 4033 4813 4096; x_wconf 64' lang='lat' dir='ltr'><strong>Nam,</strong></span> <span class='ocrx_word' id='word_1_764' title='bbox 4840 4049 4960 4086; x_wconf 91' lang='lat' dir='ltr'><strong>cum</strong></span> <span class='ocrx_word' id='word_1_765' title='bbox 4984 4033 5136 4086; x_wconf 82' lang='lat' dir='ltr'><strong>avide</strong></span> <span class='ocrx_word' id='word_1_766' title='bbox 5162 4033 5233 4086; x_wconf 89' lang='lat' dir='ltr'><strong>sit</strong></span> <span class='ocrx_word' id='word_1_767' title='bbox 5256 4039 5508 4099; x_wconf 88' lang='lat' dir='ltr'><strong>appetens</strong></span> <span class='ocrx_word' id='word_1_768' title='bbox 5527 4031 5654 4094; x_wconf 86' lang='lat' dir='ltr'><strong>cibi,</strong></span> <span class='ocrx_word' id='word_1_769' title='bbox 5676 4040 5763 4085; x_wconf 82' lang='lat' dir='ltr'><strong>est</strong></span> 
     </span>
    </p>
   </div>
   <div class='ocr_carea' id='block_1_101' title="bbox 4196 4118 5761 4191">
    <p class='ocr_par' dir='ltr' id='par_1_101' title="bbox 4196 4118 5761 4191">
     <span class='ocr_line' id='line_1_101' title="bbox 4196 4118 5761 4191; baseline -0.004 -14"><span class='ocrx_word' id='word_1_770' title='bbox 4196 4132 4386 4191; x_wconf 85' lang='lat' dir='ltr'><strong>argute</strong></span> <span class='ocrx_word' id='word_1_771' title='bbox 4414 4122 4745 4191; x_wconf 87' lang='lat' dir='ltr'><strong>prospiciens</strong></span> <span class='ocrx_word' id='word_1_772' title='bbox 4777 4131 4830 4175; x_wconf 87' lang='lat' dir='ltr'><strong>et</strong></span> <span class='ocrx_word' id='word_1_773' title='bbox 4851 4120 5092 4190; x_wconf 87' lang='lat' dir='ltr'><strong>periculi,</strong></span> <span class='ocrx_word' id='word_1_774' title='bbox 5117 4120 5389 4189; x_wconf 90' lang='lat' dir='ltr'><strong>quoniam,</strong></span> <span class='ocrx_word' id='word_1_775' title='bbox 5420 4133 5538 4172; x_wconf 91' lang='lat' dir='ltr'><strong>cum</strong></span> <span class='ocrx_word' id='word_1_776' title='bbox 5563 4118 5633 4172; x_wconf 88' lang='lat' dir='ltr'><strong>sit</strong></span> <span class='ocrx_word' id='word_1_777' title='bbox 5656 4118 5761 4171; x_wconf 88' lang='lat' dir='ltr'><strong>dit-</strong></span> 
     </span>
    </p>
   </div>
   <div class='ocr_carea' id='block_1_102' title="bbox 4194 4206 5759 4280">
    <p class='ocr_par' dir='ltr' id='par_1_102' title="bbox 4194 4206 5759 4280">
     <span class='ocr_line' id='line_1_102' title="bbox 4194 4206 5759 4280; baseline -0.003 -14"><span class='ocrx_word' id='word_1_778' title='bbox 4194 4214 4369 4275; x_wconf 87' lang='lat' dir='ltr'><strong>ficilis,</strong></span> <span class='ocrx_word' id='word_1_779' title='bbox 4403 4221 4573 4267; x_wconf 90' lang='lat' dir='ltr'><strong>estet</strong></span> <span class='ocrx_word' id='word_1_780' title='bbox 4628 4211 4925 4280; x_wconf 85' lang='lat' dir='ltr'><strong>periculosa</strong></span> <span class='ocrx_word' id='word_1_781' title='bbox 4980 4210 5214 4265; x_wconf 85' lang='lat' dir='ltr'><strong>venatio.</strong></span> <span class='ocrx_word' id='word_1_782' title='bbox 5264 4206 5499 4263; x_wconf 71' lang='lat' dir='ltr'><strong>Difﬁcilis</strong></span> <span class='ocrx_word' id='word_1_783' title='bbox 5526 4207 5759 4276; x_wconf 88' lang='lat' dir='ltr'><strong>quidem,</strong></span> 
     </span>
    </p>
   </div>
   <div class='ocr_carea' id='block_1_103' title="bbox 4191 4298 5760 4373">
    <p class='ocr_par' dir='ltr' id='par_1_103' title="bbox 4191 4298 5760 4373">
     <span class='ocr_line' id='line_1_103' title="bbox 4191 4298 5760 4373; baseline -0.003 -17"><span class='ocrx_word' id='word_1_784' title='bbox 4191 4306 4442 4373; x_wconf 87' lang='lat' dir='ltr'><strong>quoniam</strong></span> <span class='ocrx_word' id='word_1_785' title='bbox 4474 4318 4595 4357; x_wconf 90' lang='lat' dir='ltr'><strong>esca</strong></span> <span class='ocrx_word' id='word_1_786' title='bbox 4636 4305 4815 4357; x_wconf 85' lang='lat' dir='ltr'><strong>carnis</strong></span> <span class='ocrx_word' id='word_1_787' title='bbox 4866 4303 5088 4356; x_wconf 90' lang='lat' dir='ltr'><strong>interior</strong></span> <span class='ocrx_word' id='word_1_788' title='bbox 5116 4300 5457 4355; x_wconf 88' lang='lat' dir='ltr'><strong>validioribus</strong></span> <span class='ocrx_word' id='word_1_789' title='bbox 5490 4298 5637 4352; x_wconf 88' lang='lat' dir='ltr'><strong>testis</strong></span> <span class='ocrx_word' id='word_1_790' title='bbox 5674 4298 5760 4351; x_wconf 88' lang='lat' dir='ltr'><strong>in-</strong></span> 
     </span>
    </p>
   </div>
   <div class='ocr_carea' id='block_1_104' title="bbox 4191 4387 5761 4462">
    <p class='ocr_par' dir='ltr' id='par_1_104' title="bbox 4191 4387 5761 4462">
     <span class='ocr_line' id='line_1_104' title="bbox 4191 4387 5761 4462; baseline -0.006 -14"><span class='ocrx_word' id='word_1_791' title='bbox 4191 4394 4454 4457; x_wconf 83' lang='lat' dir='ltr'><strong>cluditur;</strong></span> <span class='ocrx_word' id='word_1_792' title='bbox 4489 4392 4789 4462; x_wconf 88' lang='lat' dir='ltr'><strong>periculosa</strong></span> <span class='ocrx_word' id='word_1_793' title='bbox 4814 4406 4961 4455; x_wconf 87' lang='lat' dir='ltr'><strong>vero,</strong></span> <span class='ocrx_word' id='word_1_794' title='bbox 4992 4390 5113 4460; x_wconf 88' lang='lat' dir='ltr'><strong>quia</strong></span> <span class='ocrx_word' id='word_1_795' title='bbox 5154 4390 5200 4446; x_wconf 92' lang='lat' dir='ltr'><strong>si</strong></span> <span class='ocrx_word' id='word_1_796' title='bbox 5227 4388 5409 4444; x_wconf 88' lang='lat' dir='ltr'><strong>chelas</strong></span> <span class='ocrx_word' id='word_1_797' title='bbox 5439 4400 5633 4441; x_wconf 88' lang='lat' dir='ltr'><strong>cancer</strong></span> <span class='ocrx_word' id='word_1_798' title='bbox 5661 4387 5761 4440; x_wconf 80' lang='lat' dir='ltr'><strong>im-</strong></span> 
     </span>
    </p>
   </div>
   <div class='ocr_carea' id='block_1_105' title="bbox 4191 4478 5759 4552">
    <p class='ocr_par' dir='ltr' id='par_1_105' title="bbox 4191 4478 5759 4552">
     <span class='ocr_line' id='line_1_105' title="bbox 4191 4478 5759 4552; baseline -0.004 -14"><span class='ocrx_word' id='word_1_799' title='bbox 4191 4485 4416 4546; x_wconf 89' lang='lat' dir='ltr'><strong>miserit,</strong></span> <span class='ocrx_word' id='word_1_800' title='bbox 4447 4484 4718 4538; x_wconf 89' lang='lat' dir='ltr'><strong>relabente</strong></span> <span class='ocrx_word' id='word_1_801' title='bbox 4741 4483 4984 4552; x_wconf 88' lang='lat' dir='ltr'><strong>protinus</strong></span> <span class='ocrx_word' id='word_1_802' title='bbox 5015 4490 5275 4536; x_wconf 88' lang='lat' dir='ltr'><strong>testarum</strong></span> <span class='ocrx_word' id='word_1_803' title='bbox 5297 4479 5508 4549; x_wconf 85' lang='lat' dir='ltr'><strong>dyptico</strong></span> <span class='ocrx_word' id='word_1_804' title='bbox 5531 4478 5759 4532; x_wconf 85' lang='lat' dir='ltr'><strong>inevasi-</strong></span> 
     </span>
    </p>
   </div>
   <div class='ocr_carea' id='block_1_106' title="bbox 4189 4568 5757 4642">
    <p class='ocr_par' dir='ltr' id='par_1_106' title="bbox 4189 4568 5757 4642">
     <span class='ocr_line' id='line_1_106' title="bbox 4189 4568 5757 4642; baseline -0.006 -12"><span class='ocrx_word' id='word_1_805' title='bbox 4189 4574 4367 4631; x_wconf 88' lang='lat' dir='ltr'><strong>biliter</strong></span> <span class='ocrx_word' id='word_1_806' title='bbox 4391 4583 4713 4630; x_wconf 89' lang='lat' dir='ltr'><strong>coarctatur.</strong></span> <span class='ocrx_word' id='word_1_807' title='bbox 4744 4573 4881 4640; x_wconf 92' lang='lat' dir='ltr'><strong>Quid</strong></span> <span class='ocrx_word' id='word_1_808' title='bbox 4907 4588 5034 4642; x_wconf 89' lang='lat' dir='ltr'><strong>ergo</strong></span> <span class='ocrx_word' id='word_1_809' title='bbox 5082 4571 5265 4635; x_wconf 83' lang='lat' dir='ltr'><strong>faciat,</strong></span> <span class='ocrx_word' id='word_1_810' title='bbox 5294 4580 5353 4624; x_wconf 90' lang='lat' dir='ltr'><strong>ut</strong></span> <span class='ocrx_word' id='word_1_811' title='bbox 5400 4568 5573 4624; x_wconf 89' lang='lat' dir='ltr'><strong>valeat</strong></span> <span class='ocrx_word' id='word_1_812' title='bbox 5618 4569 5757 4623; x_wconf 88' lang='lat' dir='ltr'><strong>obti-</strong></span> 
     </span>
    </p>
   </div>
   <div class='ocr_carea' id='block_1_107' title="bbox 4192 4661 5757 4735">
    <p class='ocr_par' dir='ltr' id='par_1_107' title="bbox 4192 4661 5757 4735">
     <span class='ocr_line' id='line_1_107' title="bbox 4192 4661 5757 4735; baseline -0.002 -16"><span class='ocrx_word' id='word_1_813' title='bbox 4192 4681 4320 4721; x_wconf 91' lang='lat' dir='ltr'><strong>nere</strong></span> <span class='ocrx_word' id='word_1_814' title='bbox 4342 4664 4483 4735; x_wconf 85' lang='lat' dir='ltr'><strong>quod</strong></span> <span class='ocrx_word' id='word_1_815' title='bbox 4515 4664 4750 4735; x_wconf 85' lang='lat' dir='ltr'><strong>flagitat?</strong></span> <span class='ocrx_word' id='word_1_816' title='bbox 4780 4663 4895 4730; x_wconf 90' lang='lat' dir='ltr'><strong>Quo</strong></span> <span class='ocrx_word' id='word_1_817' title='bbox 4921 4673 5077 4733; x_wconf 91' lang='lat' dir='ltr'><strong>pacto</strong></span> <span class='ocrx_word' id='word_1_818' title='bbox 5104 4661 5356 4717; x_wconf 85' lang='lat' dir='ltr'><strong>desiderii</strong></span> <span class='ocrx_word' id='word_1_819' title='bbox 5383 4661 5464 4715; x_wconf 90' lang='lat' dir='ltr'><strong>sui</strong></span> <span class='ocrx_word' id='word_1_820' title='bbox 5488 4670 5608 4715; x_wconf 88' lang='lat' dir='ltr'><strong>vota</strong></span> <span class='ocrx_word' id='word_1_821' title='bbox 5639 4675 5757 4730; x_wconf 86' lang='lat' dir='ltr'><strong>per-</strong></span> 
     </span>
    </p>
   </div>
   <div class='ocr_carea' id='block_1_108' title="bbox 4192 4756 5756 4825">
    <p class='ocr_par' dir='ltr' id='par_1_108' title="bbox 4192 4756 5756 4825">
     <span class='ocr_line' id='line_1_108' title="bbox 4192 4756 5756 4825; baseline -0.003 -12"><span class='ocrx_word' id='word_1_822' title='bbox 4192 4759 4354 4821; x_wconf 86' lang='lat' dir='ltr'><strong>ficiet,</strong></span> <span class='ocrx_word' id='word_1_823' title='bbox 4404 4758 4504 4813; x_wconf 91' lang='lat' dir='ltr'><strong>nisi</strong></span> <span class='ocrx_word' id='word_1_824' title='bbox 4536 4758 4602 4811; x_wconf 92' lang='lat' dir='ltr'><strong>ad</strong></span> <span class='ocrx_word' id='word_1_825' title='bbox 4629 4758 4908 4825; x_wconf 69' lang='lat' dir='ltr'><strong>exquisita:</strong></span> <span class='ocrx_word' id='word_1_826' title='bbox 4946 4772 5004 4812; x_wconf 90' lang='lat' dir='ltr'><strong>se</strong></span> <span class='ocrx_word' id='word_1_827' title='bbox 5042 4756 5249 4813; x_wconf 87' lang='lat' dir='ltr'><strong>fraudis</strong></span> <span class='ocrx_word' id='word_1_828' title='bbox 5274 4764 5581 4825; x_wconf 85' lang='lat' dir='ltr'><strong>argumenta</strong></span> <span class='ocrx_word' id='word_1_829' title='bbox 5630 4771 5756 4810; x_wconf 87' lang='lat' dir='ltr'><strong>con-</strong></span> 
     </span>
    </p>
   </div>
   <div class='ocr_carea' id='block_1_109' title="bbox 4191 4848 5749 4919">
    <p class='ocr_par' dir='ltr' id='par_1_109' title="bbox 4191 4848 5749 4919">
     <span class='ocr_line' id='line_1_109' title="bbox 4191 4848 5749 4919; baseline -0.003 -16"><span class='ocrx_word' id='word_1_830' title='bbox 4191 4852 4399 4906; x_wconf 82' lang='lat' dir='ltr'><strong>vertat?</strong></span> <span class='ocrx_word' id='word_1_831' title='bbox 4435 4850 4603 4919; x_wconf 86' lang='lat' dir='ltr'><strong>Igitur</strong></span> <span class='ocrx_word' id='word_1_832' title='bbox 4653 4850 4879 4904; x_wconf 87' lang='lat' dir='ltr'><strong>solerter</strong></span> <span class='ocrx_word' id='word_1_833' title='bbox 4906 4848 5147 4916; x_wconf 78' lang='lat' dir='ltr'><strong>explorat</strong></span> <span class='ocrx_word' id='word_1_834' title='bbox 5185 4849 5230 4904; x_wconf 90' lang='lat' dir='ltr'><strong>si</strong></span> <span class='ocrx_word' id='word_1_835' title='bbox 5260 4848 5474 4919; x_wconf 88' lang='lat' dir='ltr'><strong>quando</strong></span> <span class='ocrx_word' id='word_1_836' title='bbox 5518 4854 5749 4901; x_wconf 78' lang='lat' dir='ltr'><strong>ostreum</strong></span> 
     </span>
    </p>
   </div>
   <div class='ocr_carea' id='block_1_110' title="bbox 4188 4937 5752 4997">
    <p class='ocr_par' dir='ltr' id='par_1_110' title="bbox 4188 4937 5752 4997">
     <span class='ocr_line' id='line_1_110' title="bbox 4188 4937 5752 4997; baseline -0.003 0"><span class='ocrx_word' id='word_1_837' title='bbox 4188 4942 4408 4997; x_wconf 79' lang='lat' dir='ltr'><strong>in-locis</strong></span> <span class='ocrx_word' id='word_1_838' title='bbox 4431 4942 4497 4995; x_wconf 92' lang='lat' dir='ltr'><strong>ab</strong></span> <span class='ocrx_word' id='word_1_839' title='bbox 4523 4942 4669 4996; x_wconf 91' lang='lat' dir='ltr'><strong>omni</strong></span> <span class='ocrx_word' id='word_1_840' title='bbox 4700 4950 4859 4995; x_wconf 89' lang='lat' dir='ltr'><strong>vento</strong></span> <span class='ocrx_word' id='word_1_841' title='bbox 4882 4940 5104 4995; x_wconf 88' lang='lat' dir='ltr'><strong>remotis</strong></span> <span class='ocrx_word' id='word_1_842' title='bbox 5131 4956 5191 4995; x_wconf 89' lang='lat' dir='ltr'><strong>se</strong></span> <span class='ocrx_word' id='word_1_843' title='bbox 5219 4948 5405 4994; x_wconf 89' lang='lat' dir='ltr'><strong>contra</strong></span> <span class='ocrx_word' id='word_1_844' title='bbox 5426 4938 5606 4992; x_wconf 83' lang='lat' dir='ltr'><strong>radios</strong></span> <span class='ocrx_word' id='word_1_845' title='bbox 5626 4937 5752 4992; x_wconf 60' lang='lat' dir='ltr'><strong>solt:</strong></span> 
     </span>
    </p>
   </div>
   <div class='ocr_carea' id='block_1_111' title="bbox 4192 5027 5752 5102">
    <p class='ocr_par' dir='ltr' id='par_1_111' title="bbox 4192 5027 5752 5102">
     <span class='ocr_line' id='line_1_111' title="bbox 4192 5027 5752 5102; baseline -0.004 -17"><span class='ocrx_word' id='word_1_846' title='bbox 4192 5034 4429 5102; x_wconf 84' lang='lat' dir='ltr'><strong>aperiat;</strong></span> <span class='ocrx_word' id='word_1_847' title='bbox 4457 5041 4584 5086; x_wconf 92' lang='lat' dir='ltr'><strong>tunc</strong></span> <span class='ocrx_word' id='word_1_848' title='bbox 4618 5044 4748 5099; x_wconf 86' lang='lat' dir='ltr'><strong>ergo</strong></span> <span class='ocrx_word' id='word_1_849' title='bbox 4775 5030 5036 5084; x_wconf 86' lang='lat' dir='ltr'><strong>calculum</strong></span> <span class='ocrx_word' id='word_1_850' title='bbox 5062 5029 5425 5084; x_wconf 87' lang='lat' dir='ltr'><strong>clandestinus</strong></span> <span class='ocrx_word' id='word_1_851' title='bbox 5458 5027 5752 5081; x_wconf 74' lang='lat' dir='ltr'><strong>incursstor</strong></span> 
     </span>
    </p>
   </div>
   <div class='ocr_carea' id='block_1_112' title="bbox 4196 5114 5754 5185">
    <p class='ocr_par' dir='ltr' id='par_1_112' title="bbox 4196 5114 5754 5185">
     <span class='ocr_line' id='line_1_112' title="bbox 4196 5114 5754 5185; baseline -0.005 -11"><span class='ocrx_word' id='word_1_852' title='bbox 4196 5120 4455 5185; x_wconf 91' lang='lat' dir='ltr'><strong>immittit,</strong></span> <span class='ocrx_word' id='word_1_853' title='bbox 4496 5128 4552 5176; x_wconf 88' lang='lat' dir='ltr'><strong>et</strong></span> <span class='ocrx_word' id='word_1_854' title='bbox 4599 5120 4997 5176; x_wconf 75' lang='lat' dir='ltr'><strong>conclusionem</strong></span> <span class='ocrx_word' id='word_1_855' title='bbox 5061 5118 5223 5173; x_wconf 86' lang='lat' dir='ltr'><strong>estrei</strong></span> <span class='ocrx_word' id='word_1_856' title='bbox 5278 5116 5553 5185; x_wconf 89' lang='lat' dir='ltr'><strong>interjectu</strong></span> <span class='ocrx_word' id='word_1_857' title='bbox 5589 5114 5754 5185; x_wconf 66' lang='grc'><strong>828</strong></span> 
     </span>
    </p>
   </div>
   <div class='ocr_carea' id='block_1_113' title="bbox 4195 5209 5752 5279">
    <p class='ocr_par' dir='ltr' id='par_1_113' title="bbox 4195 5209 5752 5279">
     <span class='ocr_line' id='line_1_113' title="bbox 4195 5209 5752 5279; baseline -0.001 -14"><span class='ocrx_word' id='word_1_858' title='bbox 4195 5211 4511 5265; x_wconf 84' lang='lat' dir='ltr'><strong>suillaminis</strong></span> <span class='ocrx_word' id='word_1_859' title='bbox 4535 5210 4786 5279; x_wconf 89' lang='lat' dir='ltr'><strong>impedit;</strong></span> <span class='ocrx_word' id='word_1_860' title='bbox 4809 5210 4995 5278; x_wconf 89' lang='lat' dir='ltr'><strong>sicque</strong></span> <span class='ocrx_word' id='word_1_861' title='bbox 5021 5210 5221 5263; x_wconf 88' lang='lat' dir='ltr'><strong>hiantia</strong></span> <span class='ocrx_word' id='word_1_862' title='bbox 5241 5209 5470 5265; x_wconf 89' lang='lat' dir='ltr'><strong>claustra</strong></span> <span class='ocrx_word' id='word_1_863' title='bbox 5488 5209 5752 5278; x_wconf 84' lang='lat' dir='ltr'><strong>reperiens</strong></span> 
     </span>
    </p>
   </div>
   <div class='ocr_carea' id='block_1_114' title="bbox 4197 5300 5745 5369">
    <p class='ocr_par' dir='ltr' id='par_1_114' title="bbox 4197 5300 5745 5369">
     <span class='ocr_line' id='line_1_114' title="bbox 4197 5300 5745 5369; baseline -0.001 -16"><span class='ocrx_word' id='word_1_864' title='bbox 4197 5313 4308 5355; x_wconf 87' lang='lat' dir='ltr'><strong>tuto</strong></span> <span class='ocrx_word' id='word_1_865' title='bbox 4330 5302 4442 5369; x_wconf 80' lang='lat' dir='ltr'><strong>jam</strong></span> <span class='ocrx_word' id='word_1_866' title='bbox 4477 5302 4659 5355; x_wconf 82' lang='lat' dir='ltr'><strong>chelas</strong></span> <span class='ocrx_word' id='word_1_867' title='bbox 4688 5301 4883 5368; x_wconf 88' lang='lat' dir='ltr'><strong>ingerit</strong></span> <span class='ocrx_word' id='word_1_868' title='bbox 4908 5310 4961 5355; x_wconf 91' lang='lat' dir='ltr'><strong>et</strong></span> <span class='ocrx_word' id='word_1_869' title='bbox 4988 5302 5191 5356; x_wconf 89' lang='lat' dir='ltr'><strong>viscera</strong></span> <span class='ocrx_word' id='word_1_870' title='bbox 5235 5300 5398 5354; x_wconf 89' lang='lat' dir='ltr'><strong>ostrei</strong></span> <span class='ocrx_word' id='word_1_871' title='bbox 5425 5300 5632 5353; x_wconf 86' lang='lat' dir='ltr'><strong>interna</strong></span> <span class='ocrx_word' id='word_1_872' title='bbox 5656 5300 5745 5352; x_wconf 72' lang='lat' dir='ltr'><strong>de-</strong></span> 
     </span>
    </p>
   </div>
   <div class='ocr_carea' id='block_1_115' title="bbox 4194 5391 5744 5463">
    <p class='ocr_par' dir='ltr' id='par_1_115' title="bbox 4194 5391 5744 5463">
     <span class='ocr_line' id='line_1_115' title="bbox 4194 5391 5744 5463; baseline -0.001 -17"><span class='ocrx_word' id='word_1_873' title='bbox 4194 5394 4385 5460; x_wconf 88' lang='lat' dir='ltr'><strong>cerpit.</strong></span> <span class='ocrx_word' id='word_1_874' title='bbox 4409 5392 4549 5457; x_wconf 91' lang='lat' dir='ltr'><strong>Quid</strong></span> <span class='ocrx_word' id='word_1_875' title='bbox 4605 5391 4768 5460; x_wconf 91' lang='lat' dir='ltr'><strong>igitur</strong></span> <span class='ocrx_word' id='word_1_876' title='bbox 4815 5400 5053 5447; x_wconf 88' lang='lat' dir='ltr'><strong>ostreum</strong></span> <span class='ocrx_word' id='word_1_877' title='bbox 5086 5393 5465 5463; x_wconf 87' lang='lat' dir='ltr'><strong>congruentius</strong></span> <span class='ocrx_word' id='word_1_878' title='bbox 5514 5392 5744 5445; x_wconf 80' lang='lat' dir='ltr'><strong>videatur</strong></span> 
     </span>
    </p>
   </div>
   <div class='ocr_carea' id='block_1_116' title="bbox 4191 5483 5745 5554">
    <p class='ocr_par' dir='ltr' id='par_1_116' title="bbox 4191 5483 5745 5554">
     <span class='ocr_line' id='line_1_116' title="bbox 4191 5483 5745 5554; baseline -0.003 -17"><span class='ocrx_word' id='word_1_879' title='bbox 4191 5484 4499 5554; x_wconf 83' lang='lat' dir='ltr'><strong>signiﬁcare</strong></span> <span class='ocrx_word' id='word_1_880' title='bbox 4555 5497 4717 5552; x_wconf 87' lang='lat' dir='ltr'><strong>quam</strong></span> <span class='ocrx_word' id='word_1_881' title='bbox 4758 5483 5112 5538; x_wconf 85' lang='lat' dir='ltr'><strong>monachum?</strong></span> <span class='ocrx_word' id='word_1_882' title='bbox 5162 5484 5261 5550; x_wconf 91' lang='lat' dir='ltr'><strong>Qui</strong></span> <span class='ocrx_word' id='word_1_883' title='bbox 5310 5483 5557 5536; x_wconf 88' lang='lat' dir='ltr'><strong>nimirum</strong></span> <span class='ocrx_word' id='word_1_884' title='bbox 5598 5483 5745 5543; x_wconf 77' lang='lat' dir='ltr'><strong>vivit,</strong></span> 
     </span>
    </p>
   </div>
   <div class='ocr_carea' id='block_1_117' title="bbox 4194 5572 5743 5641">
    <p class='ocr_par' dir='ltr' id='par_1_117' title="bbox 4194 5572 5743 5641">
     <span class='ocr_line' id='line_1_117' title="bbox 4194 5572 5743 5641; baseline -0.003 -13"><span class='ocrx_word' id='word_1_885' title='bbox 4194 5574 4319 5628; x_wconf 91' lang='lat' dir='ltr'><strong>dum</strong></span> <span class='ocrx_word' id='word_1_886' title='bbox 4347 5575 4445 5628; x_wconf 92' lang='lat' dir='ltr'><strong>sub</strong></span> <span class='ocrx_word' id='word_1_887' title='bbox 4476 5572 4671 5627; x_wconf 89' lang='lat' dir='ltr'><strong>silentii</strong></span> <span class='ocrx_word' id='word_1_888' title='bbox 4720 5588 4944 5629; x_wconf 88' lang='lat' dir='ltr'><strong>censura</strong></span> <span class='ocrx_word' id='word_1_889' title='bbox 4970 5574 5328 5638; x_wconf 88' lang='lat' dir='ltr'><strong>concluditur;</strong></span> <span class='ocrx_word' id='word_1_890' title='bbox 5366 5574 5501 5641; x_wconf 89' lang='lat' dir='ltr'><strong>perit</strong></span> <span class='ocrx_word' id='word_1_891' title='bbox 5553 5581 5743 5631; x_wconf 83' lang='lat' dir='ltr'><strong>autem,</strong></span> 
     </span>
    </p>
   </div>
   <div class='ocr_carea' id='block_1_118' title="bbox 4195 5662 5745 5732">
    <p class='ocr_par' dir='ltr' id='par_1_118' title="bbox 4195 5662 5745 5732">
     <span class='ocr_line' id='line_1_118' title="bbox 4195 5662 5745 5732; baseline -0.005 -15"><span class='ocrx_word' id='word_1_892' title='bbox 4195 5679 4315 5717; x_wconf 87' lang='lat' dir='ltr'><strong>cum</strong></span> <span class='ocrx_word' id='word_1_893' title='bbox 4346 5664 4413 5717; x_wconf 90' lang='lat' dir='ltr'><strong>ad</strong></span> <span class='ocrx_word' id='word_1_894' title='bbox 4443 5662 4765 5731; x_wconf 90' lang='lat' dir='ltr'><strong>loquendum</strong></span> <span class='ocrx_word' id='word_1_895' title='bbox 4790 5664 5191 5719; x_wconf 87' lang='lat' dir='ltr'><strong>immoderatius</strong></span> <span class='ocrx_word' id='word_1_896' title='bbox 5212 5664 5477 5732; x_wconf 88' lang='lat' dir='ltr'><strong>aperitur:</strong></span> <span class='ocrx_word' id='word_1_897' title='bbox 5499 5662 5562 5715; x_wconf 88' lang='lat' dir='ltr'><strong>ad</strong></span> <span class='ocrx_word' id='word_1_898' title='bbox 5586 5664 5745 5716; x_wconf 88' lang='lat' dir='ltr'><strong>instar</strong></span> 
     </span>
    </p>
   </div>
   <div class='ocr_carea' id='block_1_119' title="bbox 4195 5750 5739 5822">
    <p class='ocr_par' dir='ltr' id='par_1_119' title="bbox 4195 5750 5739 5822">
     <span class='ocr_line' id='line_1_119' title="bbox 4195 5750 5739 5822; baseline -0.004 -16"><span class='ocrx_word' id='word_1_899' title='bbox 4195 5754 4401 5808; x_wconf 89' lang='lat' dir='ltr'><strong>scilicet</strong></span> <span class='ocrx_word' id='word_1_900' title='bbox 4437 5754 4603 5808; x_wconf 88' lang='lat' dir='ltr'><strong>ostrei</strong></span> <span class='ocrx_word' id='word_1_901' title='bbox 4648 5754 4758 5822; x_wconf 90' lang='lat' dir='ltr'><strong>qui,</strong></span> <span class='ocrx_word' id='word_1_902' title='bbox 4791 5769 4911 5809; x_wconf 88' lang='lat' dir='ltr'><strong>cum</strong></span> <span class='ocrx_word' id='word_1_903' title='bbox 4951 5770 5054 5809; x_wconf 92' lang='lat' dir='ltr'><strong>non</strong></span> <span class='ocrx_word' id='word_1_904' title='bbox 5103 5754 5234 5816; x_wconf 85' lang='lat' dir='ltr'><strong>hiat,</strong></span> <span class='ocrx_word' id='word_1_905' title='bbox 5262 5755 5469 5820; x_wconf 80' lang='lat' dir='ltr'><strong>integer</strong></span> <span class='ocrx_word' id='word_1_906' title='bbox 5519 5750 5739 5803; x_wconf 88' lang='lat' dir='ltr'><strong>animam</strong></span> 
     </span>
    </p>
   </div>
   <div class='ocr_carea' id='block_1_120' title="bbox 4195 5841 5741 5915">
    <p class='ocr_par' dir='ltr' id='par_1_120' title="bbox 4195 5841 5741 5915">
     <span class='ocr_line' id='line_1_120' title="bbox 4195 5841 5741 5915; baseline -0.004 -17"><span class='ocrx_word' id='word_1_907' title='bbox 4195 5852 4403 5907; x_wconf 83' lang='lat' dir='ltr'><strong>servat;</strong></span> <span class='ocrx_word' id='word_1_908' title='bbox 4435 5859 4555 5899; x_wconf 89' lang='lat' dir='ltr'><strong>cum</strong></span> <span class='ocrx_word' id='word_1_909' title='bbox 4598 5858 4725 5898; x_wconf 81' lang='lat' dir='ltr'><strong>vero</strong></span> <span class='ocrx_word' id='word_1_910' title='bbox 4751 5841 5008 5900; x_wconf 68' lang='lat' dir='ltr'><strong>effrenate</strong></span> <span class='ocrx_word' id='word_1_911' title='bbox 5056 5843 5407 5915; x_wconf 87' lang='lat' dir='ltr'><strong>proloquitur,</strong></span> <span class='ocrx_word' id='word_1_912' title='bbox 5439 5842 5558 5896; x_wconf 74' lang='lat' dir='ltr'><strong>vita:</strong></span> <span class='ocrx_word' id='word_1_913' title='bbox 5585 5854 5741 5892; x_wconf 44' lang='lat' dir='ltr'><strong>visre.</strong></span> 
     </span>
    </p>
   </div>
  </div>
