5882 6642
901 402 1007 463 789

1755 399 1998 459 ορυδε.
2037 399 2147 456 ιιι.
2177 430 2249 444 -
2285 399 2376 457 DE
2418 398 2598 458 BONO
2641 395 2986 456 RELIGIOSI
3024 393 3321 454 STATUS.

4076 395 4187 456 790

898 508 1058 568 ribus
1100 518 1383 566 vacuatur.
1432 511 1571 578 Quid
1623 511 1768 567 enim
1812 512 2058 582 designat
2105 511 2364 577 calculus,
2395 513 2484 582 qui
2520 521 2565 574 Α
2594 511 2866 575 misceret,
2912 511 3113 565 maimo
3163 511 3431 579 protinus,
3469 517 3724 578 tauquam
3773 507 4020 580 zelotypo
4052 525 4184 565 con-

895 609 1125 664 ootrece,
1159 616 1225 655 ne
1274 600 1604 669 recludatur,
1635 601 1894 670 injicitur,
1929 603 2031 657 nisi
2062 603 2319 658 duritiam
2365 617 2488 657 con-

896 691 1229 756 suetudinis,
1261 706 1367 760 qua
1422 693 1654 761 quisque
1709 708 1778 748 ne
1844 709 1964 748 sese
2016 695 2082 748 ad
2114 695 2486 763 paenitentiam

895 776 1148 832 emolliat
1170 779 1491 833 induratur?
1520 780 1651 833 Nam
1683 782 1844 849 quasi
1866 781 2083 849 quidem
2110 780 2323 849 lapillus
2361 796 2490 849 pra-

901 881 979 921 va:
1011 868 1423 924 consuetudinis
1449 870 1646 934 obstat,
1681 886 1746 925 ne
1783 871 1848 934 is,
1874 872 1966 939 qui
1994 869 2299 924 fabularum
2335 881 2492 924 vacat

897 956 1147 1028 ineptiis,
1173 974 1202 1013 a
1255 975 1350 1015 sua
1379 976 1436 1015 se
1468 961 1706 1016 vanitate
1743 961 2002 1015 recludat.
2036 959 2175 1026 Quid
2198 971 2381 1019 autem
2408 969 2490 1015 est

894 1060 996 1114 per
1024 1045 1258 1117 figuram
1282 1065 1500 1112 cancer,
1525 1051 1617 1121 qui
1643 1059 1761 1119 post
1790 1064 1849 1103 se
1877 1049 2200 1104 naturaliter
2222 1050 2487 1118 graditur,

895 1133 1003 1188 nisi
1043 1145 1295 1204 apostata
1325 1140 1566 1209 spiritus,
1589 1138 1706 1208 qui,
1731 1143 2019 1208 postquam’
2045 1139 2219 1194 semel.
2237 1155 2267 1192 a
2293 1138 2489 1193 Condi-

897 1232 1018 1279 tore
1047 1228 1298 1292 recessit,
1332 1229 1384 1282 in
1425 1230 1727 1297 posteriora
1760 1229 1928 1284 relabi
1965 1245 2239 1300 nunquam
2277 1231 2438 1286 desiit
2467 1231 2490 1283 τ

899 1312 1053 1371 Unde
1085 1326 1146 1372 et
1171 1319 1414 1375 diabolus
1443 1320 1828 1389 interpretatur
1858 1322 2102 1377 deorsum
2129 1324 2320 1392 ﬂuens,
2345 1321 2486 1392 quod

893 1405 1036 1461 sicut
1063 1408 1135 1463 de
1177 1411 1382 1465 sanctis
1421 1410 1745 1467 animalibus
1775 1413 2006 1479 dicitur,
2046 1415 2303 1482 quoniam
2334 1421 2489 1466 erant

894 1493 1062 1561 pedes
1109 1508 1301 1552 eorum
1348 1498 1480 1552 recti
1533 1496 1749 1569 (ΕιέοΙι.
1799 1500 1870 1570 ι);
1911 1501 1984 1554 ita
2027 1499 2222 1562 diaboli
2265 1500 2489 1570 ejusque

893 1582 1223 1651 sequacibus
1253 1586 1420 1655 pedes
1445 1587 1497 1640 in
1524 1589 1826 1657 posteriora
1857 1597 1991 1642 sunt
2015 1603 2229 1658 semper
2257 1588 2485 1658 obliqui.

1463 1716 1691 1773 CAPUT
1725 1717 1917 1775 XXiX.

1096 1823 1179 1878 De
1199 1825 1374 1892 simia,
1403 1835 1450 1880 et
1475 1843 1576 1897 quo
1605 1838 1760 1898 pacto
1788 1831 1942 1883 simia
1975 1831 2093 1901 capi
2111 1832 2296 1901 possit.

965 1933 1034 1989 Et
1065 1937 1195 2006 quia
1229 1952 1288 1992 se
1314 1953 1494 1998 sermo
1522 1938 1588 1994 de
1613 1941 1837 2009 pedibus
1864 1941 2065 2007 intulit,
2099 1944 2240 1998 sicut
2263 1950 2486 1996 venator

894 2022 1139 2088 simiam,
1172 2026 1252 2080 sic
1278 2027 1595 2098 plerumque
1623 2039 1875 2085 versutus
1904 2032 2190 2087 insidiator
2227 2031 2485 2101 illaqueat

895 2112 1158 2167 animam.
1192 2115 1256 2168 Et
1277 2117 1492 2184 quidem
1525 2133 1632 2172 non
1660 2120 1920 2188 scriptum
1950 2122 2149 2191 reperi,
2177 2123 2270 2177 sed
2297 2135 2360 2176 ex
2391 2135 2487 2177 ore

892 2203 1235 2270 perhibentis
1261 2204 1463 2270 audivi,
1488 2208 1740 2277 quoniam
1793 2212 1885 2278 qui
1934 2212 2145 2265 simiam
2171 2211 2364 2280 querit
2392 2227 2485 2266 ca-

894 2306 1023 2362 pere
1037 2295 1217 2348 vivam
1249 2297 1398 2366 prius
1421 2299 1636 2354 sibimet
1661 2301 1875 2367 punicei
1901 2301 2098 2358 coloris
2129 2303 2339 2358 calceos
2361 2319 2489 2358 con-

898 2382 1026 2446 suit,
1045 2384 1244 2452 quibus
1269 2388 1511 2442 etsoleas
1539 2391 1604 2444 de
1633 2390 1849 2460 plumbo
1881 2393 2182 2458 subnectit;
2209 2408 2332 2448 cum
2358 2409 2488 2448 vero

897 2473 1111 2528 simiam
1127 2476 1341 2532 eminus
1367 2480 1580 2549 aspicit,
1598 2496 1662 2535 ea
1688 2493 1966 2545 cernente.
1994 2483 2218 2552 pedibus
2244 2484 2356 2540 suis
2378 2485 2488 2539 cal—

897 2576 1022 2616 ceos
1053 2565 1231 2620 rubris
1253 2583 1404 2637 aeque
1431 2571 1678 2640 corrigiis
1708 2571 1898 2642 illigat,
1923 2589 2153 2640 eamque
2189 2576 2292 2630 hoc
2330 2575 2488 2629 modo

897 2651 1023 2718 quid
1042 2656 1386 2721 postmodum
1407 2657 1595 2722 faciat,
1619 2662 1768 2729 quasi
1786 2663 1976 2716 doctor
2000 2663 2273 2728 informat;
2298 2665 2488 2720 deinde

900 2738 1132 2827 latenter
1155 2745 1371 2802 solvens
1396 2749 1596 2804 ibidem
1620 2752 1831 2807 calceos
1852 2754 2051 2808 deserit
2071 2770 2300 2825 seseque
2323 2773 2489 2827 prope

899 2826 1074 2886 locum
1097 2834 1324 2892 callidus
1350 2838 1661 2908 explorator
1688 2841 1989 2898 abscondit.
2024 2843 2196 2899 Simia
2225 2858 2353 2898 vero
2369 2826 2489 2914 pest

898 2924 1195 2988 venatoris,
1229 2932 1288 2978 ut
1345 2928 1617 2996 opinatur,
1658 2932 1995 2995 abscessum,
2057 2934 2278 2987 humani
2333 2944 2488 2988 actus

900 3009 1089 3065 azmula
1122 3014 1342 3072 relictos
1368 3018 1581 3074 calceos
1631 3021 1744 3074 suis
1788 3036 2003 3091 quoque
2055 3023 2283 3092 pedibus
2319 3023 2490 3093 injicit

903 3111 965 3152 ac
995 3098 1175 3170 ligulis
1208 3103 1422 3162 fortiter
1458 3111 1702 3180 stringit;
1740 3114 1833 3166 sed
1872 3127 2000 3168 ecce
2033 3122 2256 3168 venator
2290 3114 2359 3169 de
2390 3129 2489 3168 suo

2589 599 2791 654 citatus
2814 600 3030 668 spiritu,
3057 614 3220 668 super
3243 608 3533 666 utrumque
3561 596 3825 667 prosiliit;
3859 598 4036 650 virum
4068 597 4181 652 vel-

2591 698 2651 744 ut
2689 691 2912 744 rivalem
2963 690 3200 743 brachiis
3235 700 3288 743 et
3338 691 3513 743 acutis
3554 688 3821 757 unguibus
3875 685 4184 756 arpaxavit,

2589 779 2864 834 mordicus
2896 779 3256 849 apprehendit
3297 789 3349 833 et
3381 777 3877 847 irreruperabiliter
3904 776 4186 830 laceravit.

2592 871 2684 927 Sic
2712 873 2896 941 itaque
2922 885 3105 926 comes
3133 870 3433 926 exstinctus
3460 876 3561 924 est.
3596 870 3860 924 lnnocens
3889 868 4051 938 igitur
4091 867 4189 921 ho-

2594 979 2683 1018 mo
2729 964 2855 1017 dum
2913 961 3072 1018 (idem
3130 962 3352 1017 thalami
3399 971 3581 1016 servat
3609 961 3785 1024 uxori,
3821 963 3945 1015 dum
3983 957 4189 1014 animal

2593 1068 2750 1106 suum
2780 1052 3111 1122 quotidianis
3137 1052 3231 1106 alit
3263 1053 3570 1122 impendiis,
3610 1052 3688 1104 nil
3717 1052 3784 1106 ab
3811 1062 4046 1120 utroque
4095 1065 4187 1104 su-

2592 1141 2832 1210 spicatur
2854 1142 3085 1204 adversi,
3133 1143 3387 1195 nimirum
3411 1141 3502 1210 qui
3544 1143 3889 1196 clementiam
3913 1139 4188 1211 prazbebat

2590 1229 2772 1285 ofﬁcii.
2810 1230 2938 1297 Sed,
2965 1228 3034 1282 ah
3069 1231 3277 1286 scelus!
3313 1241 3368 1285 et
3402 1231 3598 1285 femina
3628 1231 3963 1298 turpiterjus
3987 1225 4181 1294 conju-

2589 1319 2660 1390 gii
2691 1319 2876 1385 violat,
2918 1329 2973 1374 et
2997 1320 3167 1374 bestia
3195 1320 3248 1375 in
3278 1319 3524 1392 jugulum
3551 1321 3752 1376 domini
3822 1319 4060 1390 gladium
4093 1320 4174 1371 vi-

2593 1411 2736 1462 brat.

2658 1499 2948 1556 Enimvero
2998 1516 3169 1570 nuper
3195 1499 3387 1556 allatus
3429 1512 3512 1556 est
3542 1500 3766 1572 praefato
3788 1513 3959 1572 papte,
3999 1507 4055 1554 et
4107 1497 4186 1552 sl-

2590 1590 2701 1646 mul
2734 1599 2787 1643 et
2820 1591 2978 1645 nobis
3016 1590 3428 1658 grandiusculus
3452 1592 3669 1660 quidam
3698 1606 3870 1661 puer;
3903 1599 3954 1643 et
3982 1587 4179 1656 sijam,

2589 1689 2650 1733 ut
2702 1680 2924 1745 dicitur,
2962 1681 3280 1746 vicennalis,
3350 1691 3529 1736 tamen
3583 1697 3804 1751 prorsus
3851 1680 4084 1750 elinguis
4121 1683 4189 1730 et

2593 1773 2847 1827 maimoni
2902 1773 3075 1828 forma
3121 1772 3441 1836 consimilis,
3480 1773 3550 1826 ita
3582 1783 3640 1825 ut
3686 1772 3874 1826 eodem
3916 1769 4182 1823 vocabulo

2517 1863 2559 1921 Β
2589 1871 2947 1931 nuncupetur.
2988 1862 3138 1917 Unde
3187 1863 3404 1917 sinistra
3442 1873 3624 1932 posset
3651 1864 3781 1918 oriri
3828 1860 4087 1929 suspicio,
4138 1858 4186 1912 si

2591 1951 2918 2017 huiusmodi,
2960 1958 3064 2005 non
3090 1951 3200 2018 jam
3228 1953 3403 2007 dicam
3436 1952 3666 2017 ferinus,
3716 1952 3811 2007 sed
3843 1949 4011 2007 ferale
4057 1962 4184 2019 por-

2595 2050 2802 2096 tentum
2833 2051 3062 2111 paterna
3101 2051 3227 2097 tunc
3259 2043 3500 2098 aleretur
3524 2044 3785 2098 in'domo.

3169 2133 3399 2193 CAPUT
3438 2134 3609 2192 XXX.

3263 2225 3344 2280 De
3381 2237 3531 2282 ceto..

2666 2315 2774 2370 Sed
2814 2314 2942 2370 dum
2971 2315 3036 2371 de
3053 2315 3206 2386 turpi
3242 2315 3563 2372 inﬁdelitate
3586 2315 3828 2372 mulieris
3849 2315 4176 2388 eloquimur,

2591 2414 2745 2461 cetus
2771 2406 2934 2461 etiam
2962 2405 3049 2460 ille
3075 2405 3320 2462 marinus
3348 2406 3503 2462 nobis
3531 2407 3584 2460 in
3610 2407 3926 2462 memoriam
3958 2424 4180 2465 revoca-

2592 2508 2681 2554 tur
2725 2500 2818 2567 qui
2869 2497 3124 2552 nimirum
3179 2513 3342 2568 super
3405 2512 3628 2553 enorme
3686 2512 3881 2568 corpus
3933 2499 4184 2554 sabulum

2589 2599 2793 2659 portat,
2826 2604 2889 2643 ac
2919 2599 3068 2659 terga
3100 2604 3196 2643 sua
3227 2603 3390 2659 super
3411 2588 3583 2643 undas
3607 2588 3805 2653 elevat,
3833 2597 3892 2642 ut
3921 2597 4185 2659 tanquam

2591 2679 2766 2732 insula
2806 2677 2999 2732 ﬂuctus
3040 2677 3281 2732 marinos
3307 2677 3569 2732 excedat.
3613 2675 3762 2732 Hanc
3795 2676 3960 2747 igitur
3990 2678 4183 2731 incuu-

2591 2768 3088 2823 ctancteriusulam
3138 2781 3259 2823 esse
3286 2768 3571 2823 credentes
3619 2767 3853 2839 remiges
3870 2767 4178 2838 applicant,

2589 2859 2818 2928 paxillos
2854 2858 3261 2929 flgunt,navim
3315 2858 3538 2922 sistunt,
3571 2857 3718 2917 focos
3769 2858 4064 2923 instruunt,
4093 2860 4188 2915 sed

2590 2948 2764 3004 bellua
2796 2963 2918 3001 mox
2952 2956 3012 3005 ut
3050 2947 3189 3024 ignis
3241 2949 3407 3003 sentit
3435 2949 3706 3014 ardorem,
3741 2947 3885 3002 illico
3918 2949 4185 3018 mergitur

2593 3034 2643 3094 in
2673 3037 3002 3107 profundum
3035 3047 3092 3092 et
3121 3052 3312 3092 navem
3336 3037 3500 3093 simul
3524 3053 3588 3093 ac
3615 3046 3809 3093 nautas
3831 3047 3987 3093 vorat
4015 3037 4183 3096 ferale

2590 3127 2951 3198 naufragium.
2986 3127 3120 3181 Nam
3166 3138 3220 3182 et
3260 3126 3559 3193 Gerardus,
3585 3137 3769 3184 noster
3791 3129 4040 3184 videlicet
4071 3143 4186 3182 mo-

903 3191 1148 3291 Ρτξξίὶηξλε
1188 3194 1411 3291 latibulo
1456 3201 1683 3268 prosilit.
1719 3203 2147 3274 discipulumque
2175 3220 2326 3259 suam
2362 3221 2488 3275 pro-
2520 3202 2562 3264 C
2596 3191 2824 3282 melius,
2863 3216 3048 3272 retulit
3095 3217 3150 3271 in
3197 3191 3553 3273 Normandiae
3579 3218 3852 3277 littoribus
3877 3228 4090 3291 captam
4120 3235 4180 3276 se

905 3282 1034 3350 priis
1085 3286 1352 3343 irrelitam
1402 3292 1630 3352 vinculis
1688 3295 1853 3363 capit.
1905 3294 1996 3350 Sic
2041 3310 2181 3364 saepe
2225 3296 2492 3366 malignus

907 3373 1126 3441 spiritus
1154 3393 1250 3448 per
1295 3380 1574 3438 vasculum
1605 3399 1760 3438 suum
1794 3385 2091 3453 quemlibet
2116 3386 2362 3442 videlicet
2392 3387 2493 3441 im-

907 3463 1130 3530 probum
1193 3483 1256 3524 ac
1301 3481 1611 3540 protervum
1668 3473 1826 3529 docet
1873 3477 2190 3531 innocentes
2244 3478 2492 3534 homines

907 3566 1252 3621 peccatorum
1277 3563 1508 3620 vinculis
1537 3562 1761 3631 irretiri;
1796 3575 1854 3620 ut
1880 3568 1945 3620 ad
1979 3567 2138 3629 mala,
2164 3583 2283 3638 quze
2307 3583 2491 3623 coram

910 3641 1244 3704 intuentibus
1300 3652 1544 3718 exhibet,
1573 3669 1669 3709 eos
1698 3655 1812 3722 ipse
1841 3656 1995 3724 quasi
2020 3655 2129 3710 dux
2159 3666 2211 3711 et
2237 3657 2495 3726 magister

911 3731 1118 3815 invitet,
1148 3749 1204 3796 et
1240 3740 1368 3795 dum
1424 3757 1650 3813 pravum
1677 3743 1902 3800 aemulus
1939 3747 2200 3818 sequitur.
2239 3750 2350 3804 θυῖε
2381 3749 2494 3819 ipse

913 3820 1114 3894 laqueis
1161 3832 1428 3902 capiatur.

979 3921 1083 3979 Sed
1107 3935 1161 3981 et
1181 3927 1311 3983 illud
1333 3945 1476 3985 nunc
1499 3930 1890 4003 subsequenter
1913 3939 2177 4001 occurrit,
2197 3936 2339 4007 quod
2361 3937 2492 3993 mihi

912 4009 1136 4074 domnus
1184 4018 1490 4077 Alexander
1548 4038 1684 4093 papa
1742 4027 1970 4082 necdum
2021 4043 2264 4094 emenso,
2313 4039 2375 4083 ut
2422 4032 2493 4085 ita

913 4100 1122 4175 loquar,
1157 4127 1341 4167 mense
1364 4117 1623 4170 narravit.
1659 4117 1749 4171 Ait
1769 4119 1914 4172 enim
1963 4119 2090 4189 quia
2118 4137 2290 4190 nuper
2311 4137 2497 4178 comes

913 4191 1204 4256 Gulielmus
1240 4202 1294 4257 in
1321 4202 1550 4274 Liguria:
1588 4207 1832 4274 partibus
1875 4209 2129 4265 habitans
2165 4226 2369 4267 marem
2399 4214 2493 4268 ha-

916 4283 1072 4342 bebat
1119 4291 1312 4357 simiae,
1344 4295 1434 4364 qui
1468 4296 1625 4367 vulgo
1657 4299 1855 4353 maimo
1884 4299 2102 4361 dicitur.
2149 4317 2272 4356 cum
2306 4319 2412 4372 quo
2440 4313 2495 4360 et

914 4388 1047 4430 uxor
1069 4382 1204 4450 ejus,
1229 4391 1288 4437 ut
1321 4395 1441 4438 erat
1471 4385 1736 4456 impudica
1760 4405 1983 4459 prorsus
2012 4407 2076 4446 ac
2104 4394 2373 4461 petulans,
2406 4396 2487 4448 la-

917 4467 1113 4526 scivius
1172 4475 1480 4545 jocahatur.
1535 4478 1668 4532 Nam
1723 4488 1777 4536 et
1848 4496 1948 4552 ego
2001 4483 2135 4537 duos
2179 4485 2297 4554 ejus
2355 4486 2492 4541 filios

2595 3305 2794 3363 vidisse
2819 3307 3105 3375 baltenam,
3135 3310 3201 3365 de
3229 3310 3385 3380 cujus
3411 3310 3608 3380 linguas
3651 3311 3904 3366 carnibus
3933 3320 4194 3380 quatuor—-

2598 3397 2771 3453 decim
2807 3397 3061 3466 sagmarii
3088 3406 3216 3453 sunt
3256 3413 3362 3452 non
3407 3397 3600 3452 leviter
3624 3392 3853 3452 onerati.
3889 3398 3994 3454 Sed
4026 3406 4084 3454 ut
4122 3399 4189 3454 ad

2596 3487 2741 3541 aliud
2787 3487 3002 3542 redeam
3029 3487 3172 3543 unde
3219 3488 3492 3557 digressus
3533 3503 3673 3552 sum,
3715 3488 3843 3557 quid
3891 3490 4109 3563 mirum,
4143 3489 4188 3542 si

2597 3574 2756 3631 tidem
2787 3576 2842 3631 in
2868 3574 3042 3631 bellua
3077 3587 3238 3630 nauta
3267 3591 3370 3632 non
3395 3576 3616 3646 reperit,
3647 3591 3808 3646 quam
3836 3584 3890 3631 et
3916 3576 3999 3629 vir
4023 3575 4192 3647 830

2597 3664 2651 3718 in
2684 3679 2854 3719 uxore
2896 3665 3114 3734 prepria
3142 3679 3250 3719 non
3285 3664 3544 3719 invenit?
3586 3663 3725 3731 Quid
3755 3663 3976 3728 mirum,
4012 3663 4057 3718 si
4102 3664 4193 3718 bc-

2596 3754 2702 3809 stia
2725 3764 2870 3808 muta
2896 3754 3126 3808 insulam
3155 3756 3378 3810 mentita
3409 3754 3661 3825 procellis
3685 3755 4036 3826 immergitur,
4064 3768 4190 3810 cum

2603 3856 2658 3902 et
2697 3846 2894 3902 mulier
2923 3846 3121 3900 violata
3177 3846 3282 3902 tlde
3331 3846 3565 3916 conjugii
3599 3856 3652 3901 et
3683 3846 3871 3900 ferinis
3932 3842 4192 3914 amplexi-

2597 3938 2698 3992 bus
2746 3936 3100 4005 exponaturi
3143 3935 3282 4002 Quid
3309 3935 3454 3990 enim
3505 3944 3614 3989 tam
3663 3944 3929 3997 nostrum,
3978 3942 4033 3987 et
4077 3942 4187 3987 tam

2597 4026 2800 4097 proprii
2846 4025 2988 4096 juris
3017 4026 3071 4080 in
3103 4026 3208 4082 hoc
3238 4024 3460 4091 mundo,
3489 4024 3578 4080 cui
3631 4024 3761 4079 varii
3807 4038 3966 4080 casus
4018 4024 4191 4096 possit

2597 4117 2785 4169 deesse
2813 4113 3093 4186 suspicio?

2668 4205 2881 4261 Nostris
2915 4207 3114 4277 quippe
3148 4206 3485 4278 temporibus
3519 4206 3696 4262 audivi
3729 4205 4022 4278 contigisse
4045 4205 4190 4276 quod

2597 4310 2784 4349 narro.
2810 4294 3056 4350 Piscator
3079 4295 3301 4365 quidam
3330 4295 3614 4366 parvulum
3647 4296 3698 4349 in
3726 4294 3890 4350 lembi
3922 4295 4001 4350 sui
4027 4309 4188 4363 prora

2595 4383 2765 4438 filium
2811 4399 2966 4438 suum
3003 4385 3206 4452 posuit,
3240 4399 3305 4438 ac
3352 4386 3404 4437 in
3436 4383 3633 4439 ﬂuenta
3668 4383 4017 4454 progrediens
4063 4397 4193 4438 cou-

2595 4490 2750 4547 grum
2780 4474 3005 4546 prolixae
3027 4475 3413 4546 magnitudinis
3447 4474 3608 4543 cepit.
3639 4472 3817 4529 Laztus
3846 4473 4030 4542 itaque
4051 4487 4190 4541 prte-

917 4556 1020 4611 vidi
1047 4601 1060 4623 ,
1112 4579 1247 4633 quos
1300 4567 1367 4623 de
1415 4571 1669 4640 episcopo
1729 4549 1964 4641 quodam
2026 4549 2316 4643 pleclihms
2373 4578 2492 4648 lupa
2530 4549 2572 4607 υ
2599 4565 2722 4620 dam
2750 4564 2978 4634 projecit
3006 4555 3059 4619 in
3084 4566 3288 4630 navim,
3319 4566 3390 4618 ita
3419 4576 3476 4619 ut
3509 4573 3672 4634 caput
3701 4565 3816 4634 ejus
3843 4574 4030 4618 contra
4059 4577 4192 4632 pue-

920 4661 1238 4722 pepererat;
1292 4658 1446 4728 cujus
1494 4663 1733 4733 episcopi
1787 4679 1884 4719 nos
1940 4668 2248 4736 exprimere
2299 4684 2493 4724 nomen

920 4740 1250 4813 omittimus,
1309 4750 1435 4816 quia
1510 4760 1698 4805 notare
1770 4754 2066 4822 quemlibet
2108 4754 2337 4810 infamia
2386 4773 2494 4812 non

920 4829 1228 4893 gaudemus.
1303 4836 1436 4892 Cum
1519 4840 1681 4910 igitur
1761 4844 2025 4914 petulanti
2094 4846 2223 4901 ferae
2303 4847 2496 4902 mulier

922 4927 1055 5006 {ape
1113 4926 1408 4984 colluderet
1447 4973 1463 4996 ,
1522 4932 1665 4987 ulnis
1718 4915 2095 5005 astringeret,
2155 4934 2494 5006 amplexibus

923 5001 1240 5094 demulceret
1272 5058 1286 5081 ,
1343 5018 1436 5077 sed
1489 5029 1544 5075 et
1588 5021 1677 5077 ille
1730 5001 2083 5079 nihilominus
2138 5001 2381 5094 quasdam
2434 5027 2497 5081 li-

925 5091 1112 5192 bidinis
1137 5104 1303 5181 829
1333 5108 1484 5175 signa
1525 5112 1884 5179 praztenderet
1913 5122 2082 5182 atque.
2105 5091 2169 5168 ad
2207 5116 2403 5170 nudam
2435 5116 2489 5169 il-

926 5177 1020 5239 lius
1033 5179 1241 5247 carnem
1257 5177 1562 5268 pertingere
1586 5200 1906 5268 quibusdam
1921 5177 2159 5271 gestibus
2180 5205 2369 5258 anhela
2379 5215 2459 5260 ret
2478 5248 2490 5270 ,

927 5271 1124 5335 dixitei
1153 5287 1482 5342 cubicularis
1519 5307 1612 5343 sua
1654 5309 1666 5343 :
1706 5290 1986 5355 Permitte,
2017 5294 2058 5347 si
2109 5295 2307 5362 placet,
2332 5297 2493 5363 quid-

927 5364 1046 5427 quid
1069 5371 1180 5426 vult
1207 5390 1388 5444 agere,
1421 5389 1476 5430 ut
1506 5379 1705 5446 liquido
1737 5389 1918 5454 pateat
1943 5382 2071 5450 quid
2103 5382 2292 5435 nititur
2317 5392 2491 5437 atten-

932 5457 1052 5507 tare.
1085 5459 1217 5525 Quid
1248 5466 1432 5534 plura?
1475 5470 1740 5537 permisit,
1772 5480 1826 5525 et
1851 5473 1991 5540 quod
2024 5481 2176 5540 turpe
2205 5473 2348 5527 dictu
2382 5484 2488 5536 est,

929 5551 1042 5594 cum
1085 5545 1279 5605 femina
1315 5553 1426 5608 fera
1458 5558 1746 5612 concubuit
1776 5575 1788 5621 ;
1825 5561 2016 5615 deinde
2044 5564 2381 5616 consuetudo
2415 5573 2492 5618 te-

932 5629 1054 5716 nuit.
1086 5646 1137 5688 et
1163 5645 1542 5698 commercium
1565 5646 1786 5700 inauditi
1817 5648 2038 5702 sceleris
2079 5649 2318 5704 inolevit.
2343 5652 2488 5716 Qua-

934 5714 1044 5774 dam
1078 5741 1197 5786 vero
1234 5734 1316 5788 die
1345 5735 1468 5791 dum
1521 5753 1578 5792 se
1625 5753 1804 5794 comes
1854 5740 2005 5798 uxori
2047 5739 2310 5814 conjugali
2347 5759 2494 5799 utere

2602 4671 2722 4709 rum
2751 4663 3008 4721 verteret,
3039 4671 3172 4724 puer
3211 4665 3394 4709 autem
3438 4670 3468 4710 e
3527 4655 3746 4725 regione
3791 4655 4026 4709 sederet.
4081 4652 4190 4708 Sed

2602 4759 2722 4798 cum
2755 4745 2993 4812 piscator
3044 4745 3284 4800 intentus
3315 4745 3540 4815 remigio
3583 4745 3760 4799 redire
3813 4745 4190 4808 contenderet,

2600 4842 2654 4888 et
2683 4833 2878 4888 alacris
2911 4837 2975 4889 de
2998 4849 3272 4905 prospera:
3310 4835 3542 4890 fortuna:
3578 4851 3832 4890 successu
3861 4834 4184 4890 sollicitudi-

2602 4937 2723 4975 nem
2766 4939 2870 4976 non
2898 4923 3147 4990 haberet,
3180 4924 3490 4993 pavefactus
3518 4938 3649 4994 puer
3672 4926 3728 4982 in
3770 4925 3934 4994 piscis
3964 4933 4188 4994 aspectu

2599 5010 2841 5081 lugubris
2879 5011 3241 5066 exclamavit:
3271 5013 3349 5068 lta
3381 5028 3469 5068 me
3494 5013 3731 5082 respicit,
3759 5015 3869 5080 jam
3899 5028 3984 5066 me
4013 5013 4188 5067 bestia

2601 5102 2898 5157 devorabit.
2928 5102 3024 5156 Cui
3072 5112 3226 5173 pater
3263 5103 3543 5158 alludens:
3574 5101 3676 5164 Tu,
3707 5102 3903 5172 inquit,
3936 5116 4060 5157 eum
4097 5104 4192 5156 deo

2597 5191 2835 5256 vorabis,
2865 5205 2971 5245 non
3004 5191 3118 5260 ipse
3149 5200 3218 5246 te.
3254 5190 3496 5259 Cumque
3521 5205 3656 5260 puer
3688 5189 3918 5260 idipsum
3951 5190 4190 5245 secundo

2595 5291 2884 5351 repeteret,
2925 5282 3016 5336 sed
3051 5282 3167 5349 ejus
3196 5284 3361 5337 verba
3417 5291 3571 5351 pater
3607 5284 3835 5350 ineptias
3884 5284 4188 5349 deputaret,

2600 5373 2817 5430 tandem
2863 5374 3031 5443 piscis
3079 5373 3324 5428 sublatus
3356 5391 3408 5427 ιη
3442 5389 3623 5428 aerem
3659 5390 3882 5443 puerum
3924 5373 4190 5428 violenter

2601 5463 2849 5530 impetiit,
2877 5479 3109 5532 eumque
3155 5473 3379 5533 repente
3408 5465 3710 5533 corripiens
3756 5463 3912 5533 aquis
3959 5478 4019 5518 se
4065 5478 4187 5519 cum

2600 5554 2786 5621 rapina
2822 5569 2916 5608 sua
2946 5562 3132 5625 raptor
3163 5555 3428 5610 immersit
3470 5569 3532 5609 ac
3574 5563 3764 5610 neuter
3795 5553 3934 5610 ultra
3965 5570 4184 5626 compa-

2601 5644 2727 5694 ruit.
