5882 6642
10 6349 866 6642 5

2490 445 2587 506 ’Μ

3031 556 3256 612 CAPUT
3280 555 3486 612 .XXXI.

2866 643 3044 698 Brevis
3087 645 3325 713 opusculi
3369 647 3651 702 conclusio.

2542 729 2706 797 Ecce,
2742 732 2936 787 fratres
2961 735 3083 796 mei,
3115 745 3332 802 quaeest
3359 735 3412 788 in
3450 735 3553 790 hoc
3578 737 3777 792 mundo
3814 747 3920 792 tam
3964 752 4050 792 se-

2472 836 2599 876 cura
2627 823 2913 891 possessio,
2943 826 2995 876 in
3021 841 3181 894 quam
3207 841 3306 881 nos
3331 835 3445 880 tuto
3469 829 3758 898 projicere;
3794 830 4049 898 quidnam

2465 910 2604 980 juris
2630 921 2711 965 est
2735 914 2925 978 nostri,
2951 916 3089 983 quod
3124 931 3227 969 non
3252 917 3542 972 debeamus
3585 927 3836 988 tanquam
3877 928 4050 974 rotam

2471 1000 2756 1056 volubilem
2778 1003 3056 1072 deputare.
3090 1005 3239 1060 Hanc
3272 1017 3445 1062 rotam
3474 1008 3728 1062 Salomon
3753 1009 3908 1064 docet
3927 1024 4052 1064 esse

2470 1091 2785 1156 cavendam,
2815 1100 2870 1146 et
2904 1092 3178 1149 Creatoris
3223 1109 3437 1165 semper
3481 1097 3672 1152 adesse
3699 1096 3899 1152 debere
3938 1114 4051 1153 me-

2469 1179 2718 1236 moriam.
2754 1179 2854 1248 Qui
2882 1198 3004 1238 cum
3035 1184 3240 1240 diceret
3271 1203 3285 1239 :
3324 1202 3344 1237 ι
3374 1185 3642 1242 Memento
3669 1186 3938 1242 Creatoris
3974 1189 4050 1242 tui

2467 1264 2521 1318 in
2553 1267 2742 1322 diebus
2764 1267 3064 1337 iuventutis
3113 1281 3236 1336 tuae,
3277 1281 3566 1341 antequam
3608 1275 3788 1329 veniat
3838 1284 4049 1344 tempus

2467 1353 2770 1411 aﬂlictionis
2806 1366 2940 1425 tuae;
2989 1379 3006 1402 ι
3058 1360 3216 1430 paulo
3246 1371 3368 1430 post
3393 1363 3640 1418 addidit:
3676 1382 3695 1415 ι
3728 1373 3782 1420 et
3810 1365 4048 1419 confrin-

2467 1451 2623 1513 gatur
2669 1456 2784 1500 rota
2829 1461 2992 1518 super
3029 1451 3336 1518 cisternam,
3368 1460 3423 1508 et
3460 1464 3763 1508 revertatur
3788 1455 3962 1525 pulvis
3991 1455 4042 1508 in

2921 447 2982 504 S.
3021 447 3225 506 PETRI
3267 441 3549 504 DAMIANI
3589 447 3738 506 OPP.
3783 447 4020 507 TOMUS
4059 447 4192 507 εει]
4230 447 4412 507 PARS
4448 448 4536 507 111.
4572 482 4641 492 --
4679 449 5043 509 OPUSCULA
5082 451 5311 508 VARIA.

5629 449 5728 507 799

4083 566 4132 623 Α
4164 566 4361 614 terram
4411 575 4586 629 suam,
4635 565 4776 618 unde
4824 575 4941 620 erat
4984 562 5172 632 (Eccli.
5219 565 5330 636 xv).
5368 583 5388 618 ι
5437 563 5728 621 Caveatqu

4163 650 4325 720 igitur
4352 650 4406 703 in
4438 650 4677 719 qualibet
4699 651 4933 706 instabili
4960 653 5304 721 possessione
5335 651 5620 718 confidere,
5645 652 5727 708 vel

4159 738 4365 792 fallacis
4415 739 4603 793 insula:
4661 739 4848 795 sabulo
4898 750 5152 810 tanquam
5216 743 5444 811 imperiti
5506 743 5726 813 remiges

4160 826 4449 896 applicare.
4501 829 4775 883 Adeamus
4823 828 4986 898 Igitur
5036 829 5348 897 Christum,
5408 832 5723 886 tutissimum

4157 918 4404 972 videlicet
4433 920 4809 990 navigantibus
4849 929 5083 989 portum,
5110 931 5162 975 et
5199 923 5266 978 de
5302 923 5513 978 marino
5541 913 5727 978 discri-

4157 1008 4300 1061 mine
4327 1007 4560 1074 liberati,
4601 1011 4704 1066 [ille
4742 1025 4961 1080 prorsus
4997 1025 5060 1066 ac
5103 1021 5266 1068 certze
5337 1014 5531 1083 quietis
5570 1013 5728 1067 auiu-

4155 1099 4297 1168 gium
4325 1099 4478 1154 illum
4503 1105 4870 1158 tantummodo
4896 1115 5147 1173 personet
5174 1105 5346 1176 iiugua
5372 1106 5715 1176 loquentium,

4151 1189 4243 1256 qui
4270 1188 4506 1258 disponit
4533 1201 4586 1246 et
4615 1193 4829 1247 ordinat
4857 1195 5118 1249 naturalia
5145 1194 5264 1263 jura
5309 1205 5572 1252 mutorum
5601 1237 5616 1262 ,
5663 1206 5723 1252 ut

4152 1277 4204 1331 in
4243 1281 4494 1336 omnibus
4517 1285 4782 1338 creaturis
4805 1283 4920 1338 sola
4959 1287 5280 1354 praedicetur
5313 1299 5477 1342 virtus
5525 1303 5584 1342 ac
5623 1303 5720 1354 po-

4158 1367 4321 1423 tentia
4357 1367 4651 1425 Creatoris.

4492 1458 4569 1512 Sit
4600 1476 4785 1517 nomen
4819 1461 5029 1518 Domini
5055 1465 5394 1521 benedictum.

2473 1603 5705 1653 ———'—-——————~—_——————_——_—_‘

2517 1696 2877 1772 πῖθι-επ
2913 1719 3689 1828 OPUSCULUM
3743 1725 4058 1848 QUIN
4071 1724 4840 1850 QUAGESIMU.

3253 1722 3689 1828 CULUM
3743 1724 4938 1850 QUINQUAGESIMUM
5006 1739 5576 1843 TERTIUM

3151 1928 3255 1988 DE
3299 1928 3728 1992 PATIENTIA
3771 1930 3851 1992 1N
3891 1929 4475 1994 INSECTATIONE
4520 1934 5075 2005 IMPROBORUM.

2462 2155 2997 2248 Anicuu‘ssrrguzn:‘
3027 2157 3720 2248 Dominicum“Loricatnm
3765 2172 4020 2248 _corporis
4079 2169 4497 2248 mortificatioue
4540 2171 4924 2248 admirabilem
4976 2185 5189 2248 monet,
5249 2192 5316 2234 ne
5355 2179 5712 2248 improborum

2533 2223 2812 2320 homint‘im
2841 2226 3002 2320 illatis
3036 2231 3294 2320 molestiis
3327 2235 3432 2320 alio
3460 2253 3579 2291 cum
3609 2239 3719 2318 suis
3745 2223 4093 2320 demigrarat,
4117 2243 4208 2292 sed
4240 2241 4730 2320 sac_rzc_S_cripturm
4757 2247 5039 2320 prmceptis
5058 2223 5278 2320 edoctus
5304 2223 5715 2320 sanc'torutnqne

2531 2293 2794 2385 Iexemplis
2829 2296 3200 2385 cpniirmatus,
3241 2318 3328 2356 res
3359 2306 3633 2385 adversas,
3680 2308 3729 2360 in
3760 2293 4291 2385 quas'ADc-Ius'servos
4329 2293 4570 2385 incidere
4614 2293 4903 2378 permittit,
4934 2293 5097 2385 inquo
5144 2317 5323 2372 animo
5366 2319 5522 2383 lerat,
5569 2293 5714 2376 ut‘se

2525 2359 2955 2433 bonis'operibus
2975 2359 3232 2424 exercens
3259 2382 3313 2425 et
3335 2373 3473 2427 mala
3504 2359 3738 2430 tolerans
3768 2359 3954 2431 ieram
3981 2359 4188 2433 Christi
4217 2380 4516 2433 membrum
4549 2359 4894 2449 aghoscatur:

2523 2472 2729 2529 Domno
2761 2475 3024 2532 Dommco
3052 2487 3106 2533 et
3137 2482 3349 2538 caeteris
3382 2482 3643 2542 fratribus
3685 2487 3776 2556 qui
3827 2487 3882 2541 in
3931 2501 4028 2541 sua
4067 2489 4108 2547 Β
4143 2496 4226 2540 tus
4271 2498 4475 2550 autem,
4528 2489 4653 2542 dum
4711 2490 4888 2558 perdit
4932 2493 5271 2564 sanguinem,
5302 2507 5580 2567 recuperat
5627 2514 5712 2554 sae

2453 2563 2614 2617 vicini
2656 2566 2855 2618 montis
2889 2581 3071 2621 eremo
3098 2584 3522 2638 commorantur,
3551 2574 3762 2630 l‘erncs
3782 2587 4030 2646 peccator

2449 2651 2748 2706 monachus
2779 2652 3020 2708 ultimam
3051 2659 3366 2714 servitutem
3398 2662 3450 2714 in
3483 2664 3732 2718 Domino.

2957 2746 3182 2803 CAPUT
3227 2749 3517 2807 PRIMUM.

2713 2831 2865 2898 Quod
2888 2837 3135 2903 patientia
3170 2839 3234 2890 sit
3267 2841 3441 2908 regina
3473 2843 3737 2898 virtutum.

2516 2917 2830 2992 Scripsistis
2865 2924 3020 2990 mihi,
3045 2925 3402 2994 dilectissimi,
3427 2932 3550 2999 quia
3581 2943 3761 2989 tantus
3803 2950 4022 3004 perver-

2442 3022 2627 3062 sorum
2659 3023 2721 3064 ac
2762 3009 3118 3066 violentorum
3165 3015 3441 3071 hominum
3473 3034 3567 3073 vos
3609 3021 3746 3076 livor
3785 3022 4022 3088 infestat,

2444 3101 2588 3164 quod
2623 3099 2724 3153 nisi
2757 3102 2911 3154 vobis
2934 3117 3032 3171 ego
3059 3104 3258 3173 raptim
3287 3107 3642 3180 celeriterque
3681 3129 4022 3181 succurram,

2443 3203 2539 3240 vos
2564 3188 2679 3242 loco
2704 3189 2894 3244 ceditis
2924 3191 3193 3262 aliumque
3219 3196 3387 3260 vobis,
3414 3199 3502 3266 qui
3522 3201 3724 3268 rapinis
3755 3203 3838 3255 bis
3863 3212 4024 3271 atque

2445 3275 2707 3330 molestiis
2752 3293 2856 3332 non
2886 3279 2956 3332 sit
2990 3280 3276 3345 obnoxius,
3323 3286 3698 3352 providebitis.
3753 3289 3882 3356 Qua:
3911 3305 4016 3354 me,

2436 3367 2634 3435 fateor,
2676 3372 2856 3426 audita
2885 3373 3081 3443 legatio
3107 3377 3346 3443 graviter
3388 3379 3634 3448 perculit,
3675 3390 3728 3435 et
3776 3382 3896 3450 plus
3935 3398 4020 3438 me

2440 3464 2616 3513 vestra
2686 3459 3101 3528 pusillanimitas
3173 3479 3335 3533 quam
3404 3467 3615 3523 hostilis
3675 3471 4022 3526 contristavit

2440 3548 2758 3605 adversitas.
2823 3549 2958 3606 Nam
3011 3569 3132 3607 cum
3190 3556 3406 3612 assidue
3471 3557 3760 3614 videamini
3823 3562 4019 3618 divinis

2436 3639 2690 3695 insistere
2731 3643 2964 3712 paginis,
3017 3645 3209 3700 mirum
3252 3657 3333 3704 est
3357 3653 3626 3717 quomodo
3661 3654 3810 3707 vobis
3842 3656 4018 3711 adhuc

2438 3729 2618 3801 ignota
2656 3727 2727 3786 sit
2770 3735 3031 3801 patientia
3076 3738 3257 3808 regina
3292 3739 3587 3806 virtutum,
3633 3744 3717 3798 cui
3757 3745 4014 3802 nimirum

4134 2576 4386 2630 nitatem.
4417 2576 4508 2630 Illa
4541 2579 4769 2647 denique
4808 2595 4900 2633 sua
4952 2597 5010 2635 se
5057 2593 5229 2638 morte
5275 2586 5431 2639 satiat
5459 2597 5512 2640 et
5535 2587 5710 2642 cxsul-

4139 2678 4250 2732 tat;
4320 2679 4551 2738 aegrotus
4619 2679 4837 2735 autem,
4894 2673 5017 2727 dum
5083 2676 5425 2740 vulneratur,
5479 2679 5542 2732 ad
5600 2691 5710 2734 sta-

4135 2767 4246 2813 tum
4295 2760 4487 2814 salutis
4529 2760 4778 2830 erigitur.
4813 2762 4951 2829 Quid
4999 2765 5162 2836 igitur
5205 2769 5421 2834 mirum,
5469 2770 5513 2822 si
5567 2768 5706 2825 Deus

4132 2849 4495 2919 omnipotens,
4546 2851 4635 2919 qui
4688 2863 4770 2906 est
4820 2855 5060 2911 medicus
5105 2858 5423 2922 animarum,
5474 2859 5550 2913 sic
5607 2875 5703 2915 nos

4128 2938 4340 2992 occulta
4370 2939 4453 2993 sui
4483 2941 4867 2996 moderaminis
4891 2955 5008 2998 arte
5037 2946 5285 3015 disponit,
5331 2959 5388 3002 ut
5426 2963 5488 3003 ex
5515 2949 5703 3003 alienis

4129 3027 4438 3082 vulneribus
4480 3029 4637 3084 nobis
4686 3033 5076 3089 medicamenta
5122 3038 5391 3103 conticiat,
5440 3050 5708 3108 quatenus

4129 3118 4254 3174 dum
4285 3119 4438 3174 nobis
4481 3120 4676 3175 hostile
4716 3123 4910 3178 vulnus
4951 3125 5226 3196 inﬂigitur.
5265 3144 5329 3184 ex
5378 3145 5443 3184 eo
5491 3131 5703 3200 potissi-

4125 3223 4274 3262 mum
4315 3209 4504 3266 salutis
4560 3213 4859 3267 antidotum
4912 3228 5249 3285 procuretur.
5302 3220 5470 3289 Tyrus
5540 3221 5696 3290 plane

4124 3314 4294 3368 genus
4335 3302 4602 3369 serpentis
4650 3313 4750 3367 est,
4795 3319 4860 3358 ex
4913 3307 5065 3374 cujus
5109 3324 5300 3364 cruore
5347 3310 5576 3365 theriaca
5612 3311 5692 3376 iit,

4123 3403 4243 3456 quae
4267 3387 4512 3443 videlicet
4551 3401 4887 3459 grassantem
4933 3406 5136 3465 pestem
5182 3397 5236 3451 in
5288 3398 5371 3452 his
5402 3399 5492 3469 qui
5536 3413 5694 3456 vene-

4128 3484 4330 3530 nantur
4355 3479 4670 3548 exstinguit.

4743 3570 4970 3628 CAPUT
5008 3573 5072 3630 ll.

4149 3659 4304 3726 Quod
4330 3677 4394 3716 cx
4415 3663 4840 3719 tribulationibus
4865 3667 5008 3720 nobis
5038 3669 5293 3723 medicina
5317 3686 5668 3739 prn'paralui.

4191 3748 4247 3808 Si
4292 3769 4422 3826 ergo
4457 3771 4721 3812 venenum
4752 3773 4960 3815 veneno
5007 3763 5154 3816 novit
5199 3764 5358 3820 homo
5407 3766 5691 3834 depellere,

2433 3830 2628 3875 cuncta
2658 3821 2969 3878 deserviunt
3006 3825 3272 3881 volumina
3306 3828 3711 3900 Scripturamm
3750 3853 3762 3888 :
3809 3853 3827 3886 ι
3853 3835 4012 3902 Qnre-
4044 3828 4088 3891 C
4120 3855 4324 3914 quanto
4360 3821 4544 3918 inagis
4591 3849 4853 3904 mirabilis
4897 3853 5149 3920 praevalet
5200 3855 5338 3910 Deus
5389 3821 5694 3914 exlalienis'

2435 3926 2650 3982 cunque
2706 3912 2869 3980 enim,
2920 3926 2980 3970 ut
3013 3917 3301 3987 Apostolus
3351 3922 3449 3986 ait,
3496 3926 3695 3995 scripta
3746 3937 3894 3992 sunt,
3946 3929 4013 3982 ad

2437 4011 2679 4059 nostram
2707 4005 3006 4060 doctrinam
3039 4009 3237 4080 scripta
3266 4021 3391 4066 sunt
3422 4013 3598 4084 (Rom.
3627 4017 3742 4086 xv).
3781 4037 3799 4070 ›
3837 4017 4016 4084 Quare

2436 4093 2504 4147 ad
2536 4103 2776 4149 nostram
2826 4095 3162 4153 doctrinam?
3192 4100 3442 4172 Nunquid
3483 4115 3542 4159 ut
3583 4106 4014 4179 syllogismorum

2436 4181 2729 4239 calleanms
2762 4185 3060 4242 tendiculas
3109 4197 3345 4257 struere,
3392 4201 3450 4246 ut
3490 4182 3730 4250 tonantia
3760 4207 3814 4251 et
3855 4213 4015 4253 accu-

2437 4279 2553 4325 rata
2586 4273 2750 4329 verba
2798 4275 3080 4332 rhetorica:
3111 4281 3278 4350 copiae
3321 4282 3590 4340 coloribus
3623 4297 3912 4343 venustare
3959 4301 4014 4343 et

2435 4363 2760 4421 harmoniae
2798 4368 3077 4424 suavitatis
3124 4386 3322 4442 organa
3352 4375 3626 4448 melosqne
3653 4378 4008 4449 distinguere,

2436 4462 2495 4507 ut
2523 4465 2790 4511 astrorum
2813 4458 3315 4517 mathematicorunt
3341 4465 3513 4532 signa,
3533 4478 3589 4522 ut
3615 4469 3784 4533 aiunt,
3817 4486 4008 4524 nosca-

2435 4555 2555 4597 mus
2584 4543 2734 4598 radio
2753 4545 3068 4612 designare?
3104 4548 3219 4603 Non
3250 4552 3412 4619 plane
3447 4556 3515 4608 ad
3566 4557 3678 4612 haec
3707 4559 4007 4629 indaganda

2435 4631 2606 4686 sacris
2634 4631 2926 4703 Scripturis
2952 4637 3290 4703 iustruimur,
3323 4643 3414 4697 sed
3449 4659 3544 4714 per
3580 4660 3673 4701 eas
3723 4649 3901 4716 potius
3942 4649 4007 4701 ad

2430 4721 2674 4790 exempla
2701 4725 2970 4791 patientia:
2994 4742 3367 4794 provocamur.
3396 4732 3547 4788 Unde
3572 4751 3694 4790 mox
3723 4738 3965 4806 sequitur
3992 4757 4004 4792 :

2432 4828 2452 4861 ι
2482 4809 2552 4866 Ut
2589 4826 2684 4880 per
2710 4814 3025 4881 patientiam
3067 4827 3117 4870 et
3145 4820 3564 4876 consolationem
3606 4824 4007 4893 Scripturarum

2426 4913 2580 4968 spcm
2615 4901 2908 4956 habeamus
2930 4903 3136 4974 (lbid.).
3179 4926 3198 4957 ι
3227 4907 3423 4962 Eadem
3449 4927 3682 4981 namque
3704 4911 4008 4983 Scriptura,

2429 5004 2551 5058 qua:
2593 5005 2691 5045 nos
2735 4992 2800 5048 ad
2833 4995 3118 5054 tenendam
3150 4999 3462 5068 patientiam
3489 5004 3690 5069 erudit,
3729 5019 3826 5074 spe
3849 5006 4006 5062 etiam

2429 5080 2816 5139 consolationis
2851 5085 3076 5151 attollit,
3120 5089 3277 5156 quia,
3320 5105 3442 5144 cum
3489 5104 3677 5148 narrat
3720 5095 3878 5150 electi
3915 5097 4005 5151 Dei

4122 3938 4538 3992 contritionibus
4560 3940 4713 3994 nobis
4741 3941 4890 3997 utilia
4919 3945 5234 4011 providere?
5261 3945 5450 4001 Omnia
5495 3950 5695 4019 quippe

4121 4039 4433 4086 sanctorum
4461 4042 4612 4103 gesta
4655 4034 4782 4102 quid
4821 4035 4965 4090 aiiud
5001 4048 5244 4102 narrant,
5285 4039 5385 4094 nisi
5412 4055 5692 4109 pressurae

4120 4131 4282 4191 atque
4311 4125 4631 4188 certamina,
4663 4141 4783 4194 quae
4823 4127 4888 4181 de
4927 4143 5301 4197 perversorum
5331 4133 5689 4199 quorumlibet

4119 4212 4397 4267 hominum
4433 4212 4776 4270 infestatione
4807 4216 5177 4283 pertulerunt?
5210 4218 5328 4287 ipse
5355 4236 5562 4288 quoque
5589 4221 5686 4276 lte-

4117 4302 4364 4370 demptor
4402 4312 4583 4357 noster
4609 4304 4860 4358 servilem
4902 4305 5150 4369 formam,
5178 4323 5433 4376 quam-ex
5465 4309 5684 4364 inteme-

4117 4401 4230 4445 rata
4269 4389 4488 4460 Virgine
4539 4393 4795 4463 suscepit,
4849 4409 4952 4447 non
5000 4405 5124 4450 ante
5156 4396 5332 4468 regnis
5381 4398 5687 4453 caelestibus

4115 4481 4294 4537 intulit
4324 4497 4483 4548 quam
4517 4483 4718 4546 omnia,
4747 4498 4865 4551 qua:
4887 4483 5166 4554 Scriptura
5197 4496 5438 4550 testatur,
5475 4488 5681 4542 irrisio-

4115 4587 4240 4624 num
4270 4581 4430 4640 atque
4453 4587 4734 4640 poenarum
4773 4583 5036 4631 tormenta
5069 4580 5354 4646 percurrit.
5394 4580 5528 4646 Quid
5556 4596 5681 4651 ergo

4112 4675 4333 4722 novum,
4357 4662 4400 4715 si
4430 4670 4683 4728 peccator
4713 4663 4872 4716 homo
4907 4679 5103 4726 rerum,
5133 4683 5250 4736 qua:
5278 4677 5425 4721 extra
5454 4685 5510 4722 se
5537 4678 5680 4735 sunt,

4111 4749 4377 4802 sustineat
4411 4749 4777 4814 amissionem,
4831 4767 4954 4806 cum
5005 4754 5108 4817 ille,
5137 4756 5226 4824 qui
5270 4771 5493 4825 peccare
5547 4774 5667 4812 nuu-

4113 4852 4274 4905 quam
4305 4839 4498 4905 potuit,
4531 4838 4583 4891 in
4633 4854 4732 4894 suo
4760 4856 4986 4911 corpore
5031 4844 5190 4914 833
5239 4846 5510 4916 pertulerit
5559 4862 5672 4901 cru-

4114 4931 4268 4983 cem?
4322 4928 4374 5000 (I
4401 4928 4547 4984 Petr.
4575 4938 4658 4997 ιι.)
4700 4931 4934 4988 Necdum
4974 4950 5120 4998 sane,
5149 4935 5298 5004 juxta
5348 4937 5674 5007 Apostolum,

4113 5034 4285 5086 uSqne
4316 5020 4380 5072 ad
4409 5022 4722 5094 sanguinem
4752 5025 5027 5079 restitistis
5059 5025 5241 5094 (Hebr.
5288 5029 5404 5094 xu).
5468 5026 5593 5091 Sed,
5643 5045 5674 5084 ο

4114 5108 4321 5160 utinam
4367 5109 4468 5163 hoc
4513 5109 4701 5165 saltem
4731 5113 4799 5166 de
4835 5112 4987 5166 vobis
5016 5124 5194 5181 posset
5224 5115 5352 5179 dici,
5405 5117 5541 5184 quod
5591 5116 5680 5172 ille

2427 5178 2561 5266 quot
2614 5169 2722 5226 sint
2752 5171 3008 5272 supplicia
3053 5191 3440 5249 pressurasque
3488 5185 3751 5252 perpessi,
3802 5187 4005 5241 indicat
4041 5171 4086 5229 θ
4113 5194 4431 5261 quibusdam
4456 5197 4591 5250 bene
4613 5199 4944 5267 patientibus
4963 5169 5095 5255 dixit
5131 5221 5144 5255 :
5182 5220 5200 5253 ι
5229 5169 5487 5272 naphtam

2425 5345 2585 5416 plane
2610 5351 2964 5444 sanguisugas
2995 5356 3322 5412 tumentibus
3346 5362 3528 5429 aegroti
3553 5364 3809 5418 membris
3838 5379 4002 5435 appo-

2421 5435 2506 5489 nit
2531 5434 2785 5506 virusque
2818 5440 2974 5494 simul
3000 5458 3121 5498 cum
3152 5448 3415 5515 sanguine
3440 5450 3507 5505 ab
3546 5452 3752 5508 intimis
3783 5434 4005 5510 visceri-

2417 5525 2524 5582 bus
2554 5529 2772 5583 sorbere
2796 5533 3092 5600 permittit;
3125 5535 3354 5592 diversa:
3378 5549 3552 5597 tamen
3578 5543 3894 5601 intentionis
3918 5557 4002 5602 est

2419 5617 2670 5710 medicus
2719 5630 2773 5675 et
2816 5623 3028 5680 hirudo.
3089 5626 3179 5682 Illa
3231 5631 3495 5701 siquidem
3525 5635 3596 5690 nit
3633 5635 3774 5692 aliud
3819 5641 4000 5710 gestit,

2419 5702 2528 5763 nisi
2565 5717 2623 5762 ut
2652 5713 2964 5781 sanguinem
2993 5715 3170 5784 bibat;
3207 5719 3308 5776 istc
3351 5722 3420 5777 ad
3451 5723 3553 5780 hoc
3577 5727 3769 5792 tendit,
3805 5702 3860 5781 tit
3884 5702 4000 5783 Ian;

2422 5796 2618 5867 puidus
2645 5803 2999 5861 convalescat.
3032 5805 3120 5863 illa
3152 5813 3378 5868 satiatur
3408 5823 3461 5870 ct
3515 5817 3780 5881 moritur;
3832 5835 3998 5892 aegro-

4112 5298 4232 5336 rum
4258 5293 4557 5342 vestrorum
4587 5302 4710 5342 cum
4737 5289 4932 5357 gaudio
4973 5291 5281 5362 suscepistis
5313 5292 5493 5360 (Hebr.
5531 5295 5604 5364 x).
5648 5314 5668 5346 ›

4111 5370 4249 5427 Hinc
4279 5383 4381 5440 cst,
4434 5377 4577 5444 quod
4607 5387 4662 5430 et
4706 5377 4844 5433 alius
4890 5380 5020 5436 dicit
5070 5385 5384 5452 apostolus:
5447 5401 5466 5434 ι
5510 5383 5678 5438 Omne

4110 5463 4362 5531 gaudium
4419 5465 4762 5530 existimate,
4814 5467 5033 5534 fratres,
5086 5487 5206 5526 cum
5257 5472 5311 5526 in
5360 5473 5678 5528 tentationes

4109 5553 4285 5606 varias
4313 5553 4610 5608 inclderitis
4648 5555 4786 5624 (Jac.
4816 5559 4876 5628 ι).
4926 5579 4944 5611 ι

4182 5643 4301 5699 Duo
4328 5645 4537 5701 scilicet
4573 5657 4864 5718 sunt,qua:
4908 5650 4953 5705 si
5005 5651 5285 5722 vigilanter
5330 5650 5666 5716 attendimus.

4111 5733 4267 5789 facile
4296 5735 4656 5791 violentorum
4687 5739 5049 5807 quorumlibet
5078 5741 5388 5798 insolentias
5448 5741 5664 5808 injuria-

4109 5841 4335 5896 rumque
4406 5826 4684 5884 molestias
4732 5843 5046 5901 superamus
5077 5850 5088 5886 :
5121 5843 5381 5903 przcccpta
5431 5833 5662 5891 videlicet
