  <div class='ocr_page' id='page_1' title='image "/cluster/home/n/w/nwhite01/storage/ocr_20150623/144-145/uc1.31175001639262/936.png"; bbox 0 0 5882 6584; ppageno 0'>
   <div class='ocr_carea' id='block_1_1' title="bbox 2119 347 3191 412">
    <p class='ocr_par' dir='ltr' id='par_1_1' title="bbox 2119 347 3191 412">
     <span class='ocr_line' id='line_1_1' title="bbox 2119 347 3191 412; baseline -0.009 0"><span class='ocrx_word' id='word_1_1' title='bbox 2119 353 2362 412; x_wconf 80' lang='lat' dir='ltr'><strong>OPUSC.</strong></span> <span class='ocrx_word' id='word_1_2' title='bbox 2403 351 2532 409; x_wconf 85' lang='lat' dir='ltr'><strong>Llll.</strong></span> <span class='ocrx_word' id='word_1_3' title='bbox 2561 371 2635 392; x_wconf 59' lang='lat'><strong>-—‘</strong></span> <span class='ocrx_word' id='word_1_4' title='bbox 2669 350 2760 406; x_wconf 84' lang='lat' dir='ltr'><strong>DE</strong></span> <span class='ocrx_word' id='word_1_5' title='bbox 2802 347 3191 405; x_wconf 72' lang='lat' dir='ltr'><strong>PATIENTIA.</strong></span> 
     </span>
    </p>
   </div>
   <div class='ocr_carea' id='block_1_2' title="bbox 4200 351 4308 411">
    <p class='ocr_par' dir='ltr' id='par_1_2' title="bbox 4200 351 4308 411">
     <span class='ocr_line' id='line_1_2' title="bbox 4200 351 4308 411; baseline 0.019 -2"><span class='ocrx_word' id='word_1_6' title='bbox 4200 351 4308 411; x_wconf 69' lang='lat'><strong>736</strong></span> 
     </span>
    </p>
   </div>
   <div class='ocr_carea' id='block_1_3' title="bbox 1000 462 4306 543">
    <p class='ocr_par' dir='ltr' id='par_1_3' title="bbox 1000 462 4306 543">
     <span class='ocr_line' id='line_1_3' title="bbox 1000 462 4306 543; baseline -0.003 -16"><span class='ocrx_word' id='word_1_7' title='bbox 1000 478 1068 533; x_wconf 75' lang='grc' dir='ltr'><strong>οι</strong></span> <span class='ocrx_word' id='word_1_8' title='bbox 1101 470 1379 543; x_wconf 75' lang='lat' dir='ltr'><strong>exempla;</strong></span> <span class='ocrx_word' id='word_1_9' title='bbox 1411 471 1536 540; x_wconf 87' lang='lat' dir='ltr'><strong>quia</strong></span> <span class='ocrx_word' id='word_1_10' title='bbox 1565 477 1619 525; x_wconf 92' lang='lat' dir='ltr'><strong>et</strong></span> <span class='ocrx_word' id='word_1_11' title='bbox 1650 469 1946 540; x_wconf 60' lang='lat' dir='ltr'><strong>Scriptura;</strong></span> <span class='ocrx_word' id='word_1_12' title='bbox 1969 480 2172 525; x_wconf 69' lang='lat' dir='ltr'><strong>sanctae</strong></span> <span class='ocrx_word' id='word_1_13' title='bbox 2196 484 2294 524; x_wconf 90' lang='lat' dir='ltr'><strong>nos</strong></span> <span class='ocrx_word' id='word_1_14' title='bbox 2328 470 2394 521; x_wconf 87' lang='lat' dir='ltr'><strong>ad</strong></span> <span class='ocrx_word' id='word_1_15' title='bbox 2425 466 2597 536; x_wconf 74' lang='lat' dir='ltr'><strong>pmni-</strong></span> <span class='ocrx_word' id='word_1_16' title='bbox 2627 471 2670 527; x_wconf 75' lang='grc' dir='ltr'>Α</span> <span class='ocrx_word' id='word_1_17' title='bbox 2703 464 2881 534; x_wconf 87' lang='lat' dir='ltr'><strong>pando</strong></span> <span class='ocrx_word' id='word_1_18' title='bbox 2909 463 3269 534; x_wconf 70' lang='lat' dir='ltr'><strong>praeveniens,</strong></span> <span class='ocrx_word' id='word_1_19' title='bbox 3296 464 3612 518; x_wconf 81' lang='lat' dir='ltr'><strong>muneribus</strong></span> <span class='ocrx_word' id='word_1_20' title='bbox 3635 472 3949 533; x_wconf 76' lang='lat' dir='ltr'><strong>occuparet.</strong></span> <span class='ocrx_word' id='word_1_21' title='bbox 3975 462 4306 539; x_wconf 74' lang='lat' dir='ltr'><strong>Mosquippo</strong></span> 
     </span>
    </p>
   </div>
   <div class='ocr_carea' id='block_1_4' title="bbox 1006 555 2592 627">
    <p class='ocr_par' dir='ltr' id='par_1_4' title="bbox 1006 555 2592 627">
     <span class='ocr_line' id='line_1_4' title="bbox 1006 555 2592 627; baseline -0.007 -9"><span class='ocrx_word' id='word_1_22' title='bbox 1006 562 1238 618; x_wconf 81' lang='lat' dir='ltr'><strong>tentiam</strong></span> <span class='ocrx_word' id='word_1_23' title='bbox 1285 560 1668 620; x_wconf 84' lang='lat' dir='ltr'><strong>cohortantur,</strong></span> <span class='ocrx_word' id='word_1_24' title='bbox 1701 567 1756 613; x_wconf 87' lang='lat' dir='ltr'><strong>et</strong></span> <span class='ocrx_word' id='word_1_25' title='bbox 1798 559 1954 614; x_wconf 93' lang='lat' dir='ltr'><strong>electi</strong></span> <span class='ocrx_word' id='word_1_26' title='bbox 2004 559 2224 627; x_wconf 87' lang='lat' dir='ltr'><strong>quique,</strong></span> <span class='ocrx_word' id='word_1_27' title='bbox 2274 555 2532 625; x_wconf 78' lang='lat' dir='ltr'><strong>quidquid</strong></span> <span class='ocrx_word' id='word_1_28' title='bbox 2562 570 2592 607; x_wconf 92' lang='lat' dir='ltr'><strong>a</strong></span> 
     </span>
    </p>
   </div>
   <div class='ocr_carea' id='block_1_5' title="bbox 1004 648 2598 716">
    <p class='ocr_par' dir='ltr' id='par_1_5' title="bbox 1004 648 2598 716">
     <span class='ocr_line' id='line_1_5' title="bbox 1004 648 2598 716; baseline -0.005 -10"><span class='ocrx_word' id='word_1_29' title='bbox 1004 649 1234 707; x_wconf 72' lang='lat' dir='ltr'><strong>furiosis</strong></span> <span class='ocrx_word' id='word_1_30' title='bbox 1256 649 1450 705; x_wconf 87' lang='lat' dir='ltr'><strong>diaboli</strong></span> <span class='ocrx_word' id='word_1_31' title='bbox 1475 650 1734 704; x_wconf 80' lang='lat' dir='ltr'><strong>membris</strong></span> <span class='ocrx_word' id='word_1_32' title='bbox 1761 649 1946 703; x_wconf 78' lang='lat' dir='ltr'><strong>inferri</strong></span> <span class='ocrx_word' id='word_1_33' title='bbox 1975 650 2168 716; x_wconf 86' lang='lat' dir='ltr'><strong>potuit,</strong></span> <span class='ocrx_word' id='word_1_34' title='bbox 2221 648 2598 714; x_wconf 76' lang='lat' dir='ltr'><strong>aequanimiter</strong></span> 
     </span>
    </p>
   </div>
   <div class='ocr_carea' id='block_1_6' title="bbox 1004 739 2602 813">
    <p class='ocr_par' dir='ltr' id='par_1_6' title="bbox 1004 739 2602 813">
     <span class='ocr_line' id='line_1_6' title="bbox 1004 739 2602 813; baseline -0.003 -19"><span class='ocrx_word' id='word_1_35' title='bbox 1004 742 1366 813; x_wconf 81' lang='lat' dir='ltr'><strong>pertulerunt.</strong></span> <span class='ocrx_word' id='word_1_36' title='bbox 1401 739 1558 803; x_wconf 83' lang='lat' dir='ltr'><strong>Nam,</strong></span> <span class='ocrx_word' id='word_1_37' title='bbox 1596 741 1737 810; x_wconf 88' lang='lat' dir='ltr'><strong>quod</strong></span> <span class='ocrx_word' id='word_1_38' title='bbox 1783 741 1979 794; x_wconf 79' lang='lat' dir='ltr'><strong>divinis</strong></span> <span class='ocrx_word' id='word_1_39' title='bbox 2024 740 2504 801; x_wconf 81' lang='lat' dir='ltr'><strong>admonitionibus,</strong></span> <span class='ocrx_word' id='word_1_40' title='bbox 2544 746 2602 791; x_wconf 92' lang='lat' dir='ltr'><strong>et</strong></span> 
     </span>
    </p>
   </div>
   <div class='ocr_carea' id='block_1_7' title="bbox 1007 827 2598 900">
    <p class='ocr_par' dir='ltr' id='par_1_7' title="bbox 1007 827 2598 900">
     <span class='ocr_line' id='line_1_7' title="bbox 1007 827 2598 900; baseline -0.002 -17"><span class='ocrx_word' id='word_1_41' title='bbox 1007 829 1428 900; x_wconf 68' lang='lat' dir='ltr'><strong>praecedentium</strong></span> <span class='ocrx_word' id='word_1_42' title='bbox 1465 829 1727 899; x_wconf 78' lang='lat' dir='ltr'><strong>exemplis</strong></span> <span class='ocrx_word' id='word_1_43' title='bbox 1759 828 1948 897; x_wconf 89' lang='lat' dir='ltr'><strong>adjuti,</strong></span> <span class='ocrx_word' id='word_1_44' title='bbox 1998 829 2063 882; x_wconf 90' lang='lat' dir='ltr'><strong>de</strong></span> <span class='ocrx_word' id='word_1_45' title='bbox 2116 827 2386 896; x_wconf 88' lang='lat' dir='ltr'><strong>profundo</strong></span> <span class='ocrx_word' id='word_1_46' title='bbox 2439 827 2598 881; x_wconf 91' lang='lat' dir='ltr'><strong>nobis</strong></span> 
     </span>
    </p>
   </div>
   <div class='ocr_carea' id='block_1_8' title="bbox 1007 917 2601 988">
    <p class='ocr_par' dir='ltr' id='par_1_8' title="bbox 1007 917 2601 988">
     <span class='ocr_line' id='line_1_8' title="bbox 1007 917 2601 988; baseline 0 -16"><span class='ocrx_word' id='word_1_47' title='bbox 1007 917 1177 973; x_wconf 65' lang='lat' dir='ltr'><strong>illata:</strong></span> <span class='ocrx_word' id='word_1_48' title='bbox 1207 918 1571 973; x_wconf 80' lang='lat' dir='ltr'><strong>tribulationis</strong></span> <span class='ocrx_word' id='word_1_49' title='bbox 1598 919 1880 988; x_wconf 90' lang='lat' dir='ltr'><strong>eripimur,</strong></span> <span class='ocrx_word' id='word_1_50' title='bbox 1943 928 2089 972; x_wconf 89' lang='lat' dir='ltr'><strong>recte</strong></span> <span class='ocrx_word' id='word_1_51' title='bbox 2120 919 2171 972; x_wconf 92' lang='lat' dir='ltr'><strong>in</strong></span> <span class='ocrx_word' id='word_1_52' title='bbox 2199 917 2436 972; x_wconf 85' lang='lat' dir='ltr'><strong>Jercmia</strong></span> <span class='ocrx_word' id='word_1_53' title='bbox 2473 932 2601 986; x_wconf 83' lang='lat' dir='ltr'><strong>pro-</strong></span> 
     </span>
    </p>
   </div>
   <div class='ocr_carea' id='block_1_9' title="bbox 1005 993 2601 1079">
    <p class='ocr_par' dir='ltr' id='par_1_9' title="bbox 1005 993 2601 1079">
     <span class='ocr_line' id='line_1_9' title="bbox 1005 993 2601 1079; baseline 0 -19"><span class='ocrx_word' id='word_1_54' title='bbox 1005 1006 1174 1076; x_wconf 86' lang='lat' dir='ltr'><strong>pheta</strong></span> <span class='ocrx_word' id='word_1_55' title='bbox 1211 1008 1278 1062; x_wconf 91' lang='lat' dir='ltr'><strong>de</strong></span> <span class='ocrx_word' id='word_1_56' title='bbox 1330 1017 1494 1077; x_wconf 83' lang='lat' dir='ltr'><strong>puteo</strong></span> <span class='ocrx_word' id='word_1_57' title='bbox 1545 1011 1873 1079; x_wconf 87' lang='lat' dir='ltr'><strong>prodeunte,</strong></span> <span class='ocrx_word' id='word_1_58' title='bbox 1930 1009 2192 1078; x_wconf 81' lang='lat' dir='ltr'><strong>signatur.</strong></span> <span class='ocrx_word' id='word_1_59' title='bbox 2254 993 2601 1074; x_wconf 85' lang='lat' dir='ltr'><strong>Projecerant</strong></span> 
     </span>
    </p>
   </div>
   <div class='ocr_carea' id='block_1_10' title="bbox 1003 1097 2597 1168">
    <p class='ocr_par' dir='ltr' id='par_1_10' title="bbox 1003 1097 2597 1168">
     <span class='ocr_line' id='line_1_10' title="bbox 1003 1097 2597 1168; baseline 0 -18"><span class='ocrx_word' id='word_1_60' title='bbox 1003 1098 1206 1167; x_wconf 84' lang='lat' dir='ltr'><strong>quippe</strong></span> <span class='ocrx_word' id='word_1_61' title='bbox 1233 1114 1387 1163; x_wconf 89' lang='lat' dir='ltr'><strong>eum,</strong></span> <span class='ocrx_word' id='word_1_62' title='bbox 1416 1101 1555 1154; x_wconf 87' lang='lat' dir='ltr'><strong>sicut</strong></span> <span class='ocrx_word' id='word_1_63' title='bbox 1586 1099 1864 1168; x_wconf 88' lang='lat' dir='ltr'><strong>Scriptura</strong></span> <span class='ocrx_word' id='word_1_64' title='bbox 1899 1108 2130 1154; x_wconf 89' lang='lat' dir='ltr'><strong>testatur</strong></span> <span class='ocrx_word' id='word_1_65' title='bbox 2159 1099 2294 1168; x_wconf 84' lang='lat' dir='ltr'><strong>(Jer.</strong></span> <span class='ocrx_word' id='word_1_66' title='bbox 2341 1097 2597 1167; x_wconf 77' lang='lat' dir='ltr'><strong>xxxviii),</strong></span> 
     </span>
    </p>
   </div>
   <div class='ocr_carea' id='block_1_11' title="bbox 1004 1187 2597 1261">
    <p class='ocr_par' dir='ltr' id='par_1_11' title="bbox 1004 1187 2597 1261">
     <span class='ocr_line' id='line_1_11' title="bbox 1004 1187 2597 1261; baseline 0.001 -18"><span class='ocrx_word' id='word_1_67' title='bbox 1004 1188 1062 1243; x_wconf 81' lang='lat' dir='ltr'><strong>in</strong></span> <span class='ocrx_word' id='word_1_68' title='bbox 1089 1190 1285 1255; x_wconf 87' lang='lat' dir='ltr'><strong>lacum,</strong></span> <span class='ocrx_word' id='word_1_69' title='bbox 1314 1187 1367 1245; x_wconf 86' lang='lat' dir='ltr'><strong>in</strong></span> <span class='ocrx_word' id='word_1_70' title='bbox 1393 1207 1499 1259; x_wconf 87' lang='lat' dir='ltr'><strong>quo</strong></span> <span class='ocrx_word' id='word_1_71' title='bbox 1521 1207 1625 1244; x_wconf 93' lang='lat' dir='ltr'><strong>non</strong></span> <span class='ocrx_word' id='word_1_72' title='bbox 1648 1201 1765 1244; x_wconf 87' lang='lat' dir='ltr'><strong>erat</strong></span> <span class='ocrx_word' id='word_1_73' title='bbox 1789 1205 1948 1261; x_wconf 86' lang='lat' dir='ltr'><strong>aqua.</strong></span> <span class='ocrx_word' id='word_1_74' title='bbox 1975 1196 2069 1247; x_wconf 89' lang='lat' dir='ltr'><strong>sed</strong></span> <span class='ocrx_word' id='word_1_75' title='bbox 2097 1191 2264 1245; x_wconf 90' lang='lat' dir='ltr'><strong>lutum</strong></span> <span class='ocrx_word' id='word_1_76' title='bbox 2293 1209 2304 1242; x_wconf 89' lang='lat'><strong>:</strong></span> <span class='ocrx_word' id='word_1_77' title='bbox 2337 1190 2426 1258; x_wconf 93' lang='lat' dir='ltr'><strong>qni</strong></span> <span class='ocrx_word' id='word_1_78' title='bbox 2448 1199 2597 1259; x_wconf 88' lang='lat' dir='ltr'><strong>post-</strong></span> 
     </span>
    </p>
   </div>
   <div class='ocr_carea' id='block_1_12' title="bbox 1003 1282 2601 1353">
    <p class='ocr_par' dir='ltr' id='par_1_12' title="bbox 1003 1282 2601 1353">
     <span class='ocr_line' id='line_1_12' title="bbox 1003 1282 2601 1353; baseline 0 -16"><span class='ocrx_word' id='word_1_79' title='bbox 1003 1283 1253 1351; x_wconf 84' lang='lat' dir='ltr'><strong>modum,</strong></span> <span class='ocrx_word' id='word_1_80' title='bbox 1292 1292 1350 1337; x_wconf 92' lang='lat' dir='ltr'><strong>ut</strong></span> <span class='ocrx_word' id='word_1_81' title='bbox 1377 1283 1602 1347; x_wconf 80' lang='lat' dir='ltr'><strong>levetur,</strong></span> <span class='ocrx_word' id='word_1_82' title='bbox 1638 1282 1794 1338; x_wconf 85' lang='lat' dir='ltr'><strong>funes</strong></span> <span class='ocrx_word' id='word_1_83' title='bbox 1817 1285 1881 1339; x_wconf 88' lang='lat' dir='ltr'><strong>ad</strong></span> <span class='ocrx_word' id='word_1_84' title='bbox 1908 1299 2030 1338; x_wconf 91' lang='lat' dir='ltr'><strong>eum</strong></span> <span class='ocrx_word' id='word_1_85' title='bbox 2083 1292 2137 1337; x_wconf 89' lang='lat' dir='ltr'><strong>et</strong></span> <span class='ocrx_word' id='word_1_86' title='bbox 2186 1284 2348 1353; x_wconf 91' lang='lat' dir='ltr'><strong>panni</strong></span> <span class='ocrx_word' id='word_1_87' title='bbox 2389 1292 2601 1337; x_wconf 82' lang='lat' dir='ltr'><strong>veteres</strong></span> 
     </span>
    </p>
   </div>
   <div class='ocr_carea' id='block_1_13' title="bbox 1002 1371 2600 1442">
    <p class='ocr_par' dir='ltr' id='par_1_13' title="bbox 1002 1371 2600 1442">
     <span class='ocr_line' id='line_1_13' title="bbox 1002 1371 2600 1442; baseline -0.001 -14"><span class='ocrx_word' id='word_1_88' title='bbox 1002 1371 1369 1442; x_wconf 86' lang='lat' dir='ltr'><strong>deponuntur.</strong></span> <span class='ocrx_word' id='word_1_89' title='bbox 1411 1373 1547 1439; x_wconf 81' lang='lat' dir='ltr'><strong>Quid</strong></span> <span class='ocrx_word' id='word_1_90' title='bbox 1578 1374 1722 1428; x_wconf 90' lang='lat' dir='ltr'><strong>enim</strong></span> <span class='ocrx_word' id='word_1_91' title='bbox 1755 1373 1997 1437; x_wconf 84' lang='lat' dir='ltr'><strong>funibus,</strong></span> <span class='ocrx_word' id='word_1_92' title='bbox 2051 1373 2154 1426; x_wconf 89' lang='lat' dir='ltr'><strong>nisi</strong></span> <span class='ocrx_word' id='word_1_93' title='bbox 2189 1381 2458 1441; x_wconf 72' lang='lat' dir='ltr'><strong>przecepta</strong></span> <span class='ocrx_word' id='word_1_94' title='bbox 2499 1372 2600 1426; x_wconf 89' lang='lat' dir='ltr'><strong>Do-</strong></span> 
     </span>
    </p>
   </div>
   <div class='ocr_carea' id='block_1_14' title="bbox 1010 1463 2594 1535">
    <p class='ocr_par' dir='ltr' id='par_1_14' title="bbox 1010 1463 2594 1535">
     <span class='ocr_line' id='line_1_14' title="bbox 1010 1463 2594 1535; baseline 0.001 -18"><span class='ocrx_word' id='word_1_95' title='bbox 1010 1466 1205 1518; x_wconf 74' lang='lat' dir='ltr'><strong>minica</strong></span> <span class='ocrx_word' id='word_1_96' title='bbox 1231 1463 1568 1534; x_wconf 81' lang='lat' dir='ltr'><strong>figurantur?</strong></span> <span class='ocrx_word' id='word_1_97' title='bbox 1587 1480 1708 1535; x_wconf 67' lang='lat' dir='ltr'><strong>quae</strong></span> <span class='ocrx_word' id='word_1_98' title='bbox 1737 1467 1862 1534; x_wconf 91' lang='lat' dir='ltr'><strong>quia</strong></span> <span class='ocrx_word' id='word_1_99' title='bbox 1895 1480 1990 1519; x_wconf 90' lang='lat' dir='ltr'><strong>nos</strong></span> <span class='ocrx_word' id='word_1_100' title='bbox 2013 1464 2067 1518; x_wconf 91' lang='lat' dir='ltr'><strong>in</strong></span> <span class='ocrx_word' id='word_1_101' title='bbox 2092 1464 2229 1518; x_wconf 87' lang='lat' dir='ltr'><strong>mala</strong></span> <span class='ocrx_word' id='word_1_102' title='bbox 2261 1464 2594 1532; x_wconf 86' lang='lat' dir='ltr'><strong>operatione</strong></span> 
     </span>
    </p>
   </div>
   <div class='ocr_carea' id='block_1_15' title="bbox 999 1554 2599 1624">
    <p class='ocr_par' dir='ltr' id='par_1_15' title="bbox 999 1554 2599 1624">
     <span class='ocr_line' id='line_1_15' title="bbox 999 1554 2599 1624; baseline 0 -15"><span class='ocrx_word' id='word_1_103' title='bbox 999 1554 1230 1623; x_wconf 82' lang='lat' dir='ltr'><strong>positos,</strong></span> <span class='ocrx_word' id='word_1_104' title='bbox 1259 1565 1314 1609; x_wconf 91' lang='lat' dir='ltr'><strong>et</strong></span> <span class='ocrx_word' id='word_1_105' title='bbox 1344 1556 1695 1618; x_wconf 85' lang='lat' dir='ltr'><strong>convincunt,</strong></span> <span class='ocrx_word' id='word_1_106' title='bbox 1728 1564 1782 1609; x_wconf 91' lang='lat' dir='ltr'><strong>et</strong></span> <span class='ocrx_word' id='word_1_107' title='bbox 1806 1557 2062 1624; x_wconf 73' lang='lat' dir='ltr'><strong>eripiunt,</strong></span> <span class='ocrx_word' id='word_1_108' title='bbox 2110 1556 2266 1624; x_wconf 90' lang='lat' dir='ltr'><strong>quasi</strong></span> <span class='ocrx_word' id='word_1_109' title='bbox 2326 1554 2498 1620; x_wconf 80' lang='lat' dir='ltr'><strong>ligant</strong></span> <span class='ocrx_word' id='word_1_110' title='bbox 2544 1563 2599 1609; x_wconf 88' lang='lat' dir='ltr'><strong>ct</strong></span> 
     </span>
    </p>
   </div>
   <div class='ocr_carea' id='block_1_16' title="bbox 1001 1645 2600 1715">
    <p class='ocr_par' dir='ltr' id='par_1_16' title="bbox 1001 1645 2600 1715">
     <span class='ocr_line' id='line_1_16' title="bbox 1001 1645 2600 1715; baseline 0.001 -17"><span class='ocrx_word' id='word_1_111' title='bbox 1001 1645 1252 1709; x_wconf 88' lang='lat' dir='ltr'><strong>trahunt,</strong></span> <span class='ocrx_word' id='word_1_112' title='bbox 1285 1655 1566 1700; x_wconf 90' lang='lat' dir='ltr'><strong>coarctaut</strong></span> <span class='ocrx_word' id='word_1_113' title='bbox 1589 1655 1642 1700; x_wconf 91' lang='lat' dir='ltr'><strong>et</strong></span> <span class='ocrx_word' id='word_1_114' title='bbox 1675 1645 1875 1700; x_wconf 90' lang='lat' dir='ltr'><strong>levant.</strong></span> <span class='ocrx_word' id='word_1_115' title='bbox 1925 1645 2029 1700; x_wconf 87' lang='lat' dir='ltr'><strong>Sed</strong></span> <span class='ocrx_word' id='word_1_116' title='bbox 2065 1662 2132 1700; x_wconf 91' lang='lat' dir='ltr'><strong>ne</strong></span> <span class='ocrx_word' id='word_1_117' title='bbox 2160 1645 2353 1715; x_wconf 91' lang='lat' dir='ltr'><strong>ligatus</strong></span> <span class='ocrx_word' id='word_1_118' title='bbox 2398 1647 2482 1701; x_wconf 87' lang='lat' dir='ltr'><strong>bis</strong></span> <span class='ocrx_word' id='word_1_119' title='bbox 2522 1645 2600 1700; x_wconf 56' lang='lat' dir='ltr'><strong>fu-</strong></span> 
     </span>
    </p>
   </div>
   <div class='ocr_carea' id='block_1_17' title="bbox 999 1737 2593 1810">
    <p class='ocr_par' dir='ltr' id='par_1_17' title="bbox 999 1737 2593 1810">
     <span class='ocr_line' id='line_1_17' title="bbox 999 1737 2593 1810; baseline 0.001 -18"><span class='ocrx_word' id='word_1_120' title='bbox 999 1737 1185 1801; x_wconf 88' lang='lat' dir='ltr'><strong>nibus,</strong></span> <span class='ocrx_word' id='word_1_121' title='bbox 1225 1738 1350 1792; x_wconf 92' lang='lat' dir='ltr'><strong>dum</strong></span> <span class='ocrx_word' id='word_1_122' title='bbox 1388 1737 1644 1801; x_wconf 87' lang='lat' dir='ltr'><strong>trahitur,</strong></span> <span class='ocrx_word' id='word_1_123' title='bbox 1691 1739 1983 1802; x_wconf 88' lang='lat' dir='ltr'><strong>incidatur,</strong></span> <span class='ocrx_word' id='word_1_124' title='bbox 2021 1739 2179 1793; x_wconf 91' lang='lat' dir='ltr'><strong>simul</strong></span> <span class='ocrx_word' id='word_1_125' title='bbox 2225 1739 2390 1792; x_wconf 89' lang='lat' dir='ltr'><strong>etiam</strong></span> <span class='ocrx_word' id='word_1_126' title='bbox 2430 1739 2593 1810; x_wconf 88' lang='lat' dir='ltr'><strong>panni</strong></span> 
     </span>
    </p>
   </div>
   <div class='ocr_carea' id='block_1_18' title="bbox 2700 555 4302 625">
    <p class='ocr_par' dir='ltr' id='par_1_18' title="bbox 2700 555 4302 625">
     <span class='ocr_line' id='line_1_18' title="bbox 2700 555 4302 625; baseline 0.002 -14"><span class='ocrx_word' id='word_1_127' title='bbox 2700 566 2784 611; x_wconf 88' lang='lat' dir='ltr'><strong>est</strong></span> <span class='ocrx_word' id='word_1_128' title='bbox 2819 556 2960 625; x_wconf 83' lang='lat' dir='ltr'><strong>apud</strong></span> <span class='ocrx_word' id='word_1_129' title='bbox 2991 569 3112 619; x_wconf 82' lang='lat' dir='ltr'><strong>nos,</strong></span> <span class='ocrx_word' id='word_1_130' title='bbox 3140 555 3423 611; x_wconf 81' lang='lat' dir='ltr'><strong>ministros</strong></span> <span class='ocrx_word' id='word_1_131' title='bbox 3475 555 3728 610; x_wconf 86' lang='lat' dir='ltr'><strong>videlicet</strong></span> <span class='ocrx_word' id='word_1_132' title='bbox 3775 556 4088 625; x_wconf 73' lang='lat' dir='ltr'><strong>apostolicze</strong></span> <span class='ocrx_word' id='word_1_133' title='bbox 4134 558 4302 622; x_wconf 85' lang='lat' dir='ltr'><strong>sedis.</strong></span> 
     </span>
    </p>
   </div>
   <div class='ocr_carea' id='block_1_19' title="bbox 2700 645 4310 718">
    <p class='ocr_par' dir='ltr' id='par_1_19' title="bbox 2700 645 4310 718">
     <span class='ocr_line' id='line_1_19' title="bbox 2700 645 4310 718; baseline 0.002 -18"><span class='ocrx_word' id='word_1_134' title='bbox 2700 647 2767 700; x_wconf 90' lang='lat' dir='ltr'><strong>ab</strong></span> <span class='ocrx_word' id='word_1_135' title='bbox 2789 647 2897 709; x_wconf 85' lang='lat' dir='ltr'><strong>bis,</strong></span> <span class='ocrx_word' id='word_1_136' title='bbox 2923 661 3154 714; x_wconf 91' lang='lat' dir='ltr'><strong>quorum</strong></span> <span class='ocrx_word' id='word_1_137' title='bbox 3187 646 3364 702; x_wconf 80' lang='lat' dir='ltr'><strong>adhuc</strong></span> <span class='ocrx_word' id='word_1_138' title='bbox 3391 646 3666 715; x_wconf 76' lang='lat' dir='ltr'><strong>negotium</strong></span> <span class='ocrx_word' id='word_1_139' title='bbox 3695 645 3913 716; x_wconf 85' lang='lat' dir='ltr'><strong>pendet,</strong></span> <span class='ocrx_word' id='word_1_140' title='bbox 3959 647 4091 700; x_wconf 85' lang='lat' dir='ltr'><strong>nihil</strong></span> <span class='ocrx_word' id='word_1_141' title='bbox 4153 663 4310 718; x_wconf 55' lang='grc' dir='ltr'><strong>[ποτε</strong></span> 
     </span>
    </p>
   </div>
   <div class='ocr_carea' id='block_1_20' title="bbox 2700 735 4303 806">
    <p class='ocr_par' dir='ltr' id='par_1_20' title="bbox 2700 735 4303 806">
     <span class='ocr_line' id='line_1_20' title="bbox 2700 735 4303 806; baseline 0 -14"><span class='ocrx_word' id='word_1_142' title='bbox 2700 752 2792 792; x_wconf 88' lang='lat' dir='ltr'><strong>sus</strong></span> <span class='ocrx_word' id='word_1_143' title='bbox 2816 737 3092 804; x_wconf 83' lang='lat' dir='ltr'><strong>accipere;</strong></span> <span class='ocrx_word' id='word_1_144' title='bbox 3121 735 3189 790; x_wconf 91' lang='lat' dir='ltr'><strong>ab</strong></span> <span class='ocrx_word' id='word_1_145' title='bbox 3217 736 3302 791; x_wconf 75' lang='lat' dir='ltr'><strong>his</strong></span> <span class='ocrx_word' id='word_1_146' title='bbox 3323 745 3527 800; x_wconf 89' lang='lat' dir='ltr'><strong>autem,</strong></span> <span class='ocrx_word' id='word_1_147' title='bbox 3558 736 3649 804; x_wconf 90' lang='lat' dir='ltr'><strong>qui</strong></span> <span class='ocrx_word' id='word_1_148' title='bbox 3688 737 3911 790; x_wconf 91' lang='lat' dir='ltr'><strong>omnino</strong></span> <span class='ocrx_word' id='word_1_149' title='bbox 3957 737 4125 806; x_wconf 89' lang='lat' dir='ltr'><strong>quieti</strong></span> <span class='ocrx_word' id='word_1_150' title='bbox 4154 746 4303 804; x_wconf 88' lang='lat' dir='ltr'><strong>sunt,</strong></span> 
     </span>
    </p>
   </div>
   <div class='ocr_carea' id='block_1_21' title="bbox 2700 826 4303 899">
    <p class='ocr_par' dir='ltr' id='par_1_21' title="bbox 2700 826 4303 899">
     <span class='ocr_line' id='line_1_21' title="bbox 2700 826 4303 899; baseline 0.001 -17"><span class='ocrx_word' id='word_1_151' title='bbox 2700 829 2745 882; x_wconf 90' lang='lat' dir='ltr'><strong>si</strong></span> <span class='ocrx_word' id='word_1_152' title='bbox 2775 827 2906 882; x_wconf 88' lang='lat' dir='ltr'><strong>dare</strong></span> <span class='ocrx_word' id='word_1_153' title='bbox 2930 826 3220 888; x_wconf 90' lang='lat' dir='ltr'><strong>voluerint,</strong></span> <span class='ocrx_word' id='word_1_154' title='bbox 3248 841 3356 880; x_wconf 90' lang='lat' dir='ltr'><strong>non</strong></span> <span class='ocrx_word' id='word_1_155' title='bbox 3389 826 3654 893; x_wconf 85' lang='lat' dir='ltr'><strong>abjiccrc;</strong></span> <span class='ocrx_word' id='word_1_156' title='bbox 3713 837 3768 882; x_wconf 91' lang='lat' dir='ltr'><strong>et</strong></span> <span class='ocrx_word' id='word_1_157' title='bbox 3800 828 3914 882; x_wconf 62' lang='lat' dir='ltr'><strong>hac</strong></span> <span class='ocrx_word' id='word_1_158' title='bbox 3971 828 4156 899; x_wconf 84' lang='lat' dir='ltr'><strong>regula</strong></span> <span class='ocrx_word' id='word_1_159' title='bbox 4201 843 4303 884; x_wconf 85' lang='lat' dir='ltr'><strong>no-</strong></span> 
     </span>
    </p>
   </div>
   <div class='ocr_carea' id='block_1_22' title="bbox 2700 914 4296 987">
    <p class='ocr_par' dir='ltr' id='par_1_22' title="bbox 2700 914 4296 987">
     <span class='ocr_line' id='line_1_22' title="bbox 2700 914 4296 987; baseline 0.001 -16"><span class='ocrx_word' id='word_1_160' title='bbox 2700 926 2870 972; x_wconf 89' lang='lat' dir='ltr'><strong>strum</strong></span> <span class='ocrx_word' id='word_1_161' title='bbox 2895 915 3156 979; x_wconf 91' lang='lat' dir='ltr'><strong>omnium,</strong></span> <span class='ocrx_word' id='word_1_162' title='bbox 3186 914 3281 969; x_wconf 89' lang='lat' dir='ltr'><strong>sed</strong></span> <span class='ocrx_word' id='word_1_163' title='bbox 3310 915 3524 970; x_wconf 84' lang='lat' dir='ltr'><strong>illorum</strong></span> <span class='ocrx_word' id='word_1_164' title='bbox 3553 917 3818 971; x_wconf 79' lang='lat' dir='ltr'><strong>duntaxat</strong></span> <span class='ocrx_word' id='word_1_165' title='bbox 3843 926 3948 981; x_wconf 89' lang='lat' dir='ltr'><strong>est,</strong></span> <span class='ocrx_word' id='word_1_166' title='bbox 3972 917 4062 987; x_wconf 92' lang='lat' dir='ltr'><strong>qui</strong></span> <span class='ocrx_word' id='word_1_167' title='bbox 4099 917 4296 972; x_wconf 84' lang='lat' dir='ltr'><strong>meliu-</strong></span> 
     </span>
    </p>
   </div>
   <div class='ocr_carea' id='block_1_23' title="bbox 2699 1007 4302 1079">
    <p class='ocr_par' dir='ltr' id='par_1_23' title="bbox 2699 1007 4302 1079">
     <span class='ocr_line' id='line_1_23' title="bbox 2699 1007 4302 1079; baseline 0.001 -16"><span class='ocrx_word' id='word_1_168' title='bbox 2699 1010 2849 1063; x_wconf 84' lang='lat' dir='ltr'><strong>scule</strong></span> <span class='ocrx_word' id='word_1_169' title='bbox 2873 1024 2932 1063; x_wconf 89' lang='lat' dir='ltr'><strong>se</strong></span> <span class='ocrx_word' id='word_1_170' title='bbox 2958 1008 3027 1062; x_wconf 92' lang='lat' dir='ltr'><strong>ab</strong></span> <span class='ocrx_word' id='word_1_171' title='bbox 3073 1008 3331 1065; x_wconf 80' lang='lat' dir='ltr'><strong>aviditate</strong></span> <span class='ocrx_word' id='word_1_172' title='bbox 3369 1009 3701 1062; x_wconf 90' lang='lat' dir='ltr'><strong>custodiunt.</strong></span> <span class='ocrx_word' id='word_1_173' title='bbox 3746 1007 3885 1075; x_wconf 83' lang='lat' dir='ltr'><strong>Quid</strong></span> <span class='ocrx_word' id='word_1_174' title='bbox 3927 1008 4118 1079; x_wconf 82' lang='lat' dir='ltr'><strong>plura?</strong></span> <span class='ocrx_word' id='word_1_175' title='bbox 4158 1009 4302 1065; x_wconf 82' lang='lat' dir='ltr'><strong>Con-</strong></span> 
     </span>
    </p>
   </div>
   <div class='ocr_carea' id='block_1_24' title="bbox 2700 1099 4306 1168">
    <p class='ocr_par' dir='ltr' id='par_1_24' title="bbox 2700 1099 4306 1168">
     <span class='ocr_line' id='line_1_24' title="bbox 2700 1099 4306 1168; baseline 0.001 -14"><span class='ocrx_word' id='word_1_176' title='bbox 2700 1099 2913 1154; x_wconf 86' lang='lat' dir='ltr'><strong>venitur</strong></span> <span class='ocrx_word' id='word_1_177' title='bbox 2941 1100 3007 1153; x_wconf 89' lang='lat' dir='ltr'><strong>ad</strong></span> <span class='ocrx_word' id='word_1_178' title='bbox 3030 1113 3317 1153; x_wconf 89' lang='lat' dir='ltr'><strong>commune</strong></span> <span class='ocrx_word' id='word_1_179' title='bbox 3349 1099 3698 1168; x_wconf 87' lang='lat' dir='ltr'><strong>colloquium,</strong></span> <span class='ocrx_word' id='word_1_180' title='bbox 3731 1116 3829 1155; x_wconf 92' lang='lat' dir='ltr'><strong>cur</strong></span> <span class='ocrx_word' id='word_1_181' title='bbox 3859 1101 4059 1154; x_wconf 80' lang='lat' dir='ltr'><strong>denum</strong></span> <span class='ocrx_word' id='word_1_182' title='bbox 4092 1102 4163 1155; x_wconf 89' lang='lat' dir='ltr'><strong>sit</strong></span> <span class='ocrx_word' id='word_1_183' title='bbox 4194 1100 4306 1156; x_wconf 89' lang='lat' dir='ltr'><strong>lar-</strong></span> 
     </span>
    </p>
   </div>
   <div class='ocr_carea' id='block_1_25' title="bbox 2700 1190 4296 1259">
    <p class='ocr_par' dir='ltr' id='par_1_25' title="bbox 2700 1190 4296 1259">
     <span class='ocr_line' id='line_1_25' title="bbox 2700 1190 4296 1259; baseline 0.002 -15"><span class='ocrx_word' id='word_1_184' title='bbox 2700 1191 2864 1259; x_wconf 78' lang='lat' dir='ltr'><strong>gitus,</strong></span> <span class='ocrx_word' id='word_1_185' title='bbox 2898 1190 3218 1259; x_wconf 75' lang='lat' dir='ltr'><strong>inquiritur;</strong></span> <span class='ocrx_word' id='word_1_186' title='bbox 3244 1200 3426 1245; x_wconf 91' lang='lat' dir='ltr'><strong>utrum</strong></span> <span class='ocrx_word' id='word_1_187' title='bbox 3452 1207 3674 1246; x_wconf 77' lang='lat' dir='ltr'><strong>causam</strong></span> <span class='ocrx_word' id='word_1_188' title='bbox 3705 1193 3925 1255; x_wconf 76' lang='lat' dir='ltr'><strong>habeat,</strong></span> <span class='ocrx_word' id='word_1_189' title='bbox 3958 1193 4296 1248; x_wconf 82' lang='lat' dir='ltr'><strong>sciscitatur.</strong></span> 
     </span>
    </p>
   </div>
   <div class='ocr_carea' id='block_1_26' title="bbox 2701 1283 4302 1356">
    <p class='ocr_par' dir='ltr' id='par_1_26' title="bbox 2701 1283 4302 1356">
     <span class='ocr_line' id='line_1_26' title="bbox 2701 1283 4302 1356; baseline 0.001 -18"><span class='ocrx_word' id='word_1_190' title='bbox 2701 1283 2955 1356; x_wconf 91' lang='lat' dir='ltr'><strong>Undique</strong></span> <span class='ocrx_word' id='word_1_191' title='bbox 2994 1283 3214 1354; x_wconf 86' lang='lat' dir='ltr'><strong>quietus</strong></span> <span class='ocrx_word' id='word_1_192' title='bbox 3243 1298 3309 1338; x_wconf 79' lang='lat' dir='ltr'><strong>ex</strong></span> <span class='ocrx_word' id='word_1_193' title='bbox 3341 1285 3486 1338; x_wconf 90' lang='lat' dir='ltr'><strong>omni</strong></span> <span class='ocrx_word' id='word_1_194' title='bbox 3541 1286 3812 1354; x_wconf 73' lang='lat' dir='ltr'><strong>reperitur</strong></span> <span class='ocrx_word' id='word_1_195' title='bbox 3855 1295 4013 1354; x_wconf 87' lang='lat' dir='ltr'><strong>parte</strong></span> <span class='ocrx_word' id='word_1_196' title='bbox 4055 1300 4302 1350; x_wconf 78' lang='lat' dir='ltr'><strong>securus,</strong></span> 
     </span>
    </p>
   </div>
   <div class='ocr_carea' id='block_1_27' title="bbox 2701 1375 4304 1447">
    <p class='ocr_par' dir='ltr' id='par_1_27' title="bbox 2701 1375 4304 1447">
     <span class='ocr_line' id='line_1_27' title="bbox 2701 1375 4304 1447; baseline 0 -17"><span class='ocrx_word' id='word_1_197' title='bbox 2701 1376 2774 1430; x_wconf 86' lang='lat' dir='ltr'><strong>ita</strong></span> <span class='ocrx_word' id='word_1_198' title='bbox 2800 1383 2858 1428; x_wconf 91' lang='lat' dir='ltr'><strong>ut</strong></span> <span class='ocrx_word' id='word_1_199' title='bbox 2882 1389 2939 1428; x_wconf 87' lang='lat' dir='ltr'><strong>re</strong></span> <span class='ocrx_word' id='word_1_200' title='bbox 2977 1375 3092 1443; x_wconf 90' lang='lat' dir='ltr'><strong>ipsa</strong></span> <span class='ocrx_word' id='word_1_201' title='bbox 3118 1375 3453 1444; x_wconf 89' lang='lat' dir='ltr'><strong>respondere</strong></span> <span class='ocrx_word' id='word_1_202' title='bbox 3477 1375 3756 1429; x_wconf 86' lang='lat' dir='ltr'><strong>videretur</strong></span> <span class='ocrx_word' id='word_1_203' title='bbox 3789 1391 3803 1429; x_wconf 89' lang='lat'><strong>:</strong></span> <span class='ocrx_word' id='word_1_204' title='bbox 3829 1375 3884 1429; x_wconf 87' lang='lat' dir='ltr'><strong>in</strong></span> <span class='ocrx_word' id='word_1_205' title='bbox 3916 1376 4094 1436; x_wconf 83' lang='lat' dir='ltr'><strong>medio</strong></span> <span class='ocrx_word' id='word_1_206' title='bbox 4121 1375 4304 1447; x_wconf 82' lang='lat' dir='ltr'><strong>populi</strong></span> 
     </span>
    </p>
   </div>
   <div class='ocr_carea' id='block_1_28' title="bbox 2700 1465 4302 1535">
    <p class='ocr_par' dir='ltr' id='par_1_28' title="bbox 2700 1465 4302 1535">
     <span class='ocr_line' id='line_1_28' title="bbox 2700 1465 4302 1535; baseline 0.002 -15"><span class='ocrx_word' id='word_1_207' title='bbox 2700 1467 2805 1520; x_wconf 87' lang='lat' dir='ltr'><strong>mei</strong></span> <span class='ocrx_word' id='word_1_208' title='bbox 2835 1465 3258 1528; x_wconf 77' lang='lat' dir='ltr'><strong>habito;adliuc</strong></span> <span class='ocrx_word' id='word_1_209' title='bbox 3289 1478 3466 1522; x_wconf 88' lang='lat' dir='ltr'><strong>tamen</strong></span> <span class='ocrx_word' id='word_1_210' title='bbox 3523 1468 3746 1535; x_wconf 41' lang='lat' dir='ltr'><strong>quaesivi</strong></span> <span class='ocrx_word' id='word_1_211' title='bbox 3796 1477 3998 1533; x_wconf 90' lang='lat' dir='ltr'><strong>utrum,</strong></span> <span class='ocrx_word' id='word_1_212' title='bbox 4056 1469 4181 1522; x_wconf 92' lang='lat' dir='ltr'><strong>dum</strong></span> <span class='ocrx_word' id='word_1_213' title='bbox 4231 1467 4302 1523; x_wconf 84' lang='lat' dir='ltr'><strong>ad</strong></span> 
     </span>
    </p>
   </div>
   <div class='ocr_carea' id='block_1_29' title="bbox 2699 1557 4308 1628">
    <p class='ocr_par' dir='ltr' id='par_1_29' title="bbox 2699 1557 4308 1628">
     <span class='ocr_line' id='line_1_29' title="bbox 2699 1557 4308 1628; baseline 0.001 -17"><span class='ocrx_word' id='word_1_214' title='bbox 2699 1557 3099 1612; x_wconf 89' lang='lat' dir='ltr'><strong>ecclesiasticos</strong></span> <span class='ocrx_word' id='word_1_215' title='bbox 3118 1557 3315 1628; x_wconf 87' lang='lat' dir='ltr'><strong>gradus</strong></span> <span class='ocrx_word' id='word_1_216' title='bbox 3332 1559 3677 1622; x_wconf 89' lang='lat' dir='ltr'><strong>ascenderet,</strong></span> <span class='ocrx_word' id='word_1_217' title='bbox 3703 1560 3818 1613; x_wconf 82' lang='lat' dir='ltr'><strong>sive</strong></span> <span class='ocrx_word' id='word_1_218' title='bbox 3839 1574 3960 1613; x_wconf 91' lang='lat' dir='ltr'><strong>cum</strong></span> <span class='ocrx_word' id='word_1_219' title='bbox 3987 1557 4308 1613; x_wconf 80' lang='lat' dir='ltr'><strong>monasterii</strong></span> 
     </span>
    </p>
   </div>
   <div class='ocr_carea' id='block_1_30' title="bbox 2701 1652 4304 1722">
    <p class='ocr_par' dir='ltr' id='par_1_30' title="bbox 2701 1652 4304 1722">
     <span class='ocr_line' id='line_1_30' title="bbox 2701 1652 4304 1722; baseline 0.002 -18"><span class='ocrx_word' id='word_1_220' title='bbox 2701 1652 2940 1722; x_wconf 81' lang='lat' dir='ltr'><strong>regimen</strong></span> <span class='ocrx_word' id='word_1_221' title='bbox 2973 1653 3320 1720; x_wconf 81' lang='lat' dir='ltr'><strong>suscepisset.</strong></span> <span class='ocrx_word' id='word_1_222' title='bbox 3348 1652 3659 1707; x_wconf 88' lang='lat' dir='ltr'><strong>venalitatis</strong></span> <span class='ocrx_word' id='word_1_223' title='bbox 3711 1652 3852 1706; x_wconf 80' lang='lat' dir='ltr'><strong>forte</strong></span> <span class='ocrx_word' id='word_1_224' title='bbox 3907 1653 4304 1707; x_wconf 85' lang='lat' dir='ltr'><strong>commercium</strong></span> 
     </span>
    </p>
   </div>
   <div class='ocr_carea' id='block_1_31' title="bbox 2702 1740 4304 1812">
    <p class='ocr_par' dir='ltr' id='par_1_31' title="bbox 2702 1740 4304 1812">
     <span class='ocr_line' id='line_1_31' title="bbox 2702 1740 4304 1812; baseline 0.001 -16"><span class='ocrx_word' id='word_1_225' title='bbox 2702 1741 2985 1811; x_wconf 90' lang='lat' dir='ltr'><strong>irrepsisse</strong></span> <span class='ocrx_word' id='word_1_226' title='bbox 3017 1752 3392 1812; x_wconf 77' lang='lat' dir='ltr'><strong>cognosceret.</strong></span> <span class='ocrx_word' id='word_1_227' title='bbox 3429 1742 3675 1811; x_wconf 88' lang='lat' dir='ltr'><strong>Cumque</strong></span> <span class='ocrx_word' id='word_1_228' title='bbox 3699 1745 3815 1804; x_wconf 71' lang='lat' dir='ltr'><strong>lucc</strong></span> <span class='ocrx_word' id='word_1_229' title='bbox 3839 1743 4021 1797; x_wconf 85' lang='lat' dir='ltr'><strong>omnia</strong></span> <span class='ocrx_word' id='word_1_230' title='bbox 4053 1743 4142 1797; x_wconf 88' lang='lat' dir='ltr'><strong>ille</strong></span> <span class='ocrx_word' id='word_1_231' title='bbox 4176 1740 4304 1798; x_wconf 42' lang='lat' dir='ltr'><strong>fuit-&#39;-</strong></span> 
     </span>
    </p>
   </div>
   <div class='ocr_carea' id='block_1_32' title="bbox 997 1819 4308 1902">
    <p class='ocr_par' dir='ltr' id='par_1_32' title="bbox 997 1819 4308 1902">
     <span class='ocr_line' id='line_1_32' title="bbox 997 1819 4308 1902; baseline 0.002 -22"><span class='ocrx_word' id='word_1_232' title='bbox 997 1838 1214 1883; x_wconf 84' lang='lat' dir='ltr'><strong>veteres</strong></span> <span class='ocrx_word' id='word_1_233' title='bbox 1243 1829 1606 1899; x_wconf 90' lang='lat' dir='ltr'><strong>deponuntur,</strong></span> <span class='ocrx_word' id='word_1_234' title='bbox 1639 1831 1763 1900; x_wconf 89' lang='lat' dir='ltr'><strong>quia</strong></span> <span class='ocrx_word' id='word_1_235' title='bbox 1818 1846 1885 1885; x_wconf 91' lang='lat' dir='ltr'><strong>ne</strong></span> <span class='ocrx_word' id='word_1_236' title='bbox 1930 1831 2112 1884; x_wconf 89' lang='lat' dir='ltr'><strong>divina</strong></span> <span class='ocrx_word' id='word_1_237' title='bbox 2166 1840 2434 1901; x_wconf 70' lang='lat' dir='ltr'><strong>prmcepta</strong></span> <span class='ocrx_word' id='word_1_238' title='bbox 2498 1847 2596 1886; x_wconf 84' lang='lat' dir='ltr'><strong>nos</strong></span> <span class='ocrx_word' id='word_1_239' title='bbox 2632 1819 2672 1876; x_wconf 74' lang='grc' dir='ltr'><strong>Β</strong></span> <span class='ocrx_word' id='word_1_240' title='bbox 2703 1832 2845 1887; x_wconf 90' lang='lat' dir='ltr'><strong>ditus</strong></span> <span class='ocrx_word' id='word_1_241' title='bbox 2878 1832 3220 1902; x_wconf 83' lang='lat' dir='ltr'><strong>abnegasset,</strong></span> <span class='ocrx_word' id='word_1_242' title='bbox 3253 1844 3308 1887; x_wconf 93' lang='lat' dir='ltr'><strong>et</strong></span> <span class='ocrx_word' id='word_1_243' title='bbox 3334 1850 3437 1886; x_wconf 90' lang='lat' dir='ltr'><strong>non</strong></span> <span class='ocrx_word' id='word_1_244' title='bbox 3474 1849 3572 1902; x_wconf 91' lang='lat' dir='ltr'><strong>pro</strong></span> <span class='ocrx_word' id='word_1_245' title='bbox 3602 1834 3801 1888; x_wconf 85' lang='lat' dir='ltr'><strong>talibus</strong></span> <span class='ocrx_word' id='word_1_246' title='bbox 3850 1850 3908 1888; x_wconf 92' lang='lat' dir='ltr'><strong>se</strong></span> <span class='ocrx_word' id='word_1_247' title='bbox 3943 1833 4158 1889; x_wconf 90' lang='lat' dir='ltr'><strong>dedisse</strong></span> <span class='ocrx_word' id='word_1_248' title='bbox 4190 1849 4308 1888; x_wconf 89' lang='lat' dir='ltr'><strong>nnt-</strong></span> 
     </span>
    </p>
   </div>
   <div class='ocr_carea' id='block_1_33' title="bbox 1000 1921 2583 1989">
    <p class='ocr_par' dir='ltr' id='par_1_33' title="bbox 1000 1921 2583 1989">
     <span class='ocr_line' id='line_1_33' title="bbox 1000 1921 2583 1989; baseline 0.003 -17"><span class='ocrx_word' id='word_1_249' title='bbox 1000 1927 1270 1981; x_wconf 88' lang='lat' dir='ltr'><strong>terreant,</strong></span> <span class='ocrx_word' id='word_1_250' title='bbox 1303 1921 1651 1989; x_wconf 88' lang='lat' dir='ltr'><strong>antiquorum</strong></span> <span class='ocrx_word' id='word_1_251' title='bbox 1687 1922 1904 1975; x_wconf 90' lang='lat' dir='ltr'><strong>Patrum</strong></span> <span class='ocrx_word' id='word_1_252' title='bbox 1935 1937 2032 1976; x_wconf 91' lang='lat' dir='ltr'><strong>nos</strong></span> <span class='ocrx_word' id='word_1_253' title='bbox 2061 1922 2309 1989; x_wconf 80' lang='lat' dir='ltr'><strong>exempla</strong></span> <span class='ocrx_word' id='word_1_254' title='bbox 2361 1923 2583 1976; x_wconf 90' lang='lat' dir='ltr'><strong>confor-</strong></span> 
     </span>
    </p>
   </div>
   <div class='ocr_carea' id='block_1_34' title="bbox 999 2013 2601 2083">
    <p class='ocr_par' dir='ltr' id='par_1_34' title="bbox 999 2013 2601 2083">
     <span class='ocr_line' id='line_1_34' title="bbox 999 2013 2601 2083; baseline 0.004 -21"><span class='ocrx_word' id='word_1_255' title='bbox 999 2017 1142 2074; x_wconf 87' lang='lat' dir='ltr'><strong>tant,</strong></span> <span class='ocrx_word' id='word_1_256' title='bbox 1166 2020 1225 2065; x_wconf 93' lang='lat' dir='ltr'><strong>ut</strong></span> <span class='ocrx_word' id='word_1_257' title='bbox 1246 2025 1310 2064; x_wconf 81' lang='lat' dir='ltr'><strong>ex</strong></span> <span class='ocrx_word' id='word_1_258' title='bbox 1336 2027 1521 2066; x_wconf 91' lang='lat' dir='ltr'><strong>eorum</strong></span> <span class='ocrx_word' id='word_1_259' title='bbox 1548 2028 1645 2067; x_wconf 92' lang='lat' dir='ltr'><strong>nos</strong></span> <span class='ocrx_word' id='word_1_260' title='bbox 1671 2014 2075 2083; x_wconf 89' lang='lat' dir='ltr'><strong>comparatione</strong></span> <span class='ocrx_word' id='word_1_261' title='bbox 2100 2013 2280 2068; x_wconf 81' lang='lat' dir='ltr'><strong>facere</strong></span> <span class='ocrx_word' id='word_1_262' title='bbox 2303 2029 2601 2082; x_wconf 60' lang='lat' dir='ltr'><strong>presuma-</strong></span> 
     </span>
    </p>
   </div>
   <div class='ocr_carea' id='block_1_35' title="bbox 997 2103 2446 2179">
    <p class='ocr_par' dir='ltr' id='par_1_35' title="bbox 997 2103 2446 2179">
     <span class='ocr_line' id='line_1_35' title="bbox 997 2103 2446 2179; baseline 0.001 -25"><span class='ocrx_word' id='word_1_263' title='bbox 997 2117 1141 2170; x_wconf 69' lang='lat' dir='ltr'><strong>pius,</strong></span> <span class='ocrx_word' id='word_1_264' title='bbox 1180 2103 1323 2179; x_wconf 85' lang='lat' dir='ltr'><strong>quod</strong></span> <span class='ocrx_word' id='word_1_265' title='bbox 1357 2117 1422 2157; x_wconf 80' lang='lat' dir='ltr'><strong>ex</strong></span> <span class='ocrx_word' id='word_1_266' title='bbox 1453 2112 1636 2160; x_wconf 88' lang='lat' dir='ltr'><strong>nostra</strong></span> <span class='ocrx_word' id='word_1_267' title='bbox 1663 2103 2038 2159; x_wconf 85' lang='lat' dir='ltr'><strong>imbecillitate</strong></span> <span class='ocrx_word' id='word_1_268' title='bbox 2065 2103 2446 2159; x_wconf 83' lang='lat' dir='ltr'><strong>formidamus.</strong></span> 
     </span>
    </p>
   </div>
   <div class='ocr_carea' id='block_1_36' title="bbox 1617 2219 1960 2276">
    <p class='ocr_par' dir='ltr' id='par_1_36' title="bbox 1617 2219 1960 2276">
     <span class='ocr_line' id='line_1_36' title="bbox 1617 2219 1960 2276; baseline -0.012 0"><span class='ocrx_word' id='word_1_269' title='bbox 1617 2219 1844 2276; x_wconf 84' lang='lat' dir='ltr'><strong>CAPUT</strong></span> <span class='ocrx_word' id='word_1_270' title='bbox 1879 2219 1960 2274; x_wconf 90' lang='lat' dir='ltr'><strong>Ill.</strong></span> 
     </span>
    </p>
   </div>
   <div class='ocr_carea' id='block_1_37' title="bbox 997 2308 2598 2392">
    <p class='ocr_par' dir='ltr' id='par_1_37' title="bbox 997 2308 2598 2392">
     <span class='ocr_line' id='line_1_37' title="bbox 997 2308 2598 2392; baseline -0.004 -25"><span class='ocrx_word' id='word_1_271' title='bbox 997 2312 1156 2379; x_wconf 83' lang='lat' dir='ltr'><strong>Quod</strong></span> <span class='ocrx_word' id='word_1_272' title='bbox 1187 2313 1520 2382; x_wconf 82' lang='lat' dir='ltr'><strong>gaudendum</strong></span> <span class='ocrx_word' id='word_1_273' title='bbox 1547 2313 1613 2367; x_wconf 83' lang='lat' dir='ltr'><strong>sit</strong></span> <span class='ocrx_word' id='word_1_274' title='bbox 1651 2313 1704 2365; x_wconf 83' lang='lat' dir='ltr'><strong>in</strong></span> <span class='ocrx_word' id='word_1_275' title='bbox 1749 2312 2003 2392; x_wconf 66' lang='lat' dir='ltr'><strong>adrenis,</strong></span> <span class='ocrx_word' id='word_1_276' title='bbox 2055 2309 2341 2363; x_wconf 81' lang='lat' dir='ltr'><strong>timendum</strong></span> <span class='ocrx_word' id='word_1_277' title='bbox 2381 2308 2433 2361; x_wconf 82' lang='lat' dir='ltr'><strong>in</strong></span> <span class='ocrx_word' id='word_1_278' title='bbox 2479 2323 2598 2377; x_wconf 78' lang='lat' dir='ltr'><strong>pro-</strong></span> 
     </span>
    </p>
   </div>
   <div class='ocr_carea' id='block_1_38' title="bbox 1706 2399 1890 2452">
    <p class='ocr_par' dir='ltr' id='par_1_38' title="bbox 1706 2399 1890 2452">
     <span class='ocr_line' id='line_1_38' title="bbox 1706 2399 1890 2452; baseline -0.005 -17"><span class='ocrx_word' id='word_1_279' title='bbox 1706 2399 1890 2452; x_wconf 77' lang='lat' dir='ltr'><strong>spem.</strong></span> 
     </span>
    </p>
   </div>
   <div class='ocr_carea' id='block_1_39' title="bbox 1067 2466 2596 2542">
    <p class='ocr_par' dir='ltr' id='par_1_39' title="bbox 1067 2466 2596 2542">
     <span class='ocr_line' id='line_1_39' title="bbox 1067 2466 2596 2542; baseline -0.005 -15"><span class='ocrx_word' id='word_1_280' title='bbox 1067 2473 1124 2527; x_wconf 86' lang='lat' dir='ltr'><strong>Si</strong></span> <span class='ocrx_word' id='word_1_281' title='bbox 1164 2487 1294 2542; x_wconf 91' lang='lat' dir='ltr'><strong>ergo</strong></span> <span class='ocrx_word' id='word_1_282' title='bbox 1338 2487 1436 2526; x_wconf 88' lang='lat' dir='ltr'><strong>nos</strong></span> <span class='ocrx_word' id='word_1_283' title='bbox 1476 2471 1542 2525; x_wconf 91' lang='lat' dir='ltr'><strong>de</strong></span> <span class='ocrx_word' id='word_1_284' title='bbox 1570 2471 1673 2526; x_wconf 87' lang='lat' dir='ltr'><strong>hoc</strong></span> <span class='ocrx_word' id='word_1_285' title='bbox 1698 2470 1965 2540; x_wconf 83' lang='lat' dir='ltr'><strong>profundo</strong></span> <span class='ocrx_word' id='word_1_286' title='bbox 1996 2468 2304 2523; x_wconf 88' lang='lat' dir='ltr'><strong>tribulantis</strong></span> <span class='ocrx_word' id='word_1_287' title='bbox 2337 2467 2460 2520; x_wconf 59' lang='lat' dir='ltr'><strong>vitae</strong></span> <span class='ocrx_word' id='word_1_288' title='bbox 2521 2466 2596 2519; x_wconf 78' lang='lat' dir='ltr'><strong>le-</strong></span> 
     </span>
    </p>
   </div>
   <div class='ocr_carea' id='block_1_40' title="bbox 991 2557 2596 2631">
    <p class='ocr_par' dir='ltr' id='par_1_40' title="bbox 991 2557 2596 2631">
     <span class='ocr_line' id='line_1_40' title="bbox 991 2557 2596 2631; baseline -0.004 -13"><span class='ocrx_word' id='word_1_289' title='bbox 991 2580 1124 2618; x_wconf 89' lang='lat' dir='ltr'><strong>vare</strong></span> <span class='ocrx_word' id='word_1_290' title='bbox 1153 2564 1489 2627; x_wconf 84' lang='lat' dir='ltr'><strong>festinamus,</strong></span> <span class='ocrx_word' id='word_1_291' title='bbox 1520 2562 1748 2631; x_wconf 87' lang='lat' dir='ltr'><strong>ligemur</strong></span> <span class='ocrx_word' id='word_1_292' title='bbox 1779 2561 2020 2624; x_wconf 80' lang='lat' dir='ltr'><strong>funibus,</strong></span> <span class='ocrx_word' id='word_1_293' title='bbox 2073 2561 2127 2614; x_wconf 94' lang='lat' dir='ltr'><strong>id</strong></span> <span class='ocrx_word' id='word_1_294' title='bbox 2181 2569 2264 2613; x_wconf 91' lang='lat' dir='ltr'><strong>est</strong></span> <span class='ocrx_word' id='word_1_295' title='bbox 2311 2557 2596 2628; x_wconf 64' lang='lat' dir='ltr'><strong>praeceptis</strong></span> 
     </span>
    </p>
   </div>
   <div class='ocr_carea' id='block_1_41' title="bbox 992 2648 2597 2721">
    <p class='ocr_par' dir='ltr' id='par_1_41' title="bbox 992 2648 2597 2721">
     <span class='ocr_line' id='line_1_41' title="bbox 992 2648 2597 2721; baseline -0.004 -13"><span class='ocrx_word' id='word_1_296' title='bbox 992 2653 1291 2708; x_wconf 87' lang='lat' dir='ltr'><strong>Dominicis</strong></span> <span class='ocrx_word' id='word_1_297' title='bbox 1348 2653 1730 2721; x_wconf 87' lang='lat' dir='ltr'><strong>astringamur.</strong></span> <span class='ocrx_word' id='word_1_298' title='bbox 1786 2651 2044 2704; x_wconf 84' lang='lat' dir='ltr'><strong>intersint</strong></span> <span class='ocrx_word' id='word_1_299' title='bbox 2095 2649 2261 2703; x_wconf 89' lang='lat' dir='ltr'><strong>etiam</strong></span> <span class='ocrx_word' id='word_1_300' title='bbox 2297 2648 2461 2717; x_wconf 92' lang='lat' dir='ltr'><strong>panni</strong></span> <span class='ocrx_word' id='word_1_301' title='bbox 2504 2662 2597 2701; x_wconf 82' lang='lat' dir='ltr'><strong>ve-</strong></span> 
     </span>
    </p>
   </div>
   <div class='ocr_carea' id='block_1_42' title="bbox 994 2739 2588 2814">
    <p class='ocr_par' dir='ltr' id='par_1_42' title="bbox 994 2739 2588 2814">
     <span class='ocr_line' id='line_1_42' title="bbox 994 2739 2588 2814; baseline -0.006 -13"><span class='ocrx_word' id='word_1_302' title='bbox 994 2754 1164 2810; x_wconf 85' lang='lat' dir='ltr'><strong>teres,</strong></span> <span class='ocrx_word' id='word_1_303' title='bbox 1201 2761 1323 2800; x_wconf 90' lang='lat' dir='ltr'><strong>cum</strong></span> <span class='ocrx_word' id='word_1_304' title='bbox 1352 2747 1546 2814; x_wconf 89' lang='lat' dir='ltr'><strong>quibus</strong></span> <span class='ocrx_word' id='word_1_305' title='bbox 1582 2744 1776 2798; x_wconf 87' lang='lat' dir='ltr'><strong>melius</strong></span> <span class='ocrx_word' id='word_1_306' title='bbox 1812 2751 2098 2797; x_wconf 89' lang='lat' dir='ltr'><strong>teneantur</strong></span> <span class='ocrx_word' id='word_1_307' title='bbox 2145 2741 2322 2804; x_wconf 79' lang='lat' dir='ltr'><strong>funes,</strong></span> <span class='ocrx_word' id='word_1_308' title='bbox 2379 2739 2429 2794; x_wconf 87' lang='lat' dir='ltr'><strong>id</strong></span> <span class='ocrx_word' id='word_1_309' title='bbox 2485 2749 2588 2802; x_wconf 89' lang='lat' dir='ltr'><strong>est,</strong></span> 
     </span>
    </p>
   </div>
   <div class='ocr_carea' id='block_1_43' title="bbox 992 2822 2593 2906">
    <p class='ocr_par' dir='ltr' id='par_1_43' title="bbox 992 2822 2593 2906">
     <span class='ocr_line' id='line_1_43' title="bbox 992 2822 2593 2906; baseline -0.004 -16"><span class='ocrx_word' id='word_1_310' title='bbox 992 2836 1410 2906; x_wconf 64' lang='lat' dir='ltr'><strong>praecedentium</strong></span> <span class='ocrx_word' id='word_1_311' title='bbox 1455 2834 1826 2889; x_wconf 90' lang='lat' dir='ltr'><strong>confortemur</strong></span> <span class='ocrx_word' id='word_1_312' title='bbox 1875 2833 2138 2902; x_wconf 84' lang='lat' dir='ltr'><strong>exemplis</strong></span> <span class='ocrx_word' id='word_1_313' title='bbox 2169 2875 2183 2897; x_wconf 94' lang='lat'><strong>,</strong></span> <span class='ocrx_word' id='word_1_314' title='bbox 2230 2847 2297 2884; x_wconf 91' lang='lat' dir='ltr'><strong>ne</strong></span> <span class='ocrx_word' id='word_1_315' title='bbox 2347 2822 2593 2884; x_wconf 83' lang='lat' dir='ltr'><strong>inﬁrmos</strong></span> 
     </span>
    </p>
   </div>
   <div class='ocr_carea' id='block_1_44' title="bbox 991 2920 2593 2998">
    <p class='ocr_par' dir='ltr' id='par_1_44' title="bbox 991 2920 2593 2998">
     <span class='ocr_line' id='line_1_44' title="bbox 991 2920 2593 2998; baseline -0.005 -17"><span class='ocrx_word' id='word_1_316' title='bbox 991 2941 1094 2981; x_wconf 81' lang='lat' dir='ltr'><strong>nos</strong></span> <span class='ocrx_word' id='word_1_317' title='bbox 1133 2941 1196 2981; x_wconf 91' lang='lat' dir='ltr'><strong>ac</strong></span> <span class='ocrx_word' id='word_1_318' title='bbox 1251 2925 1795 2998; x_wconf 27' lang='lat' dir='ltr'><strong>timidos‘preecepta</strong></span> <span class='ocrx_word' id='word_1_319' title='bbox 1836 2923 2056 2977; x_wconf 90' lang='lat' dir='ltr'><strong>subtilia</strong></span> <span class='ocrx_word' id='word_1_320' title='bbox 2109 2922 2415 2984; x_wconf 86' lang='lat' dir='ltr'><strong>vulnerent,</strong></span> <span class='ocrx_word' id='word_1_321' title='bbox 2464 2920 2593 2974; x_wconf 91' lang='lat' dir='ltr'><strong>dum</strong></span> 
     </span>
    </p>
   </div>
   <div class='ocr_carea' id='block_1_45' title="bbox 991 2994 2592 3087">
    <p class='ocr_par' dir='ltr' id='par_1_45' title="bbox 991 2994 2592 3087">
     <span class='ocr_line' id='line_1_45' title="bbox 991 2994 2592 3087; baseline -0.002 -16"><span class='ocrx_word' id='word_1_322' title='bbox 991 3016 1192 3072; x_wconf 87' lang='lat' dir='ltr'><strong>levant.</strong></span> <span class='ocrx_word' id='word_1_323' title='bbox 1236 3018 1401 3084; x_wconf 83' lang='lat' dir='ltr'><strong>Quasi</strong></span> <span class='ocrx_word' id='word_1_324' title='bbox 1428 2994 1690 3087; x_wconf 50' lang='lat' dir='ltr'><strong>qn‘osdam</strong></span> <span class='ocrx_word' id='word_1_325' title='bbox 1720 3032 1925 3087; x_wconf 90' lang='lat' dir='ltr'><strong>pannos</strong></span> <span class='ocrx_word' id='word_1_326' title='bbox 1955 3026 2165 3070; x_wconf 86' lang='lat' dir='ltr'><strong>veteres</strong></span> <span class='ocrx_word' id='word_1_327' title='bbox 2216 3014 2418 3068; x_wconf 85' lang='lat' dir='ltr'><strong>Paulus</strong></span> <span class='ocrx_word' id='word_1_328' title='bbox 2460 3029 2592 3083; x_wconf 91' lang='lat' dir='ltr'><strong>apo-</strong></span> 
     </span>
    </p>
   </div>
   <div class='ocr_carea' id='block_1_46' title="bbox 991 3105 2590 3178">
    <p class='ocr_par' dir='ltr' id='par_1_46' title="bbox 991 3105 2590 3178">
     <span class='ocr_line' id='line_1_46' title="bbox 991 3105 2590 3178; baseline -0.001 -16"><span class='ocrx_word' id='word_1_329' title='bbox 991 3107 1167 3165; x_wconf 88' lang='lat' dir='ltr'><strong>stolus</strong></span> <span class='ocrx_word' id='word_1_330' title='bbox 1196 3105 1572 3178; x_wconf 65' lang='lat' dir='ltr'><strong>sultjnngebat,</strong></span> <span class='ocrx_word' id='word_1_331' title='bbox 1618 3123 1740 3161; x_wconf 91' lang='lat' dir='ltr'><strong>cum</strong></span> <span class='ocrx_word' id='word_1_332' title='bbox 1783 3107 1850 3160; x_wconf 90' lang='lat' dir='ltr'><strong>ad</strong></span> <span class='ocrx_word' id='word_1_333' title='bbox 1884 3106 2241 3160; x_wconf 76' lang='lat' dir='ltr'><strong>sublevandos</strong></span> <span class='ocrx_word' id='word_1_334' title='bbox 2296 3105 2590 3174; x_wconf 89' lang='lat' dir='ltr'><strong>discipulos</strong></span> 
     </span>
    </p>
   </div>
   <div class='ocr_carea' id='block_1_47' title="bbox 2701 1923 4297 1987">
    <p class='ocr_par' dir='ltr' id='par_1_47' title="bbox 2701 1923 4297 1987">
     <span class='ocr_line' id='line_1_47' title="bbox 2701 1923 4297 1987; baseline 0.001 -11"><span class='ocrx_word' id='word_1_335' title='bbox 2701 1939 2800 1976; x_wconf 90' lang='lat' dir='ltr'><strong>nus</strong></span> <span class='ocrx_word' id='word_1_336' title='bbox 2828 1931 3119 1986; x_wconf 88' lang='lat' dir='ltr'><strong>astrueret,</strong></span> <span class='ocrx_word' id='word_1_337' title='bbox 3145 1923 3238 1979; x_wconf 90' lang='lat' dir='ltr'><strong>sed</strong></span> <span class='ocrx_word' id='word_1_338' title='bbox 3268 1925 3338 1978; x_wconf 90' lang='lat' dir='ltr'><strong>ob</strong></span> <span class='ocrx_word' id='word_1_339' title='bbox 3371 1925 3474 1978; x_wconf 87' lang='lat' dir='ltr'><strong>hoc</strong></span> <span class='ocrx_word' id='word_1_340' title='bbox 3501 1925 3696 1987; x_wconf 89' lang='lat' dir='ltr'><strong>solum,</strong></span> <span class='ocrx_word' id='word_1_341' title='bbox 3732 1934 3789 1978; x_wconf 89' lang='lat' dir='ltr'><strong>ut</strong></span> <span class='ocrx_word' id='word_1_342' title='bbox 3821 1925 3872 1978; x_wconf 95' lang='lat' dir='ltr'><strong>in</strong></span> <span class='ocrx_word' id='word_1_343' title='bbox 3900 1933 4139 1977; x_wconf 89' lang='lat' dir='ltr'><strong>nostram</strong></span> <span class='ocrx_word' id='word_1_344' title='bbox 4162 1923 4297 1978; x_wconf 81' lang='lat' dir='ltr'><strong>ami-</strong></span> 
     </span>
    </p>
   </div>
   <div class='ocr_carea' id='block_1_48' title="bbox 2699 2012 4307 2082">
    <p class='ocr_par' dir='ltr' id='par_1_48' title="bbox 2699 2012 4307 2082">
     <span class='ocr_line' id='line_1_48' title="bbox 2699 2012 4307 2082; baseline 0.002 -17"><span class='ocrx_word' id='word_1_345' title='bbox 2699 2012 2882 2065; x_wconf 88' lang='lat' dir='ltr'><strong>citiam</strong></span> <span class='ocrx_word' id='word_1_346' title='bbox 2907 2012 3111 2065; x_wconf 91' lang='lat' dir='ltr'><strong>aditum</strong></span> <span class='ocrx_word' id='word_1_347' title='bbox 3141 2013 3242 2066; x_wconf 85' lang='lat' dir='ltr'><strong>sibi</strong></span> <span class='ocrx_word' id='word_1_348' title='bbox 3275 2015 3571 2082; x_wconf 87' lang='lat' dir='ltr'><strong>reperiret;</strong></span> <span class='ocrx_word' id='word_1_349' title='bbox 3608 2014 3857 2082; x_wconf 87' lang='lat' dir='ltr'><strong>respondi</strong></span> <span class='ocrx_word' id='word_1_350' title='bbox 3889 2014 4128 2082; x_wconf 90' lang='lat' dir='ltr'><strong>ut,quod</strong></span> <span class='ocrx_word' id='word_1_351' title='bbox 4148 2029 4307 2068; x_wconf 90' lang='lat' dir='ltr'><strong>suum</strong></span> 
     </span>
    </p>
   </div>
   <div class='ocr_carea' id='block_1_49' title="bbox 2699 2101 4312 2167">
    <p class='ocr_par' dir='ltr' id='par_1_49' title="bbox 2699 2101 4312 2167">
     <span class='ocr_line' id='line_1_49' title="bbox 2699 2101 4312 2167; baseline 0.002 -13"><span class='ocrx_word' id='word_1_352' title='bbox 2699 2111 2815 2155; x_wconf 87' lang='lat' dir='ltr'><strong>erat</strong></span> <span class='ocrx_word' id='word_1_353' title='bbox 2843 2101 3055 2167; x_wconf 88' lang='lat' dir='ltr'><strong>tollens,</strong></span> <span class='ocrx_word' id='word_1_354' title='bbox 3105 2101 3403 2155; x_wconf 87' lang='lat' dir='ltr'><strong>amicitiam</strong></span> <span class='ocrx_word' id='word_1_355' title='bbox 3454 2112 3696 2157; x_wconf 90' lang='lat' dir='ltr'><strong>nostram</strong></span> <span class='ocrx_word' id='word_1_356' title='bbox 3748 2119 3854 2157; x_wconf 90' lang='lat' dir='ltr'><strong>non</strong></span> <span class='ocrx_word' id='word_1_357' title='bbox 3888 2117 4038 2157; x_wconf 91' lang='lat' dir='ltr'><strong>more</strong></span> <span class='ocrx_word' id='word_1_358' title='bbox 4084 2101 4312 2158; x_wconf 61' lang='lat' dir='ltr'><strong>saecula.</strong></span> 
     </span>
    </p>
   </div>
   <div class='ocr_carea' id='block_1_50' title="bbox 2700 2191 4310 2262">
    <p class='ocr_par' dir='ltr' id='par_1_50' title="bbox 2700 2191 4310 2262">
     <span class='ocr_line' id='line_1_50' title="bbox 2700 2191 4310 2262; baseline 0.004 -18"><span class='ocrx_word' id='word_1_359' title='bbox 2700 2191 2841 2244; x_wconf 89' lang='lat' dir='ltr'><strong>rium</strong></span> <span class='ocrx_word' id='word_1_360' title='bbox 2867 2191 3119 2246; x_wconf 90' lang='lat' dir='ltr'><strong>mercede</strong></span> <span class='ocrx_word' id='word_1_361' title='bbox 3147 2191 3450 2256; x_wconf 88' lang='lat' dir='ltr'><strong>redimere;</strong></span> <span class='ocrx_word' id='word_1_362' title='bbox 3479 2193 3594 2256; x_wconf 90' lang='lat' dir='ltr'><strong>sed,</strong></span> <span class='ocrx_word' id='word_1_363' title='bbox 3622 2193 3765 2262; x_wconf 90' lang='lat' dir='ltr'><strong>quod</strong></span> <span class='ocrx_word' id='word_1_364' title='bbox 3809 2193 3950 2246; x_wconf 88' lang='lat' dir='ltr'><strong>inter</strong></span> <span class='ocrx_word' id='word_1_365' title='bbox 3978 2192 4176 2248; x_wconf 82' lang='lat' dir='ltr'><strong>fratres</strong></span> <span class='ocrx_word' id='word_1_366' title='bbox 4221 2202 4310 2249; x_wconf 84' lang='lat' dir='ltr'><strong>est</strong></span> 
     </span>
    </p>
   </div>
   <div class='ocr_carea' id='block_1_51' title="bbox 2699 2280 4305 2351">
    <p class='ocr_par' dir='ltr' id='par_1_51' title="bbox 2699 2280 4305 2351">
     <span class='ocr_line' id='line_1_51' title="bbox 2699 2280 4305 2351; baseline 0.002 -17"><span class='ocrx_word' id='word_1_367' title='bbox 2699 2280 3000 2350; x_wconf 87' lang='lat' dir='ltr'><strong>legitimum</strong></span> <span class='ocrx_word' id='word_1_368' title='bbox 3057 2282 3296 2351; x_wconf 89' lang='lat' dir='ltr'><strong>gratuito</strong></span> <span class='ocrx_word' id='word_1_369' title='bbox 3327 2282 3649 2351; x_wconf 87' lang='lat' dir='ltr'><strong>possideret.</strong></span> <span class='ocrx_word' id='word_1_370' title='bbox 3695 2283 3840 2336; x_wconf 87' lang='lat' dir='ltr'><strong>Inter</strong></span> <span class='ocrx_word' id='word_1_371' title='bbox 3868 2284 3982 2336; x_wconf 70' lang='lat' dir='ltr'><strong>haec</strong></span> <span class='ocrx_word' id='word_1_372' title='bbox 4007 2293 4210 2346; x_wconf 87' lang='lat' dir='ltr'><strong>tamen,</strong></span> <span class='ocrx_word' id='word_1_373' title='bbox 4241 2291 4305 2338; x_wconf 92' lang='lat' dir='ltr'><strong>ut</strong></span> 
     </span>
    </p>
   </div>
   <div class='ocr_carea' id='block_1_52' title="bbox 2697 2372 4311 2443">
    <p class='ocr_par' dir='ltr' id='par_1_52' title="bbox 2697 2372 4311 2443">
     <span class='ocr_line' id='line_1_52' title="bbox 2697 2372 4311 2443; baseline 0.004 -19"><span class='ocrx_word' id='word_1_374' title='bbox 2697 2372 2852 2426; x_wconf 83' lang='lat' dir='ltr'><strong>vobis</strong></span> <span class='ocrx_word' id='word_1_375' title='bbox 2884 2372 2936 2426; x_wconf 90' lang='lat' dir='ltr'><strong>in</strong></span> <span class='ocrx_word' id='word_1_376' title='bbox 2962 2387 3093 2426; x_wconf 91' lang='lat' dir='ltr'><strong>aure</strong></span> <span class='ocrx_word' id='word_1_377' title='bbox 3116 2372 3330 2441; x_wconf 88' lang='lat' dir='ltr'><strong>loquar,</strong></span> <span class='ocrx_word' id='word_1_378' title='bbox 3360 2389 3514 2428; x_wconf 88' lang='lat' dir='ltr'><strong>mens</strong></span> <span class='ocrx_word' id='word_1_379' title='bbox 3543 2389 3661 2427; x_wconf 88' lang='lat' dir='ltr'><strong>mea</strong></span> <span class='ocrx_word' id='word_1_380' title='bbox 3710 2373 3832 2428; x_wconf 88' lang='lat' dir='ltr'><strong>talis</strong></span> <span class='ocrx_word' id='word_1_381' title='bbox 3888 2383 4028 2440; x_wconf 90' lang='lat' dir='ltr'><strong>erat,</strong></span> <span class='ocrx_word' id='word_1_382' title='bbox 4090 2384 4148 2428; x_wconf 91' lang='lat' dir='ltr'><strong>ut</strong></span> <span class='ocrx_word' id='word_1_383' title='bbox 4187 2381 4311 2443; x_wconf 81' lang='lat' dir='ltr'><strong>post</strong></span> 
     </span>
    </p>
   </div>
   <div class='ocr_carea' id='block_1_53' title="bbox 2697 2463 4298 2533">
    <p class='ocr_par' dir='ltr' id='par_1_53' title="bbox 2697 2463 4298 2533">
     <span class='ocr_line' id='line_1_53' title="bbox 2697 2463 4298 2533; baseline 0.001 -17"><span class='ocrx_word' id='word_1_384' title='bbox 2697 2463 2862 2516; x_wconf 83' lang='lat' dir='ltr'><strong>etiam</strong></span> <span class='ocrx_word' id='word_1_385' title='bbox 2897 2463 3143 2517; x_wconf 82' lang='lat' dir='ltr'><strong>districte</strong></span> <span class='ocrx_word' id='word_1_386' title='bbox 3175 2463 3480 2533; x_wconf 85' lang='lat' dir='ltr'><strong>requirens,</strong></span> <span class='ocrx_word' id='word_1_387' title='bbox 3513 2463 3720 2517; x_wconf 85' lang='lat' dir='ltr'><strong>nihil-in</strong></span> <span class='ocrx_word' id='word_1_388' title='bbox 3750 2479 3816 2518; x_wconf 92' lang='lat' dir='ltr'><strong>eo</strong></span> <span class='ocrx_word' id='word_1_389' title='bbox 3844 2467 4065 2517; x_wconf 79' lang='lat' dir='ltr'><strong>noxium</strong></span> <span class='ocrx_word' id='word_1_390' title='bbox 4092 2464 4298 2533; x_wconf 83' lang='lat' dir='ltr'><strong>reperi,</strong></span> 
     </span>
    </p>
   </div>
   <div class='ocr_carea' id='block_1_54' title="bbox 2698 2553 4308 2623">
    <p class='ocr_par' dir='ltr' id='par_1_54' title="bbox 2698 2553 4308 2623">
     <span class='ocr_line' id='line_1_54' title="bbox 2698 2553 4308 2623; baseline 0.001 -15"><span class='ocrx_word' id='word_1_391' title='bbox 2698 2553 2742 2608; x_wconf 90' lang='lat' dir='ltr'><strong>si</strong></span> <span class='ocrx_word' id='word_1_392' title='bbox 2779 2553 2865 2606; x_wconf 90' lang='lat' dir='ltr'><strong>ille</strong></span> <span class='ocrx_word' id='word_1_393' title='bbox 2897 2553 3034 2608; x_wconf 88' lang='lat' dir='ltr'><strong>mihi</strong></span> <span class='ocrx_word' id='word_1_394' title='bbox 3063 2553 3129 2606; x_wconf 88' lang='lat' dir='ltr'><strong>ad</strong></span> <span class='ocrx_word' id='word_1_395' title='bbox 3156 2553 3511 2622; x_wconf 78' lang='lat' dir='ltr'><strong>ingerendum</strong></span> <span class='ocrx_word' id='word_1_396' title='bbox 3541 2570 3740 2608; x_wconf 89' lang='lat' dir='ltr'><strong>munus</strong></span> <span class='ocrx_word' id='word_1_397' title='bbox 3793 2555 4137 2623; x_wconf 89' lang='lat' dir='ltr'><strong>importunus</strong></span> <span class='ocrx_word' id='word_1_398' title='bbox 4186 2555 4308 2609; x_wconf 82' lang='lat' dir='ltr'><strong>exi-</strong></span> 
     </span>
    </p>
   </div>
   <div class='ocr_carea' id='block_1_55' title="bbox 2699 2643 4307 2713">
    <p class='ocr_par' dir='ltr' id='par_1_55' title="bbox 2699 2643 4307 2713">
     <span class='ocr_line' id='line_1_55' title="bbox 2699 2643 4307 2713; baseline -0.001 -15"><span class='ocrx_word' id='word_1_399' title='bbox 2699 2653 2891 2706; x_wconf 83' lang='lat' dir='ltr'><strong>steret,</strong></span> <span class='ocrx_word' id='word_1_400' title='bbox 2947 2644 3065 2713; x_wconf 82' lang='lat' dir='ltr'><strong>ejus</strong></span> <span class='ocrx_word' id='word_1_401' title='bbox 3111 2644 3246 2697; x_wconf 85' lang='lat' dir='ltr'><strong>mihi</strong></span> <span class='ocrx_word' id='word_1_402' title='bbox 3299 2643 3555 2698; x_wconf 88' lang='lat' dir='ltr'><strong>violentia</strong></span> <span class='ocrx_word' id='word_1_403' title='bbox 3607 2643 3917 2698; x_wconf 85' lang='lat' dir='ltr'><strong>nullatenus</strong></span> <span class='ocrx_word' id='word_1_404' title='bbox 3976 2643 4307 2713; x_wconf 85' lang='lat' dir='ltr'><strong>displiceret.</strong></span> 
     </span>
    </p>
   </div>
   <div class='ocr_carea' id='block_1_56' title="bbox 2700 2732 4302 2801">
    <p class='ocr_par' dir='ltr' id='par_1_56' title="bbox 2700 2732 4302 2801">
     <span class='ocr_line' id='line_1_56' title="bbox 2700 2732 4302 2801; baseline -0.001 -13"><span class='ocrx_word' id='word_1_405' title='bbox 2700 2733 2957 2788; x_wconf 76' lang='lat' dir='ltr'><strong>Volebam</strong></span> <span class='ocrx_word' id='word_1_406' title='bbox 2990 2733 3258 2801; x_wconf 86' lang='lat' dir='ltr'><strong>siquidem</strong></span> <span class='ocrx_word' id='word_1_407' title='bbox 3288 2733 3395 2786; x_wconf 93' lang='lat' dir='ltr'><strong>vim</strong></span> <span class='ocrx_word' id='word_1_408' title='bbox 3451 2733 3584 2787; x_wconf 78' lang='lat' dir='ltr'><strong>milii</strong></span> <span class='ocrx_word' id='word_1_409' title='bbox 3624 2734 3764 2796; x_wconf 83' lang='lat' dir='ltr'><strong>fieri,</strong></span> <span class='ocrx_word' id='word_1_410' title='bbox 3812 2742 3867 2786; x_wconf 91' lang='lat' dir='ltr'><strong>et</strong></span> <span class='ocrx_word' id='word_1_411' title='bbox 3919 2733 4064 2786; x_wconf 87' lang='lat' dir='ltr'><strong>velut</strong></span> <span class='ocrx_word' id='word_1_412' title='bbox 4097 2732 4302 2787; x_wconf 85' lang='lat' dir='ltr'><strong>invitus</strong></span> 
     </span>
    </p>
   </div>
   <div class='ocr_carea' id='block_1_57' title="bbox 2697 2823 4303 2894">
    <p class='ocr_par' dir='ltr' id='par_1_57' title="bbox 2697 2823 4303 2894">
     <span class='ocr_line' id='line_1_57' title="bbox 2697 2823 4303 2894; baseline -0.001 -14"><span class='ocrx_word' id='word_1_413' title='bbox 2697 2827 2765 2882; x_wconf 90' lang='lat' dir='ltr'><strong>ad</strong></span> <span class='ocrx_word' id='word_1_414' title='bbox 2793 2837 2916 2879; x_wconf 82' lang='lat' dir='ltr'><strong>veta</strong></span> <span class='ocrx_word' id='word_1_415' title='bbox 2949 2825 3218 2894; x_wconf 81' lang='lat' dir='ltr'><strong>compelli.</strong></span> <span class='ocrx_word' id='word_1_416' title='bbox 3245 2823 3490 2893; x_wconf 88' lang='lat' dir='ltr'><strong>Cumque</strong></span> <span class='ocrx_word' id='word_1_417' title='bbox 3524 2824 3611 2879; x_wconf 91' lang='lat' dir='ltr'><strong>ille</strong></span> <span class='ocrx_word' id='word_1_418' title='bbox 3640 2827 3705 2879; x_wconf 91' lang='lat' dir='ltr'><strong>ad</strong></span> <span class='ocrx_word' id='word_1_419' title='bbox 3736 2825 4132 2894; x_wconf 85' lang='lat' dir='ltr'><strong>recipiendum,</strong></span> <span class='ocrx_word' id='word_1_420' title='bbox 4161 2825 4303 2894; x_wconf 84' lang='lat' dir='ltr'><strong>quod</strong></span> 
     </span>
    </p>
   </div>
   <div class='ocr_carea' id='block_1_58' title="bbox 2697 2916 4304 2992">
    <p class='ocr_par' dir='ltr' id='par_1_58' title="bbox 2697 2916 4304 2992">
     <span class='ocr_line' id='line_1_58' title="bbox 2697 2916 4304 2992; baseline -0.001 -20"><span class='ocrx_word' id='word_1_421' title='bbox 2697 2916 3132 2974; x_wconf 68' lang='lat' dir='ltr'><strong>semeldederai.</strong></span> <span class='ocrx_word' id='word_1_422' title='bbox 3171 2931 3228 2968; x_wconf 90' lang='lat' dir='ltr'><strong>se</strong></span> <span class='ocrx_word' id='word_1_423' title='bbox 3263 2931 3486 2992; x_wconf 83' lang='lat' dir='ltr'><strong>prorsus</strong></span> <span class='ocrx_word' id='word_1_424' title='bbox 3548 2925 3842 2979; x_wconf 83' lang='lat' dir='ltr'><strong>averteret,</strong></span> <span class='ocrx_word' id='word_1_425' title='bbox 3895 2926 3947 2969; x_wconf 89' lang='lat' dir='ltr'><strong>et</strong></span> <span class='ocrx_word' id='word_1_426' title='bbox 3995 2931 4064 2970; x_wconf 92' lang='lat' dir='ltr'><strong>ne</strong></span> <span class='ocrx_word' id='word_1_427' title='bbox 4115 2930 4304 2971; x_wconf 80' lang='lat' dir='ltr'><strong>aurem</strong></span> 
     </span>
    </p>
   </div>
   <div class='ocr_carea' id='block_1_59' title="bbox 2699 3007 4307 3078">
    <p class='ocr_par' dir='ltr' id='par_1_59' title="bbox 2699 3007 4307 3078">
     <span class='ocr_line' id='line_1_59' title="bbox 2699 3007 4307 3078; baseline 0.001 -20"><span class='ocrx_word' id='word_1_428' title='bbox 2699 3009 2915 3078; x_wconf 81' lang='lat' dir='ltr'><strong>quidem</strong></span> <span class='ocrx_word' id='word_1_429' title='bbox 2943 3007 3293 3076; x_wconf 69' lang='lat' dir='ltr'><strong>petitionibus</strong></span> <span class='ocrx_word' id='word_1_430' title='bbox 3333 3007 3638 3070; x_wconf 89' lang='lat' dir='ltr'><strong>inclinaret,</strong></span> <span class='ocrx_word' id='word_1_431' title='bbox 3689 3023 3789 3074; x_wconf 85' lang='lat' dir='ltr'><strong>ego</strong></span> <span class='ocrx_word' id='word_1_432' title='bbox 3815 3008 3924 3077; x_wconf 85' lang='lat' dir='ltr'><strong>jam</strong></span> <span class='ocrx_word' id='word_1_433' title='bbox 3959 3021 4185 3060; x_wconf 82' lang='lat' dir='ltr'><strong>securus</strong></span> <span class='ocrx_word' id='word_1_434' title='bbox 4247 3014 4307 3062; x_wconf 87' lang='lat' dir='ltr'><strong>et</strong></span> 
     </span>
    </p>
   </div>
   <div class='ocr_carea' id='block_1_60' title="bbox 2698 3096 4303 3166">
    <p class='ocr_par' dir='ltr' id='par_1_60' title="bbox 2698 3096 4303 3166">
     <span class='ocr_line' id='line_1_60' title="bbox 2698 3096 4303 3166; baseline -0.001 -15"><span class='ocrx_word' id='word_1_435' title='bbox 2698 3097 2966 3151; x_wconf 78' lang='lat' dir='ltr'><strong>audacior</strong></span> <span class='ocrx_word' id='word_1_436' title='bbox 2993 3096 3189 3158; x_wconf 79' lang='lat' dir='ltr'><strong>factus,</strong></span> <span class='ocrx_word' id='word_1_437' title='bbox 3219 3097 3430 3160; x_wconf 90' lang='lat' dir='ltr'><strong>durius,</strong></span> <span class='ocrx_word' id='word_1_438' title='bbox 3459 3104 3630 3149; x_wconf 81' lang='lat' dir='ltr'><strong>&#39;utsua</strong></span> <span class='ocrx_word' id='word_1_439' title='bbox 3654 3097 3939 3164; x_wconf 87' lang='lat' dir='ltr'><strong>reciperet,</strong></span> <span class='ocrx_word' id='word_1_440' title='bbox 3968 3096 4303 3166; x_wconf 74' lang='lat' dir='ltr'><strong>ingerebant.</strong></span> 
     </span>
    </p>
   </div>
   <div class='ocr_carea' id='block_1_61' title="bbox 991 3167 4306 3268">
    <p class='ocr_par' dir='ltr' id='par_1_61' title="bbox 991 3167 4306 3268">
     <span class='ocr_line' id='line_1_61' title="bbox 991 3167 4306 3268; baseline -0.005 -16"><span class='ocrx_word' id='word_1_441' title='bbox 991 3167 1430 3268; x_wconf 41' lang='lat' dir='ltr'><strong>prteceptis&#39;sui‘s</strong></span> <span class='ocrx_word' id='word_1_442' title='bbox 1453 3167 1827 3267; x_wconf 82' lang='lat' dir='ltr'><strong>spiritualibus</strong></span> <span class='ocrx_word' id='word_1_443' title='bbox 1856 3197 2102 3264; x_wconf 78' lang='lat' dir='ltr'><strong>exempla</strong></span> <span class='ocrx_word' id='word_1_444' title='bbox 2147 3207 2393 3250; x_wconf 89' lang='lat' dir='ltr'><strong>veterum</strong></span> <span class='ocrx_word' id='word_1_445' title='bbox 2436 3167 2588 3251; x_wconf 70' lang='lat' dir='ltr'><strong>com-</strong></span> <span class='ocrx_word' id='word_1_446' title='bbox 2618 3167 2662 3230; x_wconf 65' lang='grc' dir='ltr'>α</span> <span class='ocrx_word' id='word_1_447' title='bbox 2694 3178 2903 3242; x_wconf 79' lang='lat' dir='ltr'><strong>Interea</strong></span> <span class='ocrx_word' id='word_1_448' title='bbox 2941 3188 3057 3242; x_wconf 87' lang='lat' dir='ltr'><strong>dies</strong></span> <span class='ocrx_word' id='word_1_449' title='bbox 3081 3187 3338 3241; x_wconf 87' lang='lat' dir='ltr'><strong>elabitur.</strong></span> <span class='ocrx_word' id='word_1_450' title='bbox 3364 3188 3610 3255; x_wconf 87' lang='lat' dir='ltr'><strong>Cumque</strong></span> <span class='ocrx_word' id='word_1_451' title='bbox 3659 3186 4026 3256; x_wconf 80' lang='lat' dir='ltr'><strong>peculiaribus</strong></span> <span class='ocrx_word' id='word_1_452' title='bbox 4077 3183 4306 3254; x_wconf 78' lang='lat' dir='ltr'><strong>psalmis</strong></span> 
     </span>
    </p>
   </div>
   <div class='ocr_carea' id='block_1_62' title="bbox 997 3287 2590 3352">
    <p class='ocr_par' dir='ltr' id='par_1_62' title="bbox 997 3287 2590 3352">
     <span class='ocr_line' id='line_1_62' title="bbox 997 3287 2590 3352; baseline -0.001 -9"><span class='ocrx_word' id='word_1_453' title='bbox 997 3288 1303 3352; x_wconf 89' lang='lat' dir='ltr'><strong>mendaret,</strong></span> <span class='ocrx_word' id='word_1_454' title='bbox 1363 3288 1547 3342; x_wconf 76' lang='lat' dir='ltr'><strong>dicens</strong></span> <span class='ocrx_word' id='word_1_455' title='bbox 1575 3305 1587 3340; x_wconf 87' lang='lat'><strong>:</strong></span> <span class='ocrx_word' id='word_1_456' title='bbox 1619 3307 1638 3338; x_wconf 83' lang='grc'><strong><em>‹</em></strong></span> <span class='ocrx_word' id='word_1_457' title='bbox 1669 3287 1807 3341; x_wconf 83' lang='lat' dir='ltr'><strong>Justi</strong></span> <span class='ocrx_word' id='word_1_458' title='bbox 1846 3287 2077 3340; x_wconf 91' lang='lat' dir='ltr'><strong>ludibria</strong></span> <span class='ocrx_word' id='word_1_459' title='bbox 2128 3297 2180 3342; x_wconf 91' lang='lat' dir='ltr'><strong>et</strong></span> <span class='ocrx_word' id='word_1_460' title='bbox 2233 3287 2460 3343; x_wconf 84' lang='lat' dir='ltr'><strong>verbera</strong></span> <span class='ocrx_word' id='word_1_461' title='bbox 2495 3305 2590 3342; x_wconf 78' lang='lat' dir='ltr'><strong>ex-</strong></span> 
     </span>
    </p>
   </div>
   <div class='ocr_carea' id='block_1_63' title="bbox 989 3378 2585 3449">
    <p class='ocr_par' dir='ltr' id='par_1_63' title="bbox 989 3378 2585 3449">
     <span class='ocr_line' id='line_1_63' title="bbox 989 3378 2585 3449; baseline 0.002 -17"><span class='ocrx_word' id='word_1_462' title='bbox 989 3378 1158 3448; x_wconf 89' lang='lat' dir='ltr'><strong>perti;</strong></span> <span class='ocrx_word' id='word_1_463' title='bbox 1203 3378 1424 3448; x_wconf 90' lang='lat' dir='ltr'><strong>insuper</strong></span> <span class='ocrx_word' id='word_1_464' title='bbox 1443 3388 1497 3432; x_wconf 84' lang='lat' dir='ltr'><strong>et</strong></span> <span class='ocrx_word' id='word_1_465' title='bbox 1526 3380 1736 3433; x_wconf 90' lang='lat' dir='ltr'><strong>vincula</strong></span> <span class='ocrx_word' id='word_1_466' title='bbox 1789 3389 1843 3433; x_wconf 93' lang='lat' dir='ltr'><strong>et</strong></span> <span class='ocrx_word' id='word_1_467' title='bbox 1869 3394 2148 3444; x_wconf 85' lang='lat' dir='ltr'><strong>carceres;</strong></span> <span class='ocrx_word' id='word_1_468' title='bbox 2183 3379 2406 3449; x_wconf 89' lang='lat' dir='ltr'><strong>lapidati</strong></span> <span class='ocrx_word' id='word_1_469' title='bbox 2436 3391 2585 3444; x_wconf 86' lang='lat' dir='ltr'><strong>sunt,</strong></span> 
     </span>
    </p>
   </div>
   <div class='ocr_carea' id='block_1_64' title="bbox 992 3467 2590 3538">
    <p class='ocr_par' dir='ltr' id='par_1_64' title="bbox 992 3467 2590 3538">
     <span class='ocr_line' id='line_1_64' title="bbox 992 3467 2590 3538; baseline 0.001 -17"><span class='ocrx_word' id='word_1_470' title='bbox 992 3467 1126 3521; x_wconf 81' lang='lat' dir='ltr'><strong>secti</strong></span> <span class='ocrx_word' id='word_1_471' title='bbox 1156 3476 1300 3531; x_wconf 90' lang='lat' dir='ltr'><strong>sunt,</strong></span> <span class='ocrx_word' id='word_1_472' title='bbox 1341 3468 1529 3522; x_wconf 89' lang='lat' dir='ltr'><strong>tentati</strong></span> <span class='ocrx_word' id='word_1_473' title='bbox 1559 3478 1718 3531; x_wconf 93' lang='lat' dir='ltr'><strong>sunt,</strong></span> <span class='ocrx_word' id='word_1_474' title='bbox 1771 3468 1822 3522; x_wconf 92' lang='lat' dir='ltr'><strong>in</strong></span> <span class='ocrx_word' id='word_1_475' title='bbox 1855 3469 2129 3522; x_wconf 75' lang='lat' dir='ltr'><strong>occisione</strong></span> <span class='ocrx_word' id='word_1_476' title='bbox 2172 3469 2335 3538; x_wconf 84' lang='lat' dir='ltr'><strong>gladii</strong></span> <span class='ocrx_word' id='word_1_477' title='bbox 2391 3471 2590 3523; x_wconf 90' lang='lat' dir='ltr'><strong>mortui</strong></span> 
     </span>
    </p>
   </div>
   <div class='ocr_carea' id='block_1_65' title="bbox 993 3557 2592 3632">
    <p class='ocr_par' dir='ltr' id='par_1_65' title="bbox 993 3557 2592 3632">
     <span class='ocr_line' id='line_1_65' title="bbox 993 3557 2592 3632; baseline 0.004 -20"><span class='ocrx_word' id='word_1_478' title='bbox 993 3568 1121 3612; x_wconf 83' lang='lat' dir='ltr'><strong>sunt</strong></span> <span class='ocrx_word' id='word_1_479' title='bbox 1164 3557 1354 3628; x_wconf 84' lang='lat' dir='ltr'><strong>(Hebr.</strong></span> <span class='ocrx_word' id='word_1_480' title='bbox 1379 3559 1476 3629; x_wconf 72' lang='grc' dir='ltr'><strong>ιι).</strong></span> <span class='ocrx_word' id='word_1_481' title='bbox 1519 3578 1536 3610; x_wconf 75' lang='grc' dir='ltr'><strong><em>ι</em></strong></span> <span class='ocrx_word' id='word_1_482' title='bbox 1573 3559 1638 3632; x_wconf 86' lang='lat' dir='ltr'><strong>Et</strong></span> <span class='ocrx_word' id='word_1_483' title='bbox 1665 3559 1824 3629; x_wconf 91' lang='lat' dir='ltr'><strong>paulo</strong></span> <span class='ocrx_word' id='word_1_484' title='bbox 1845 3570 1967 3629; x_wconf 89' lang='lat' dir='ltr'><strong>post</strong></span> <span class='ocrx_word' id='word_1_485' title='bbox 1996 3578 2008 3613; x_wconf 89' lang='lat'>:</span> <span class='ocrx_word' id='word_1_486' title='bbox 2045 3581 2060 3611; x_wconf 75' lang='grc' dir='ltr'>ι</span> <span class='ocrx_word' id='word_1_487' title='bbox 2087 3560 2358 3615; x_wconf 87' lang='lat' dir='ltr'><strong>Habentes</strong></span> <span class='ocrx_word' id='word_1_488' title='bbox 2408 3562 2592 3632; x_wconf 88' lang='lat' dir='ltr'><strong>itaque</strong></span> 
     </span>
    </p>
   </div>
   <div class='ocr_carea' id='block_1_66' title="bbox 994 3631 2595 3720">
    <p class='ocr_par' dir='ltr' id='par_1_66' title="bbox 994 3631 2595 3720">
     <span class='ocr_line' id='line_1_66' title="bbox 994 3631 2595 3720; baseline 0.004 -19"><span class='ocrx_word' id='word_1_489' title='bbox 994 3656 1202 3702; x_wconf 85' lang='lat' dir='ltr'><strong>tantam</strong></span> <span class='ocrx_word' id='word_1_490' title='bbox 1234 3648 1540 3717; x_wconf 88' lang='lat' dir='ltr'><strong>impositam</strong></span> <span class='ocrx_word' id='word_1_491' title='bbox 1571 3631 1767 3704; x_wconf 71' lang='lat' dir='ltr'><strong>nubem</strong></span> <span class='ocrx_word' id='word_1_492' title='bbox 1799 3651 2039 3716; x_wconf 90' lang='lat' dir='ltr'><strong>testium,</strong></span> <span class='ocrx_word' id='word_1_493' title='bbox 2067 3652 2397 3720; x_wconf 89' lang='lat' dir='ltr'><strong>deponentes</strong></span> <span class='ocrx_word' id='word_1_494' title='bbox 2433 3631 2595 3708; x_wconf 83' lang='lat' dir='ltr'><strong>omne</strong></span> 
     </span>
    </p>
   </div>
   <div class='ocr_carea' id='block_1_67' title="bbox 994 3738 2594 3812">
    <p class='ocr_par' dir='ltr' id='par_1_67' title="bbox 994 3738 2594 3812">
     <span class='ocr_line' id='line_1_67' title="bbox 994 3738 2594 3812; baseline 0.004 -22"><span class='ocrx_word' id='word_1_495' title='bbox 994 3741 1225 3808; x_wconf 80' lang='lat' dir='ltr'><strong>pondus.</strong></span> <span class='ocrx_word' id='word_1_496' title='bbox 1255 3747 1320 3793; x_wconf 88' lang='lat' dir='ltr'><strong>et</strong></span> <span class='ocrx_word' id='word_1_497' title='bbox 1347 3738 1710 3794; x_wconf 87' lang='lat' dir='ltr'><strong>circumstans</strong></span> <span class='ocrx_word' id='word_1_498' title='bbox 1740 3755 1838 3794; x_wconf 90' lang='lat' dir='ltr'><strong>nos</strong></span> <span class='ocrx_word' id='word_1_499' title='bbox 1884 3748 2190 3808; x_wconf 89' lang='lat' dir='ltr'><strong>peccatum,</strong></span> <span class='ocrx_word' id='word_1_500' title='bbox 2248 3755 2344 3808; x_wconf 93' lang='lat' dir='ltr'><strong>per</strong></span> <span class='ocrx_word' id='word_1_501' title='bbox 2383 3742 2594 3812; x_wconf 63' lang='lat' dir='ltr'><strong>patien-</strong></span> 
     </span>
    </p>
   </div>
   <div class='ocr_carea' id='block_1_68' title="bbox 996 3828 2589 3900">
    <p class='ocr_par' dir='ltr' id='par_1_68' title="bbox 996 3828 2589 3900">
     <span class='ocr_line' id='line_1_68' title="bbox 996 3828 2589 3900; baseline 0.001 -17"><span class='ocrx_word' id='word_1_502' title='bbox 996 3828 1125 3883; x_wconf 83' lang='lat' dir='ltr'><strong>tiam</strong></span> <span class='ocrx_word' id='word_1_503' title='bbox 1163 3843 1445 3882; x_wconf 89' lang='lat' dir='ltr'><strong>curramus</strong></span> <span class='ocrx_word' id='word_1_504' title='bbox 1474 3829 1541 3883; x_wconf 90' lang='lat' dir='ltr'><strong>ad</strong></span> <span class='ocrx_word' id='word_1_505' title='bbox 1572 3831 1906 3899; x_wconf 89' lang='lat' dir='ltr'><strong>propositum</strong></span> <span class='ocrx_word' id='word_1_506' title='bbox 1933 3831 2088 3885; x_wconf 88' lang='lat' dir='ltr'><strong>nobis</strong></span> <span class='ocrx_word' id='word_1_507' title='bbox 2109 3839 2384 3885; x_wconf 89' lang='lat' dir='ltr'><strong>certamen</strong></span> <span class='ocrx_word' id='word_1_508' title='bbox 2403 3830 2589 3900; x_wconf 80' lang='lat' dir='ltr'><strong>(Hebr.</strong></span> 
     </span>
    </p>
   </div>
   <div class='ocr_carea' id='block_1_69' title="bbox 995 3920 2594 3991">
    <p class='ocr_par' dir='ltr' id='par_1_69' title="bbox 995 3920 2594 3991">
     <span class='ocr_line' id='line_1_69' title="bbox 995 3920 2594 3991; baseline -0.001 -13"><span class='ocrx_word' id='word_1_509' title='bbox 995 3920 1118 3988; x_wconf 77' lang='grc' dir='ltr'><strong>ιιι).</strong></span> <span class='ocrx_word' id='word_1_510' title='bbox 1160 3940 1181 3970; x_wconf 79' lang='grc' dir='ltr'><strong><em>ι</em></strong></span> <span class='ocrx_word' id='word_1_511' title='bbox 1226 3920 1292 3974; x_wconf 84' lang='grc' dir='ltr'><strong>Ει</strong></span> <span class='ocrx_word' id='word_1_512' title='bbox 1335 3920 1571 3975; x_wconf 89' lang='lat' dir='ltr'><strong>iterum:</strong></span> <span class='ocrx_word' id='word_1_513' title='bbox 1605 3939 1623 3973; x_wconf 69' lang='grc' dir='ltr'>ί</span> <span class='ocrx_word' id='word_1_514' title='bbox 1665 3920 1996 3977; x_wconf 83' lang='lat' dir='ltr'><strong>Mementote</strong></span> <span class='ocrx_word' id='word_1_515' title='bbox 2041 3922 2454 3991; x_wconf 64' lang='lat' dir='ltr'><strong>praepositorum</strong></span> <span class='ocrx_word' id='word_1_516' title='bbox 2503 3938 2594 3976; x_wconf 90' lang='lat' dir='ltr'><strong>ve-</strong></span> 
     </span>
    </p>
   </div>
   <div class='ocr_carea' id='block_1_70' title="bbox 995 4010 2592 4080">
    <p class='ocr_par' dir='ltr' id='par_1_70' title="bbox 995 4010 2592 4080">
     <span class='ocr_line' id='line_1_70' title="bbox 995 4010 2592 4080; baseline 0.001 -16"><span class='ocrx_word' id='word_1_517' title='bbox 995 4018 1233 4064; x_wconf 85' lang='lat' dir='ltr'><strong>strorum</strong></span> <span class='ocrx_word' id='word_1_518' title='bbox 1280 4010 1371 4080; x_wconf 84' lang='lat' dir='ltr'><strong>qui</strong></span> <span class='ocrx_word' id='word_1_519' title='bbox 1403 4010 1560 4064; x_wconf 89' lang='lat' dir='ltr'><strong>vobis</strong></span> <span class='ocrx_word' id='word_1_520' title='bbox 1589 4010 1755 4066; x_wconf 88' lang='lat' dir='ltr'><strong>loeutl</strong></span> <span class='ocrx_word' id='word_1_521' title='bbox 1793 4021 1922 4065; x_wconf 93' lang='lat' dir='ltr'><strong>sunt</strong></span> <span class='ocrx_word' id='word_1_522' title='bbox 1947 4010 2173 4066; x_wconf 88' lang='lat' dir='ltr'><strong>verbum</strong></span> <span class='ocrx_word' id='word_1_523' title='bbox 2207 4011 2326 4072; x_wconf 86' lang='lat' dir='ltr'><strong>Dei,</strong></span> <span class='ocrx_word' id='word_1_524' title='bbox 2360 4012 2592 4080; x_wconf 91' lang='lat' dir='ltr'><strong>quorum</strong></span> 
     </span>
    </p>
   </div>
   <div class='ocr_carea' id='block_1_71' title="bbox 997 4099 2593 4158">
    <p class='ocr_par' dir='ltr' id='par_1_71' title="bbox 997 4099 2593 4158">
     <span class='ocr_line' id='line_1_71' title="bbox 997 4099 2593 4158; baseline 0.001 -3"><span class='ocrx_word' id='word_1_525' title='bbox 997 4099 1269 4155; x_wconf 82' lang='lat' dir='ltr'><strong>intuentes</strong></span> <span class='ocrx_word' id='word_1_526' title='bbox 1310 4101 1516 4155; x_wconf 79' lang='lat' dir='ltr'><strong>exitum</strong></span> <span class='ocrx_word' id='word_1_527' title='bbox 1584 4104 2021 4158; x_wconf 86' lang='lat' dir='ltr'><strong>conversationis</strong></span> <span class='ocrx_word' id='word_1_528' title='bbox 2085 4102 2370 4157; x_wconf 86' lang='lat' dir='ltr'><strong>imitamini</strong></span> <span class='ocrx_word' id='word_1_529' title='bbox 2435 4104 2593 4158; x_wconf 80' lang='lat' dir='ltr'><strong>fidem</strong></span> 
     </span>
    </p>
   </div>
   <div class='ocr_carea' id='block_1_72' title="bbox 997 4189 2597 4264">
    <p class='ocr_par' dir='ltr' id='par_1_72' title="bbox 997 4189 2597 4264">
     <span class='ocr_line' id='line_1_72' title="bbox 997 4189 2597 4264; baseline 0.003 -20"><span class='ocrx_word' id='word_1_530' title='bbox 997 4189 1183 4260; x_wconf 82' lang='lat' dir='ltr'><strong>(Hebr.</strong></span> <span class='ocrx_word' id='word_1_531' title='bbox 1218 4192 1279 4258; x_wconf 85' lang='grc' dir='ltr'><strong>ι).</strong></span> <span class='ocrx_word' id='word_1_532' title='bbox 1311 4211 1326 4240; x_wconf 79' lang='grc' dir='ltr'><strong><em>ι</em></strong></span> <span class='ocrx_word' id='word_1_533' title='bbox 1357 4191 1625 4260; x_wconf 88' lang='lat' dir='ltr'><strong>Superius</strong></span> <span class='ocrx_word' id='word_1_534' title='bbox 1652 4189 1920 4260; x_wconf 86' lang='lat' dir='ltr'><strong>videlicet,</strong></span> <span class='ocrx_word' id='word_1_535' title='bbox 1955 4194 2080 4248; x_wconf 89' lang='lat' dir='ltr'><strong>dum</strong></span> <span class='ocrx_word' id='word_1_536' title='bbox 2120 4195 2422 4264; x_wconf 91' lang='lat' dir='ltr'><strong>spiritualia</strong></span> <span class='ocrx_word' id='word_1_537' title='bbox 2459 4209 2597 4262; x_wconf 64' lang='lat' dir='ltr'><strong>prae-</strong></span> 
     </span>
    </p>
   </div>
   <div class='ocr_carea' id='block_1_73' title="bbox 993 4279 2596 4351">
    <p class='ocr_par' dir='ltr' id='par_1_73' title="bbox 993 4279 2596 4351">
     <span class='ocr_line' id='line_1_73' title="bbox 993 4279 2596 4351; baseline 0.002 -16"><span class='ocrx_word' id='word_1_538' title='bbox 993 4288 1152 4349; x_wconf 91' lang='lat' dir='ltr'><strong>cepta</strong></span> <span class='ocrx_word' id='word_1_539' title='bbox 1169 4279 1500 4348; x_wconf 90' lang='lat' dir='ltr'><strong>loqueretur,</strong></span> <span class='ocrx_word' id='word_1_540' title='bbox 1513 4282 1669 4350; x_wconf 86' lang='lat' dir='ltr'><strong>quasi</strong></span> <span class='ocrx_word' id='word_1_541' title='bbox 1689 4281 1840 4336; x_wconf 73' lang='lat' dir='ltr'><strong>futues</strong></span> <span class='ocrx_word' id='word_1_542' title='bbox 1860 4282 2450 4351; x_wconf 88' lang='lat' dir='ltr'><strong>miserat,postmodum</strong></span> <span class='ocrx_word' id='word_1_543' title='bbox 2468 4299 2596 4338; x_wconf 87' lang='lat' dir='ltr'><strong>vero</strong></span> 
     </span>
    </p>
   </div>
   <div class='ocr_carea' id='block_1_74' title="bbox 993 4370 2597 4441">
    <p class='ocr_par' dir='ltr' id='par_1_74' title="bbox 993 4370 2597 4441">
     <span class='ocr_line' id='line_1_74' title="bbox 993 4370 2597 4441; baseline -0.001 -14"><span class='ocrx_word' id='word_1_544' title='bbox 993 4384 1302 4427; x_wconf 84' lang='lat' dir='ltr'><strong>memorans</strong></span> <span class='ocrx_word' id='word_1_545' title='bbox 1325 4370 1568 4439; x_wconf 80' lang='lat' dir='ltr'><strong>exempla</strong></span> <span class='ocrx_word' id='word_1_546' title='bbox 1602 4370 1866 4439; x_wconf 84' lang='lat' dir='ltr'><strong>majorum</strong></span> <span class='ocrx_word' id='word_1_547' title='bbox 1902 4411 1916 4432; x_wconf 92' lang='lat'><strong>,</strong></span> <span class='ocrx_word' id='word_1_548' title='bbox 1970 4371 2123 4440; x_wconf 82' lang='lat' dir='ltr'><strong>quasi</strong></span> <span class='ocrx_word' id='word_1_549' title='bbox 2152 4381 2366 4426; x_wconf 88' lang='lat' dir='ltr'><strong>veteres</strong></span> <span class='ocrx_word' id='word_1_550' title='bbox 2390 4386 2597 4441; x_wconf 87' lang='lat' dir='ltr'><strong>pannos</strong></span> 
     </span>
    </p>
   </div>
   <div class='ocr_carea' id='block_1_75' title="bbox 993 4458 2594 4538">
    <p class='ocr_par' dir='ltr' id='par_1_75' title="bbox 993 4458 2594 4538">
     <span class='ocr_line' id='line_1_75' title="bbox 993 4458 2594 4538; baseline -0.001 -23"><span class='ocrx_word' id='word_1_551' title='bbox 993 4458 1294 4515; x_wconf 73' lang='lat' dir='ltr'><strong>adhibebat.</strong></span> <span class='ocrx_word' id='word_1_552' title='bbox 1351 4459 1639 4514; x_wconf 85' lang='lat' dir='ltr'><strong>Enimvero</strong></span> <span class='ocrx_word' id='word_1_553' title='bbox 1669 4475 1856 4514; x_wconf 90' lang='lat' dir='ltr'><strong>servus</strong></span> <span class='ocrx_word' id='word_1_554' title='bbox 1883 4461 1975 4515; x_wconf 92' lang='lat' dir='ltr'><strong>Dei</strong></span> <span class='ocrx_word' id='word_1_555' title='bbox 2012 4472 2138 4516; x_wconf 92' lang='lat' dir='ltr'><strong>tunc</strong></span> <span class='ocrx_word' id='word_1_556' title='bbox 2177 4461 2337 4515; x_wconf 90' lang='lat' dir='ltr'><strong>debet</strong></span> <span class='ocrx_word' id='word_1_557' title='bbox 2383 4461 2594 4538; x_wconf 50' lang='lat' dir='ltr'><strong>timere.</strong></span> 
     </span>
    </p>
   </div>
   <div class='ocr_carea' id='block_1_76' title="bbox 993 4548 2596 4620">
    <p class='ocr_par' dir='ltr' id='par_1_76' title="bbox 993 4548 2596 4620">
     <span class='ocr_line' id='line_1_76' title="bbox 993 4548 2596 4620; baseline 0.002 -17"><span class='ocrx_word' id='word_1_558' title='bbox 993 4564 1116 4604; x_wconf 91' lang='lat' dir='ltr'><strong>cum</strong></span> <span class='ocrx_word' id='word_1_559' title='bbox 1141 4548 1584 4618; x_wconf 58' lang='lat' dir='ltr'><strong>temporalelquid</strong></span> <span class='ocrx_word' id='word_1_560' title='bbox 1608 4550 1868 4618; x_wconf 86' lang='lat' dir='ltr'><strong>percipit;</strong></span> <span class='ocrx_word' id='word_1_561' title='bbox 1900 4561 2026 4605; x_wconf 90' lang='lat' dir='ltr'><strong>tunc</strong></span> <span class='ocrx_word' id='word_1_562' title='bbox 2049 4551 2308 4620; x_wconf 86' lang='lat' dir='ltr'><strong>gaudere,</strong></span> <span class='ocrx_word' id='word_1_563' title='bbox 2333 4567 2454 4605; x_wconf 91' lang='lat' dir='ltr'><strong>cum</strong></span> <span class='ocrx_word' id='word_1_564' title='bbox 2481 4567 2596 4620; x_wconf 86' lang='lat' dir='ltr'><strong>per-</strong></span> 
     </span>
    </p>
   </div>
   <div class='ocr_carea' id='block_1_77' title="bbox 994 4638 2596 4711">
    <p class='ocr_par' dir='ltr' id='par_1_77' title="bbox 994 4638 2596 4711">
     <span class='ocr_line' id='line_1_77' title="bbox 994 4638 2596 4711; baseline 0.002 -19"><span class='ocrx_word' id='word_1_565' title='bbox 994 4638 1103 4697; x_wconf 86' lang='lat' dir='ltr'><strong>dit;</strong></span> <span class='ocrx_word' id='word_1_566' title='bbox 1129 4639 1275 4706; x_wconf 86' lang='lat' dir='ltr'><strong>quia,</strong></span> <span class='ocrx_word' id='word_1_567' title='bbox 1293 4639 1375 4691; x_wconf 92' lang='lat' dir='ltr'><strong>cui</strong></span> <span class='ocrx_word' id='word_1_568' title='bbox 1401 4639 1731 4707; x_wconf 87' lang='lat' dir='ltr'><strong>propositum</strong></span> <span class='ocrx_word' id='word_1_569' title='bbox 1754 4649 1837 4694; x_wconf 91' lang='lat' dir='ltr'><strong>est</strong></span> <span class='ocrx_word' id='word_1_570' title='bbox 1863 4641 2104 4696; x_wconf 76' lang='lat' dir='ltr'><strong>cmlestia</strong></span> <span class='ocrx_word' id='word_1_571' title='bbox 2129 4641 2408 4705; x_wconf 90' lang='lat' dir='ltr'><strong>scandere,</strong></span> <span class='ocrx_word' id='word_1_572' title='bbox 2431 4657 2596 4711; x_wconf 81' lang='lat' dir='ltr'><strong>expe-</strong></span> 
     </span>
    </p>
   </div>
   <div class='ocr_carea' id='block_1_78' title="bbox 996 4726 2588 4799">
    <p class='ocr_par' dir='ltr' id='par_1_78' title="bbox 996 4726 2588 4799">
     <span class='ocr_line' id='line_1_78' title="bbox 996 4726 2588 4799; baseline 0 -17"><span class='ocrx_word' id='word_1_573' title='bbox 996 4726 1160 4782; x_wconf 84' lang='lat' dir='ltr'><strong>ditius</strong></span> <span class='ocrx_word' id='word_1_574' title='bbox 1184 4727 1366 4796; x_wconf 91' lang='lat' dir='ltr'><strong>procul</strong></span> <span class='ocrx_word' id='word_1_575' title='bbox 1397 4728 1560 4782; x_wconf 89' lang='lat' dir='ltr'><strong>dubio</strong></span> <span class='ocrx_word' id='word_1_576' title='bbox 1597 4743 1798 4784; x_wconf 88' lang='lat' dir='ltr'><strong>vacuus</strong></span> <span class='ocrx_word' id='word_1_577' title='bbox 1840 4745 1995 4799; x_wconf 79' lang='lat' dir='ltr'><strong>quatr</strong></span> <span class='ocrx_word' id='word_1_578' title='bbox 2044 4728 2323 4799; x_wconf 88' lang='lat' dir='ltr'><strong>gradiatur</strong></span> <span class='ocrx_word' id='word_1_579' title='bbox 2342 4737 2588 4784; x_wconf 89' lang='lat' dir='ltr'><strong>onustus.</strong></span> 
     </span>
    </p>
   </div>
   <div class='ocr_carea' id='block_1_79' title="bbox 1535 4836 2066 4910">
    <p class='ocr_par' dir='ltr' id='par_1_79' title="bbox 1535 4836 2066 4910">
     <span class='ocr_line' id='line_1_79' title="bbox 1535 4836 2066 4910; baseline -0.004 -16"><span class='ocrx_word' id='word_1_580' title='bbox 1535 4837 1700 4910; x_wconf 67' lang='lat'><strong>33:.</strong></span> <span class='ocrx_word' id='word_1_581' title='bbox 1723 4837 1951 4894; x_wconf 81' lang='lat' dir='ltr'><strong>CAPUT</strong></span> <span class='ocrx_word' id='word_1_582' title='bbox 1979 4836 2066 4892; x_wconf 80' lang='grc' dir='ltr'><strong>ιν.</strong></span> 
     </span>
    </p>
   </div>
   <div class='ocr_carea' id='block_1_80' title="bbox 999 4927 2580 4998">
    <p class='ocr_par' dir='ltr' id='par_1_80' title="bbox 999 4927 2580 4998">
     <span class='ocr_line' id='line_1_80' title="bbox 999 4927 2580 4998; baseline 0.004 -19"><span class='ocrx_word' id='word_1_583' title='bbox 999 4927 1151 4993; x_wconf 79' lang='lat' dir='ltr'><strong>Quod</strong></span> <span class='ocrx_word' id='word_1_584' title='bbox 1178 4927 1314 4981; x_wconf 85' lang='lat' dir='ltr'><strong>inter</strong></span> <span class='ocrx_word' id='word_1_585' title='bbox 1343 4929 1610 4998; x_wconf 78' lang='lat' dir='ltr'><strong>religiosos</strong></span> <span class='ocrx_word' id='word_1_586' title='bbox 1649 4932 1784 4982; x_wconf 76' lang='lat' dir='ltr'><strong>viros</strong></span> <span class='ocrx_word' id='word_1_587' title='bbox 1830 4931 2062 4982; x_wconf 78' lang='lat' dir='ltr'><strong>amicitia</strong></span> <span class='ocrx_word' id='word_1_588' title='bbox 2105 4931 2221 4983; x_wconf 82' lang='lat' dir='ltr'><strong>sine</strong></span> <span class='ocrx_word' id='word_1_589' title='bbox 2277 4931 2580 4985; x_wconf 79' lang='lat' dir='ltr'><strong>muneribus</strong></span> 
     </span>
    </p>
   </div>
   <div class='ocr_carea' id='block_1_81' title="bbox 1187 4999 2031 5065">
    <p class='ocr_par' dir='ltr' id='par_1_81' title="bbox 1187 4999 2031 5065">
     <span class='ocr_line' id='line_1_81' title="bbox 1187 4999 2031 5065; baseline 0.004 -16"><span class='ocrx_word' id='word_1_590' title='bbox 1187 5022 1204 5036; x_wconf 65' lang='grc' dir='ltr'><strong>ε</strong></span> <span class='ocrx_word' id='word_1_591' title='bbox 1399 5004 1407 5011; x_wconf 85' lang='grc'><strong>“</strong></span> <span class='ocrx_word' id='word_1_592' title='bbox 1551 4999 1908 5065; x_wconf 84' lang='lat' dir='ltr'><strong>comparanda</strong></span> <span class='ocrx_word' id='word_1_593' title='bbox 1936 5010 2031 5052; x_wconf 82' lang='lat' dir='ltr'><strong>est.</strong></span> 
     </span>
    </p>
   </div>
   <div class='ocr_carea' id='block_1_82' title="bbox 1069 5086 2593 5158">
    <p class='ocr_par' dir='ltr' id='par_1_82' title="bbox 1069 5086 2593 5158">
     <span class='ocr_line' id='line_1_82' title="bbox 1069 5086 2593 5158; baseline 0.002 -18"><span class='ocrx_word' id='word_1_594' title='bbox 1069 5086 1198 5141; x_wconf 87' lang='lat' dir='ltr'><strong>Dico</strong></span> <span class='ocrx_word' id='word_1_595' title='bbox 1229 5086 1382 5141; x_wconf 85' lang='lat' dir='ltr'><strong>vobis</strong></span> <span class='ocrx_word' id='word_1_596' title='bbox 1427 5088 1570 5157; x_wconf 89' lang='lat' dir='ltr'><strong>quod</strong></span> <span class='ocrx_word' id='word_1_597' title='bbox 1602 5089 1732 5142; x_wconf 86' lang='lat' dir='ltr'><strong>mihi</strong></span> <span class='ocrx_word' id='word_1_598' title='bbox 1784 5105 1958 5158; x_wconf 91' lang='lat' dir='ltr'><strong>nuper</strong></span> <span class='ocrx_word' id='word_1_599' title='bbox 2001 5089 2260 5144; x_wconf 86' lang='lat' dir='ltr'><strong>acciderit</strong></span> <span class='ocrx_word' id='word_1_600' title='bbox 2292 5108 2305 5142; x_wconf 89' lang='lat'><strong>:</strong></span> <span class='ocrx_word' id='word_1_601' title='bbox 2338 5090 2593 5146; x_wconf 81' lang='lat' dir='ltr'><strong>Mediola-</strong></span> 
     </span>
    </p>
   </div>
   <div class='ocr_carea' id='block_1_83' title="bbox 1000 5179 2590 5253">
    <p class='ocr_par' dir='ltr' id='par_1_83' title="bbox 1000 5179 2590 5253">
     <span class='ocr_line' id='line_1_83' title="bbox 1000 5179 2590 5253; baseline 0.002 -19"><span class='ocrx_word' id='word_1_602' title='bbox 1000 5193 1220 5234; x_wconf 87' lang='lat' dir='ltr'><strong>nensem</strong></span> <span class='ocrx_word' id='word_1_603' title='bbox 1250 5179 1440 5232; x_wconf 85' lang='lat' dir='ltr'><strong>urbem</strong></span> <span class='ocrx_word' id='word_1_604' title='bbox 1473 5180 1673 5234; x_wconf 89' lang='lat' dir='ltr'><strong>domini</strong></span> <span class='ocrx_word' id='word_1_605' title='bbox 1709 5180 1912 5235; x_wconf 85' lang='lat' dir='ltr'><strong>Nicolai</strong></span> <span class='ocrx_word' id='word_1_606' title='bbox 1940 5197 2090 5250; x_wconf 75' lang='lat' dir='ltr'><strong>papa:</strong></span> <span class='ocrx_word' id='word_1_607' title='bbox 2136 5181 2409 5253; x_wconf 86' lang='lat' dir='ltr'><strong>legatione</strong></span> <span class='ocrx_word' id='word_1_608' title='bbox 2467 5183 2590 5237; x_wconf 86' lang='lat' dir='ltr'><strong>fun-</strong></span> 
     </span>
    </p>
   </div>
   <div class='ocr_carea' id='block_1_84' title="bbox 1001 5267 2581 5342">
    <p class='ocr_par' dir='ltr' id='par_1_84' title="bbox 1001 5267 2581 5342">
     <span class='ocr_line' id='line_1_84' title="bbox 1001 5267 2581 5342; baseline 0.004 -21"><span class='ocrx_word' id='word_1_609' title='bbox 1001 5279 1118 5322; x_wconf 92' lang='lat' dir='ltr'><strong>ctus</strong></span> <span class='ocrx_word' id='word_1_610' title='bbox 1143 5268 1314 5332; x_wconf 90' lang='lat' dir='ltr'><strong>adivi;</strong></span> <span class='ocrx_word' id='word_1_611' title='bbox 1340 5267 1412 5322; x_wconf 89' lang='lat' dir='ltr'><strong>ibi</strong></span> <span class='ocrx_word' id='word_1_612' title='bbox 1441 5268 1567 5322; x_wconf 90' lang='lat' dir='ltr'><strong>dum</strong></span> <span class='ocrx_word' id='word_1_613' title='bbox 1595 5284 1796 5334; x_wconf 85' lang='lat' dir='ltr'><strong>essem,</strong></span> <span class='ocrx_word' id='word_1_614' title='bbox 1822 5272 1990 5326; x_wconf 89' lang='lat' dir='ltr'><strong>abbas</strong></span> <span class='ocrx_word' id='word_1_615' title='bbox 2035 5273 2208 5326; x_wconf 89' lang='lat' dir='ltr'><strong>sancti</strong></span> <span class='ocrx_word' id='word_1_616' title='bbox 2243 5271 2581 5342; x_wconf 91' lang='lat' dir='ltr'><strong>Simpliciani</strong></span> 
     </span>
    </p>
   </div>
   <div class='ocr_carea' id='block_1_85' title="bbox 1003 5355 2586 5431">
    <p class='ocr_par' dir='ltr' id='par_1_85' title="bbox 1003 5355 2586 5431">
     <span class='ocr_line' id='line_1_85' title="bbox 1003 5355 2586 5431; baseline 0.004 -21"><span class='ocrx_word' id='word_1_617' title='bbox 1003 5355 1273 5411; x_wconf 77' lang='lat' dir='ltr'><strong>vasculum</strong></span> <span class='ocrx_word' id='word_1_618' title='bbox 1296 5356 1426 5410; x_wconf 87' lang='lat' dir='ltr'><strong>mihi</strong></span> <span class='ocrx_word' id='word_1_619' title='bbox 1448 5368 1763 5426; x_wconf 87' lang='lat' dir='ltr'><strong>argenteum</strong></span> <span class='ocrx_word' id='word_1_620' title='bbox 1803 5359 1920 5414; x_wconf 92' lang='lat' dir='ltr'><strong>loco</strong></span> <span class='ocrx_word' id='word_1_621' title='bbox 1950 5361 2190 5415; x_wconf 90' lang='lat' dir='ltr'><strong>muneris</strong></span> <span class='ocrx_word' id='word_1_622' title='bbox 2222 5362 2389 5427; x_wconf 90' lang='lat' dir='ltr'><strong>misit,</strong></span> <span class='ocrx_word' id='word_1_623' title='bbox 2442 5363 2586 5431; x_wconf 87' lang='lat' dir='ltr'><strong>quod</strong></span> 
     </span>
    </p>
   </div>
   <div class='ocr_carea' id='block_1_86' title="bbox 1004 5446 2588 5522">
    <p class='ocr_par' dir='ltr' id='par_1_86' title="bbox 1004 5446 2588 5522">
     <span class='ocr_line' id='line_1_86' title="bbox 1004 5446 2588 5522; baseline 0.001 -17"><span class='ocrx_word' id='word_1_624' title='bbox 1004 5446 1122 5505; x_wconf 82' lang='lat' dir='ltr'><strong>dum</strong></span> <span class='ocrx_word' id='word_1_625' title='bbox 1150 5447 1388 5502; x_wconf 87' lang='lat' dir='ltr'><strong>oblatum</strong></span> <span class='ocrx_word' id='word_1_626' title='bbox 1418 5459 1640 5517; x_wconf 88' lang='lat' dir='ltr'><strong>repente</strong></span> <span class='ocrx_word' id='word_1_627' title='bbox 1663 5451 1937 5514; x_wconf 89' lang='lat' dir='ltr'><strong>vidissem,</strong></span> <span class='ocrx_word' id='word_1_628' title='bbox 1959 5453 2136 5520; x_wconf 90' lang='lat' dir='ltr'><strong>primo</strong></span> <span class='ocrx_word' id='word_1_629' title='bbox 2157 5453 2374 5520; x_wconf 89' lang='lat' dir='ltr'><strong>quidem</strong></span> <span class='ocrx_word' id='word_1_630' title='bbox 2402 5467 2588 5522; x_wconf 89' lang='lat' dir='ltr'><strong>asper-</strong></span> 
     </span>
    </p>
   </div>
   <div class='ocr_carea' id='block_1_87' title="bbox 1004 5539 2584 5608">
    <p class='ocr_par' dir='ltr' id='par_1_87' title="bbox 1004 5539 2584 5608">
     <span class='ocr_line' id='line_1_87' title="bbox 1004 5539 2584 5608; baseline 0.001 -13"><span class='ocrx_word' id='word_1_631' title='bbox 1004 5545 1157 5595; x_wconf 79' lang='lat' dir='ltr'><strong>natus</strong></span> <span class='ocrx_word' id='word_1_632' title='bbox 1190 5539 1470 5604; x_wconf 85' lang='lat' dir='ltr'><strong>abhorrui,</strong></span> <span class='ocrx_word' id='word_1_633' title='bbox 1515 5550 1570 5595; x_wconf 94' lang='lat' dir='ltr'><strong>et</strong></span> <span class='ocrx_word' id='word_1_634' title='bbox 1612 5556 1712 5596; x_wconf 89' lang='lat' dir='ltr'><strong>cur</strong></span> <span class='ocrx_word' id='word_1_635' title='bbox 1762 5542 1851 5596; x_wconf 90' lang='lat' dir='ltr'><strong>ille</strong></span> <span class='ocrx_word' id='word_1_636' title='bbox 1896 5543 2028 5596; x_wconf 85' lang='lat' dir='ltr'><strong>mihi</strong></span> <span class='ocrx_word' id='word_1_637' title='bbox 2085 5559 2281 5600; x_wconf 90' lang='lat' dir='ltr'><strong>munus</strong></span> <span class='ocrx_word' id='word_1_638' title='bbox 2341 5543 2584 5608; x_wconf 76' lang='lat' dir='ltr'><strong>offerret,</strong></span> 
     </span>
    </p>
   </div>
   <div class='ocr_carea' id='block_1_88' title="bbox 1005 5625 2586 5702">
    <p class='ocr_par' dir='ltr' id='par_1_88' title="bbox 1005 5625 2586 5702">
     <span class='ocr_line' id='line_1_88' title="bbox 1005 5625 2586 5702; baseline 0.004 -21"><span class='ocrx_word' id='word_1_639' title='bbox 1005 5625 1272 5682; x_wconf 77' lang='lat' dir='ltr'><strong>subtiliter</strong></span> <span class='ocrx_word' id='word_1_640' title='bbox 1298 5628 1575 5698; x_wconf 81' lang='lat' dir='ltr'><strong>inquisivi.</strong></span> <span class='ocrx_word' id='word_1_641' title='bbox 1603 5629 1924 5700; x_wconf 89' lang='lat' dir='ltr'><strong>Suspicatus</strong></span> <span class='ocrx_word' id='word_1_642' title='bbox 1972 5632 2171 5702; x_wconf 90' lang='lat' dir='ltr'><strong>quippe</strong></span> <span class='ocrx_word' id='word_1_643' title='bbox 2205 5648 2348 5698; x_wconf 91' lang='lat' dir='ltr'><strong>sum,</strong></span> <span class='ocrx_word' id='word_1_644' title='bbox 2391 5649 2460 5688; x_wconf 89' lang='lat' dir='ltr'><strong>ne</strong></span> <span class='ocrx_word' id='word_1_645' title='bbox 2499 5633 2586 5688; x_wconf 88' lang='lat' dir='ltr'><strong>ille</strong></span> 
     </span>
    </p>
   </div>
   <div class='ocr_carea' id='block_1_89' title="bbox 1005 5716 2586 5792">
    <p class='ocr_par' dir='ltr' id='par_1_89' title="bbox 1005 5716 2586 5792">
     <span class='ocr_line' id='line_1_89' title="bbox 1005 5716 2586 5792; baseline 0.005 -20"><span class='ocrx_word' id='word_1_646' title='bbox 1005 5716 1267 5784; x_wconf 75' lang='lat' dir='ltr'><strong>negotium</strong></span> <span class='ocrx_word' id='word_1_647' title='bbox 1299 5717 1543 5775; x_wconf 86' lang='lat' dir='ltr'><strong>fortassis</strong></span> <span class='ocrx_word' id='word_1_648' title='bbox 1590 5719 1817 5776; x_wconf 86' lang='lat' dir='ltr'><strong>haberet</strong></span> <span class='ocrx_word' id='word_1_649' title='bbox 1850 5739 1861 5772; x_wconf 87' lang='lat'>:</span> <span class='ocrx_word' id='word_1_650' title='bbox 1894 5730 2053 5792; x_wconf 86' lang='lat' dir='ltr'><strong>atque</strong></span> <span class='ocrx_word' id='word_1_651' title='bbox 2102 5723 2221 5779; x_wconf 85' lang='lat' dir='ltr'><strong>ideo</strong></span> <span class='ocrx_word' id='word_1_652' title='bbox 2275 5739 2360 5780; x_wconf 84' lang='lat' dir='ltr'><strong>me</strong></span> <span class='ocrx_word' id='word_1_653' title='bbox 2396 5723 2586 5780; x_wconf 82' lang='lat' dir='ltr'><strong>antici-</strong></span> 
     </span>
    </p>
   </div>
   <div class='ocr_carea' id='block_1_90' title="bbox 2694 3275 4300 3345">
    <p class='ocr_par' dir='ltr' id='par_1_90' title="bbox 2694 3275 4300 3345">
     <span class='ocr_line' id='line_1_90' title="bbox 2694 3275 4300 3345; baseline -0.006 -10"><span class='ocrx_word' id='word_1_654' title='bbox 2694 3286 2995 3334; x_wconf 82' lang='lat' dir='ltr'><strong>nOcturnns</strong></span> <span class='ocrx_word' id='word_1_655' title='bbox 3020 3278 3313 3332; x_wconf 87' lang='lat' dir='ltr'><strong>meditator</strong></span> <span class='ocrx_word' id='word_1_656' title='bbox 3337 3278 3668 3338; x_wconf 83' lang='lat' dir='ltr'><strong>insisterem.</strong></span> <span class='ocrx_word' id='word_1_657' title='bbox 3708 3278 3876 3345; x_wconf 73' lang='lat' dir='ltr'><strong>cmpit</strong></span> <span class='ocrx_word' id='word_1_658' title='bbox 3898 3289 3983 3328; x_wconf 89' lang='lat' dir='ltr'><strong>me</strong></span> <span class='ocrx_word' id='word_1_659' title='bbox 4010 3275 4300 3329; x_wconf 86' lang='lat' dir='ltr'><strong>conscien-</strong></span> 
     </span>
    </p>
   </div>
   <div class='ocr_carea' id='block_1_91' title="bbox 2695 3362 4300 3436">
    <p class='ocr_par' dir='ltr' id='par_1_91' title="bbox 2695 3362 4300 3436">
     <span class='ocr_line' id='line_1_91' title="bbox 2695 3362 4300 3436; baseline -0.004 -13"><span class='ocrx_word' id='word_1_660' title='bbox 2695 3371 2770 3423; x_wconf 87' lang='lat' dir='ltr'><strong>tia</strong></span> <span class='ocrx_word' id='word_1_661' title='bbox 2795 3370 2976 3424; x_wconf 88' lang='lat' dir='ltr'><strong>acrius</strong></span> <span class='ocrx_word' id='word_1_662' title='bbox 3005 3369 3336 3425; x_wconf 58' lang='lat' dir='ltr'><strong>remortlere.</strong></span> <span class='ocrx_word' id='word_1_663' title='bbox 3367 3376 3423 3421; x_wconf 85' lang='lat' dir='ltr'><strong>et</strong></span> <span class='ocrx_word' id='word_1_664' title='bbox 3447 3367 3602 3436; x_wconf 89' lang='lat' dir='ltr'><strong>quasi</strong></span> <span class='ocrx_word' id='word_1_665' title='bbox 3628 3368 3727 3419; x_wconf 83' lang='lat' dir='ltr'><strong>sub</strong></span> <span class='ocrx_word' id='word_1_666' title='bbox 3749 3366 3982 3435; x_wconf 87' lang='lat' dir='ltr'><strong>quodam</strong></span> <span class='ocrx_word' id='word_1_667' title='bbox 4012 3362 4300 3417; x_wconf 88' lang='lat' dir='ltr'><strong>ratiocinio</strong></span> 
     </span>
    </p>
   </div>
   <div class='ocr_carea' id='block_1_92' title="bbox 2696 3453 4300 3521">
    <p class='ocr_par' dir='ltr' id='par_1_92' title="bbox 2696 3453 4300 3521">
     <span class='ocr_line' id='line_1_92' title="bbox 2696 3453 4300 3521; baseline -0.004 -7"><span class='ocrx_word' id='word_1_668' title='bbox 2696 3460 3011 3514; x_wconf 89' lang='lat' dir='ltr'><strong>convenire.</strong></span> <span class='ocrx_word' id='word_1_669' title='bbox 3039 3458 3094 3512; x_wconf 93' lang='lat' dir='ltr'><strong>Si</strong></span> <span class='ocrx_word' id='word_1_670' title='bbox 3123 3458 3236 3521; x_wconf 81' lang='lat' dir='ltr'><strong>ille.</strong></span> <span class='ocrx_word' id='word_1_671' title='bbox 3265 3468 3325 3511; x_wconf 91' lang='lat' dir='ltr'><strong>ut</strong></span> <span class='ocrx_word' id='word_1_672' title='bbox 3360 3457 3796 3520; x_wconf 68' lang='lat' dir='ltr'><strong>videtur,.bonus</strong></span> <span class='ocrx_word' id='word_1_673' title='bbox 3824 3463 3906 3510; x_wconf 87' lang='lat' dir='ltr'><strong>est</strong></span> <span class='ocrx_word' id='word_1_674' title='bbox 3937 3456 4043 3517; x_wconf 90' lang='lat' dir='ltr'><strong>vir,</strong></span> <span class='ocrx_word' id='word_1_675' title='bbox 4104 3464 4158 3508; x_wconf 92' lang='lat' dir='ltr'><strong>tu</strong></span> <span class='ocrx_word' id='word_1_676' title='bbox 4211 3453 4300 3508; x_wconf 84' lang='lat' dir='ltr'><strong>iu-</strong></span> 
     </span>
    </p>
   </div>
   <div class='ocr_carea' id='block_1_93' title="bbox 2695 3545 4297 3616">
    <p class='ocr_par' dir='ltr' id='par_1_93' title="bbox 2695 3545 4297 3616">
     <span class='ocr_line' id='line_1_93' title="bbox 2695 3545 4297 3616; baseline -0.004 -11"><span class='ocrx_word' id='word_1_677' title='bbox 2695 3551 2912 3606; x_wconf 90' lang='lat' dir='ltr'><strong>nocenti</strong></span> <span class='ocrx_word' id='word_1_678' title='bbox 2943 3549 3148 3605; x_wconf 91' lang='lat' dir='ltr'><strong>homini</strong></span> <span class='ocrx_word' id='word_1_679' title='bbox 3171 3564 3322 3602; x_wconf 90' lang='lat' dir='ltr'><strong>suam</strong></span> <span class='ocrx_word' id='word_1_680' title='bbox 3355 3548 3576 3602; x_wconf 90' lang='lat' dir='ltr'><strong>voluisti</strong></span> <span class='ocrx_word' id='word_1_681' title='bbox 3607 3547 3895 3616; x_wconf 90' lang='lat' dir='ltr'><strong>pecuniam</strong></span> <span class='ocrx_word' id='word_1_682' title='bbox 3927 3545 4137 3608; x_wconf 91' lang='lat' dir='ltr'><strong>tollere,</strong></span> <span class='ocrx_word' id='word_1_683' title='bbox 4170 3559 4297 3599; x_wconf 88' lang='lat' dir='ltr'><strong>cum</strong></span> 
     </span>
    </p>
   </div>
   <div class='ocr_carea' id='block_1_94' title="bbox 2696 3636 4306 3710">
    <p class='ocr_par' dir='ltr' id='par_1_94' title="bbox 2696 3636 4306 3710">
     <span class='ocr_line' id='line_1_94' title="bbox 2696 3636 4306 3710; baseline -0.002 -14"><span class='ocrx_word' id='word_1_684' title='bbox 2696 3643 2770 3697; x_wconf 91' lang='lat' dir='ltr'><strong>illi</strong></span> <span class='ocrx_word' id='word_1_685' title='bbox 2800 3642 3095 3710; x_wconf 87' lang='lat' dir='ltr'><strong>capitulum</strong></span> <span class='ocrx_word' id='word_1_686' title='bbox 3121 3657 3225 3694; x_wconf 90' lang='lat' dir='ltr'><strong>non</strong></span> <span class='ocrx_word' id='word_1_687' title='bbox 3257 3640 3503 3702; x_wconf 88' lang='lat' dir='ltr'><strong>obsistat,</strong></span> <span class='ocrx_word' id='word_1_688' title='bbox 3547 3639 3598 3693; x_wconf 92' lang='lat' dir='ltr'><strong>in</strong></span> <span class='ocrx_word' id='word_1_689' title='bbox 3643 3654 3752 3708; x_wconf 90' lang='lat' dir='ltr'><strong>quo</strong></span> <span class='ocrx_word' id='word_1_690' title='bbox 3785 3648 3933 3692; x_wconf 93' lang='lat' dir='ltr'><strong>tuum</strong></span> <span class='ocrx_word' id='word_1_691' title='bbox 3964 3651 4186 3692; x_wconf 87' lang='lat' dir='ltr'><strong>necesse</strong></span> <span class='ocrx_word' id='word_1_692' title='bbox 4233 3636 4306 3692; x_wconf 76' lang='lat' dir='ltr'><strong>sit</strong></span> 
     </span>
    </p>
   </div>
   <div class='ocr_carea' id='block_1_95' title="bbox 2697 3731 4303 3801">
    <p class='ocr_par' dir='ltr' id='par_1_95' title="bbox 2697 3731 4303 3801">
     <span class='ocr_line' id='line_1_95' title="bbox 2697 3731 4303 3801; baseline -0.002 -12"><span class='ocrx_word' id='word_1_693' title='bbox 2697 3734 2957 3789; x_wconf 80' lang='lat' dir='ltr'><strong>auxilium</strong></span> <span class='ocrx_word' id='word_1_694' title='bbox 2991 3741 3333 3800; x_wconf 75' lang='lat' dir='ltr'><strong>exspectare.</strong></span> <span class='ocrx_word' id='word_1_695' title='bbox 3367 3732 3539 3786; x_wconf 84' lang='lat' dir='ltr'><strong>Porro</strong></span> <span class='ocrx_word' id='word_1_696' title='bbox 3567 3733 3608 3786; x_wconf 93' lang='lat' dir='ltr'><strong>si</strong></span> <span class='ocrx_word' id='word_1_697' title='bbox 3647 3733 3924 3801; x_wconf 87' lang='lat' dir='ltr'><strong>negotium</strong></span> <span class='ocrx_word' id='word_1_698' title='bbox 3976 3731 4160 3796; x_wconf 79' lang='lat' dir='ltr'><strong>liabet,</strong></span> <span class='ocrx_word' id='word_1_699' title='bbox 4215 3731 4303 3785; x_wconf 87' lang='lat' dir='ltr'><strong>in-</strong></span> 
     </span>
    </p>
   </div>
   <div class='ocr_carea' id='block_1_96' title="bbox 2697 3821 4301 3893">
    <p class='ocr_par' dir='ltr' id='par_1_96' title="bbox 2697 3821 4301 3893">
     <span class='ocr_line' id='line_1_96' title="bbox 2697 3821 4301 3893; baseline -0.001 -17"><span class='ocrx_word' id='word_1_700' title='bbox 2697 3824 2920 3893; x_wconf 83' lang='lat' dir='ltr'><strong>dignum</strong></span> <span class='ocrx_word' id='word_1_701' title='bbox 2952 3831 3055 3887; x_wconf 89' lang='lat' dir='ltr'><strong>est,</strong></span> <span class='ocrx_word' id='word_1_702' title='bbox 3100 3831 3151 3876; x_wconf 90' lang='lat' dir='ltr'><strong>te</strong></span> <span class='ocrx_word' id='word_1_703' title='bbox 3183 3831 3376 3877; x_wconf 90' lang='lat' dir='ltr'><strong>sancto</strong></span> <span class='ocrx_word' id='word_1_704' title='bbox 3404 3822 3560 3876; x_wconf 80' lang='lat' dir='ltr'><strong>fratri</strong></span> <span class='ocrx_word' id='word_1_705' title='bbox 3602 3822 3840 3893; x_wconf 87' lang='lat' dir='ltr'><strong>linguam</strong></span> <span class='ocrx_word' id='word_1_706' title='bbox 3869 3829 4016 3875; x_wconf 87' lang='lat' dir='ltr'><strong>tuam</strong></span> <span class='ocrx_word' id='word_1_707' title='bbox 4051 3821 4301 3875; x_wconf 82' lang='lat' dir='ltr'><strong>venalem</strong></span> 
     </span>
    </p>
   </div>
   <div class='ocr_carea' id='block_1_97' title="bbox 2698 3911 4304 3981">
    <p class='ocr_par' dir='ltr' id='par_1_97' title="bbox 2698 3911 4304 3981">
     <span class='ocr_line' id='line_1_97' title="bbox 2698 3911 4304 3981; baseline -0.002 -14"><span class='ocrx_word' id='word_1_708' title='bbox 2698 3913 2902 3974; x_wconf 89' lang='lat' dir='ltr'><strong>facere,</strong></span> <span class='ocrx_word' id='word_1_709' title='bbox 2934 3927 3056 3980; x_wconf 76' lang='lat' dir='ltr'><strong>qua:</strong></span> <span class='ocrx_word' id='word_1_710' title='bbox 3092 3921 3349 3980; x_wconf 89' lang='lat' dir='ltr'><strong>tanquam</strong></span> <span class='ocrx_word' id='word_1_711' title='bbox 3387 3912 3674 3981; x_wconf 88' lang='lat' dir='ltr'><strong>utriusque</strong></span> <span class='ocrx_word' id='word_1_712' title='bbox 3705 3911 4010 3966; x_wconf 90' lang='lat' dir='ltr'><strong>communis</strong></span> <span class='ocrx_word' id='word_1_713' title='bbox 4041 3911 4143 3965; x_wconf 89' lang='lat' dir='ltr'><strong>sibi</strong></span> <span class='ocrx_word' id='word_1_714' title='bbox 4167 3925 4304 3980; x_wconf 91' lang='lat' dir='ltr'><strong>quo-</strong></span> 
     </span>
    </p>
   </div>
   <div class='ocr_carea' id='block_1_98' title="bbox 2698 4000 4304 4074">
    <p class='ocr_par' dir='ltr' id='par_1_98' title="bbox 2698 4000 4304 4074">
     <span class='ocr_line' id='line_1_98' title="bbox 2698 4000 4304 4074; baseline 0.002 -20"><span class='ocrx_word' id='word_1_715' title='bbox 2698 4018 2802 4074; x_wconf 88' lang='lat' dir='ltr'><strong>que</strong></span> <span class='ocrx_word' id='word_1_716' title='bbox 2853 4002 3055 4067; x_wconf 90' lang='lat' dir='ltr'><strong>debet,</strong></span> <span class='ocrx_word' id='word_1_717' title='bbox 3105 4011 3165 4055; x_wconf 92' lang='lat' dir='ltr'><strong>ut</strong></span> <span class='ocrx_word' id='word_1_718' title='bbox 3207 4003 3325 4066; x_wconf 89' lang='lat' dir='ltr'><strong>tibi,</strong></span> <span class='ocrx_word' id='word_1_719' title='bbox 3375 4002 3616 4072; x_wconf 84' lang='lat' dir='ltr'><strong>gratuito</strong></span> <span class='ocrx_word' id='word_1_720' title='bbox 3668 4002 4000 4056; x_wconf 90' lang='lat' dir='ltr'><strong>ministrare.</strong></span> <span class='ocrx_word' id='word_1_721' title='bbox 4057 4000 4304 4074; x_wconf 87' lang='lat' dir='ltr'><strong>Cumque</strong></span> 
     </span>
    </p>
   </div>
   <div class='ocr_carea' id='block_1_99' title="bbox 2699 4092 4300 4162">
    <p class='ocr_par' dir='ltr' id='par_1_99' title="bbox 2699 4092 4300 4162">
     <span class='ocr_line' id='line_1_99' title="bbox 2699 4092 4300 4162; baseline -0.002 -12"><span class='ocrx_word' id='word_1_722' title='bbox 2699 4098 2816 4150; x_wconf 78' lang='lat' dir='ltr'><strong>lucc</strong></span> <span class='ocrx_word' id='word_1_723' title='bbox 2842 4093 3129 4146; x_wconf 87' lang='lat' dir='ltr'><strong>adversum</strong></span> <span class='ocrx_word' id='word_1_724' title='bbox 3170 4107 3257 4147; x_wconf 91' lang='lat' dir='ltr'><strong>me</strong></span> <span class='ocrx_word' id='word_1_725' title='bbox 3301 4108 3479 4162; x_wconf 83' lang='lat' dir='ltr'><strong>pugna</strong></span> <span class='ocrx_word' id='word_1_726' title='bbox 3532 4101 3949 4162; x_wconf 84' lang='lat' dir='ltr'><strong>perseveranter</strong></span> <span class='ocrx_word' id='word_1_727' title='bbox 4002 4092 4300 4158; x_wconf 85' lang='lat' dir='ltr'><strong>ingrueret.</strong></span> 
     </span>
    </p>
   </div>
   <div class='ocr_carea' id='block_1_100' title="bbox 2693 4180 4300 4251">
    <p class='ocr_par' dir='ltr' id='par_1_100' title="bbox 2693 4180 4300 4251">
     <span class='ocr_line' id='line_1_100' title="bbox 2693 4180 4300 4251; baseline 0 -17"><span class='ocrx_word' id='word_1_728' title='bbox 2693 4181 2915 4250; x_wconf 83' lang='lat' dir='ltr'><strong>jamque</strong></span> <span class='ocrx_word' id='word_1_729' title='bbox 2939 4195 3041 4248; x_wconf 88' lang='lat' dir='ltr'><strong>ego</strong></span> <span class='ocrx_word' id='word_1_730' title='bbox 3074 4180 3372 4236; x_wconf 90' lang='lat' dir='ltr'><strong>clamorem</strong></span> <span class='ocrx_word' id='word_1_731' title='bbox 3425 4181 3817 4251; x_wconf 87' lang='lat' dir='ltr'><strong>cogitationum</strong></span> <span class='ocrx_word' id='word_1_732' title='bbox 3876 4180 4300 4234; x_wconf 88' lang='lat' dir='ltr'><strong>remordentium</strong></span> 
     </span>
    </p>
   </div>
   <div class='ocr_carea' id='block_1_101' title="bbox 2701 4273 4300 4344">
    <p class='ocr_par' dir='ltr' id='par_1_101' title="bbox 2701 4273 4300 4344">
     <span class='ocr_line' id='line_1_101' title="bbox 2701 4273 4300 4344; baseline -0.003 -14"><span class='ocrx_word' id='word_1_733' title='bbox 2701 4292 2806 4330; x_wconf 91' lang='lat' dir='ltr'><strong>non</strong></span> <span class='ocrx_word' id='word_1_734' title='bbox 2840 4277 3174 4344; x_wconf 84' lang='lat' dir='ltr'><strong>perferrem;</strong></span> <span class='ocrx_word' id='word_1_735' title='bbox 3203 4275 3541 4330; x_wconf 90' lang='lat' dir='ltr'><strong>decendente</strong></span> <span class='ocrx_word' id='word_1_736' title='bbox 3568 4274 3910 4342; x_wconf 86' lang='lat' dir='ltr'><strong>crepusculo.</strong></span> <span class='ocrx_word' id='word_1_737' title='bbox 3951 4289 4070 4326; x_wconf 71' lang='lat' dir='ltr'><strong>mox</strong></span> <span class='ocrx_word' id='word_1_738' title='bbox 4103 4273 4167 4326; x_wconf 90' lang='lat' dir='ltr'><strong>ad</strong></span> <span class='ocrx_word' id='word_1_739' title='bbox 4201 4274 4300 4326; x_wconf 78' lang='lat' dir='ltr'><strong>lio-</strong></span> 
     </span>
    </p>
   </div>
   <div class='ocr_carea' id='block_1_102' title="bbox 2702 4363 4304 4435">
    <p class='ocr_par' dir='ltr' id='par_1_102' title="bbox 2702 4363 4304 4435">
     <span class='ocr_line' id='line_1_102' title="bbox 2702 4363 4304 4435; baseline -0.002 -16"><span class='ocrx_word' id='word_1_740' title='bbox 2702 4367 2902 4420; x_wconf 90' lang='lat' dir='ltr'><strong>minem</strong></span> <span class='ocrx_word' id='word_1_741' title='bbox 2935 4380 3256 4435; x_wconf 89' lang='lat' dir='ltr'><strong>properans,</strong></span> <span class='ocrx_word' id='word_1_742' title='bbox 3287 4364 3578 4429; x_wconf 86' lang='lat' dir='ltr'><strong>manicavi,</strong></span> <span class='ocrx_word' id='word_1_743' title='bbox 3607 4365 3768 4433; x_wconf 89' lang='lat' dir='ltr'><strong>ciqne</strong></span> <span class='ocrx_word' id='word_1_744' title='bbox 3798 4363 4129 4417; x_wconf 86' lang='lat' dir='ltr'><strong>tabescentis</strong></span> <span class='ocrx_word' id='word_1_745' title='bbox 4169 4377 4304 4417; x_wconf 87' lang='lat' dir='ltr'><strong>con-</strong></span> 
     </span>
    </p>
   </div>
   <div class='ocr_carea' id='block_1_103' title="bbox 2704 4456 4300 4526">
    <p class='ocr_par' dir='ltr' id='par_1_103' title="bbox 2704 4456 4300 4526">
     <span class='ocr_line' id='line_1_103' title="bbox 2704 4456 4300 4526; baseline -0.001 -15"><span class='ocrx_word' id='word_1_746' title='bbox 2704 4458 2944 4511; x_wconf 60' lang='lat' dir='ltr'><strong>scientia</strong></span> <span class='ocrx_word' id='word_1_747' title='bbox 2976 4457 3168 4511; x_wconf 90' lang='lat' dir='ltr'><strong>vulnus</strong></span> <span class='ocrx_word' id='word_1_748' title='bbox 3217 4457 3426 4526; x_wconf 89' lang='lat' dir='ltr'><strong>aperui.</strong></span> <span class='ocrx_word' id='word_1_749' title='bbox 3473 4456 3717 4524; x_wconf 89' lang='lat' dir='ltr'><strong>Cumque</strong></span> <span class='ocrx_word' id='word_1_750' title='bbox 3765 4461 3993 4524; x_wconf 86' lang='lat' dir='ltr'><strong>uterque</strong></span> <span class='ocrx_word' id='word_1_751' title='bbox 4051 4465 4300 4510; x_wconf 85' lang='lat' dir='ltr'><strong>nostrum</strong></span> 
     </span>
    </p>
   </div>
   <div class='ocr_carea' id='block_1_104' title="bbox 2706 4547 4299 4618">
    <p class='ocr_par' dir='ltr' id='par_1_104' title="bbox 2706 4547 4299 4618">
     <span class='ocr_line' id='line_1_104' title="bbox 2706 4547 4299 4618; baseline -0.001 -15"><span class='ocrx_word' id='word_1_752' title='bbox 2706 4550 2829 4603; x_wconf 90' lang='lat' dir='ltr'><strong>lnnc</strong></span> <span class='ocrx_word' id='word_1_753' title='bbox 2861 4554 2984 4603; x_wconf 83' lang='lat' dir='ltr'><strong>Inde</strong></span> <span class='ocrx_word' id='word_1_754' title='bbox 3009 4549 3241 4604; x_wconf 88' lang='lat' dir='ltr'><strong>invicem</strong></span> <span class='ocrx_word' id='word_1_755' title='bbox 3275 4548 3645 4618; x_wconf 80' lang='lat' dir='ltr'><strong>conﬂigerent,</strong></span> <span class='ocrx_word' id='word_1_756' title='bbox 3671 4558 3724 4603; x_wconf 92' lang='lat' dir='ltr'><strong>et</strong></span> <span class='ocrx_word' id='word_1_757' title='bbox 3758 4547 3847 4601; x_wconf 93' lang='lat' dir='ltr'><strong>ille</strong></span> <span class='ocrx_word' id='word_1_758' title='bbox 3895 4563 3970 4609; x_wconf 90' lang='lat' dir='ltr'><strong>se,</strong></span> <span class='ocrx_word' id='word_1_759' title='bbox 4027 4547 4169 4616; x_wconf 85' lang='lat' dir='ltr'><strong>quod</strong></span> <span class='ocrx_word' id='word_1_760' title='bbox 4209 4562 4299 4602; x_wconf 61' lang='lat' dir='ltr'><strong>se-</strong></span> 
     </span>
    </p>
   </div>
   <div class='ocr_carea' id='block_1_105' title="bbox 2705 4637 4299 4706">
    <p class='ocr_par' dir='ltr' id='par_1_105' title="bbox 2705 4637 4299 4706">
     <span class='ocr_line' id='line_1_105' title="bbox 2705 4637 4299 4706; baseline 0 -16"><span class='ocrx_word' id='word_1_761' title='bbox 2705 4637 2808 4690; x_wconf 91' lang='lat' dir='ltr'><strong>mel</strong></span> <span class='ocrx_word' id='word_1_762' title='bbox 2837 4637 3085 4699; x_wconf 86' lang='lat' dir='ltr'><strong>dederat,</strong></span> <span class='ocrx_word' id='word_1_763' title='bbox 3121 4652 3225 4689; x_wconf 90' lang='lat' dir='ltr'><strong>non</strong></span> <span class='ocrx_word' id='word_1_764' title='bbox 3261 4639 3539 4706; x_wconf 87' lang='lat' dir='ltr'><strong>recipere;</strong></span> <span class='ocrx_word' id='word_1_765' title='bbox 3584 4651 3683 4704; x_wconf 82' lang='lat' dir='ltr'><strong>ego</strong></span> <span class='ocrx_word' id='word_1_766' title='bbox 3716 4651 3803 4690; x_wconf 86' lang='lat' dir='ltr'><strong>me</strong></span> <span class='ocrx_word' id='word_1_767' title='bbox 3849 4651 4150 4689; x_wconf 86' lang='lat' dir='ltr'><strong>assererem</strong></span> <span class='ocrx_word' id='word_1_768' title='bbox 4191 4645 4299 4690; x_wconf 88' lang='lat' dir='ltr'><strong>non</strong></span> 
     </span>
    </p>
   </div>
   <div class='ocr_carea' id='block_1_106' title="bbox 2704 4724 4300 4797">
    <p class='ocr_par' dir='ltr' id='par_1_106' title="bbox 2704 4724 4300 4797">
     <span class='ocr_line' id='line_1_106' title="bbox 2704 4724 4300 4797; baseline 0.001 -18"><span class='ocrx_word' id='word_1_769' title='bbox 2704 4735 2923 4790; x_wconf 88' lang='lat' dir='ltr'><strong>tenere;</strong></span> <span class='ocrx_word' id='word_1_770' title='bbox 2955 4725 3120 4796; x_wconf 75' lang='lat'><strong>835</strong></span> <span class='ocrx_word' id='word_1_771' title='bbox 3147 4726 3362 4782; x_wconf 86' lang='lat' dir='ltr'><strong>tandem</strong></span> <span class='ocrx_word' id='word_1_772' title='bbox 3398 4727 3590 4780; x_wconf 76' lang='lat' dir='ltr'><strong>amicze</strong></span> <span class='ocrx_word' id='word_1_773' title='bbox 3613 4726 3948 4780; x_wconf 90' lang='lat' dir='ltr'><strong>contentioni</strong></span> <span class='ocrx_word' id='word_1_774' title='bbox 4000 4724 4144 4780; x_wconf 86' lang='lat' dir='ltr'><strong>hunc</strong></span> <span class='ocrx_word' id='word_1_775' title='bbox 4197 4739 4300 4797; x_wconf 79' lang='lat' dir='ltr'><strong>ego</strong></span> 
     </span>
    </p>
   </div>
   <div class='ocr_carea' id='block_1_107' title="bbox 2701 4818 4301 4888">
    <p class='ocr_par' dir='ltr' id='par_1_107' title="bbox 2701 4818 4301 4888">
     <span class='ocr_line' id='line_1_107' title="bbox 2701 4818 4301 4888; baseline 0.001 -15"><span class='ocrx_word' id='word_1_776' title='bbox 2701 4821 2991 4874; x_wconf 92' lang='lat' dir='ltr'><strong>terminum</strong></span> <span class='ocrx_word' id='word_1_777' title='bbox 3026 4819 3179 4888; x_wconf 91' lang='lat' dir='ltr'><strong>posui</strong></span> <span class='ocrx_word' id='word_1_778' title='bbox 3223 4820 3388 4882; x_wconf 85' lang='lat' dir='ltr'><strong>:duo,</strong></span> <span class='ocrx_word' id='word_1_779' title='bbox 3421 4821 3659 4888; x_wconf 89' lang='lat' dir='ltr'><strong>inquam,</strong></span> <span class='ocrx_word' id='word_1_780' title='bbox 3691 4818 3820 4872; x_wconf 88' lang='lat' dir='ltr'><strong>mihi</strong></span> <span class='ocrx_word' id='word_1_781' title='bbox 3846 4834 3982 4872; x_wconf 85' lang='lat' dir='ltr'><strong>nova</strong></span> <span class='ocrx_word' id='word_1_782' title='bbox 4026 4827 4152 4872; x_wconf 91' lang='lat' dir='ltr'><strong>sunt</strong></span> <span class='ocrx_word' id='word_1_783' title='bbox 4183 4834 4301 4874; x_wconf 90' lang='lat' dir='ltr'><strong>mo-</strong></span> 
     </span>
    </p>
   </div>
   <div class='ocr_carea' id='block_1_108' title="bbox 2699 4909 4294 4979">
    <p class='ocr_par' dir='ltr' id='par_1_108' title="bbox 2699 4909 4294 4979">
     <span class='ocr_line' id='line_1_108' title="bbox 2699 4909 4294 4979; baseline 0.001 -17"><span class='ocrx_word' id='word_1_784' title='bbox 2699 4909 2959 4974; x_wconf 84' lang='lat' dir='ltr'><strong>nasteria,</strong></span> <span class='ocrx_word' id='word_1_785' title='bbox 2999 4925 3164 4963; x_wconf 90' lang='lat' dir='ltr'><strong>unum</strong></span> <span class='ocrx_word' id='word_1_786' title='bbox 3199 4911 3264 4963; x_wconf 90' lang='lat' dir='ltr'><strong>ad</strong></span> <span class='ocrx_word' id='word_1_787' title='bbox 3287 4911 3490 4965; x_wconf 86' lang='lat' dir='ltr'><strong>calcem</strong></span> <span class='ocrx_word' id='word_1_788' title='bbox 3524 4911 3660 4979; x_wconf 86' lang='lat' dir='ltr'><strong>jam,</strong></span> <span class='ocrx_word' id='word_1_789' title='bbox 3690 4909 3802 4964; x_wconf 83' lang='lat' dir='ltr'><strong>Deo</strong></span> <span class='ocrx_word' id='word_1_790' title='bbox 3821 4909 4137 4974; x_wconf 79' lang='lat' dir='ltr'><strong>auxiliante,</strong></span> <span class='ocrx_word' id='word_1_791' title='bbox 4165 4924 4294 4978; x_wconf 86' lang='lat' dir='ltr'><strong>per-</strong></span> 
     </span>
    </p>
   </div>
   <div class='ocr_carea' id='block_1_109' title="bbox 2696 4997 4301 5068">
    <p class='ocr_par' dir='ltr' id='par_1_109' title="bbox 2696 4997 4301 5068">
     <span class='ocr_line' id='line_1_109' title="bbox 2696 4997 4301 5068; baseline 0.001 -17"><span class='ocrx_word' id='word_1_792' title='bbox 2696 5001 2950 5064; x_wconf 87' lang='lat' dir='ltr'><strong>ductum;</strong></span> <span class='ocrx_word' id='word_1_793' title='bbox 2987 4999 3222 5053; x_wconf 89' lang='lat' dir='ltr'><strong>alterum</strong></span> <span class='ocrx_word' id='word_1_794' title='bbox 3257 5017 3406 5063; x_wconf 90' lang='lat' dir='ltr'><strong>vero,</strong></span> <span class='ocrx_word' id='word_1_795' title='bbox 3465 5000 3696 5054; x_wconf 90' lang='lat' dir='ltr'><strong>necdum</strong></span> <span class='ocrx_word' id='word_1_796' title='bbox 3730 4997 4020 5068; x_wconf 85' lang='lat' dir='ltr'><strong>episcopali</strong></span> <span class='ocrx_word' id='word_1_797' title='bbox 4077 4997 4301 5052; x_wconf 87' lang='lat' dir='ltr'><strong>dedica-</strong></span> 
     </span>
    </p>
   </div>
   <div class='ocr_carea' id='block_1_110' title="bbox 2695 5086 4290 5158">
    <p class='ocr_par' dir='ltr' id='par_1_110' title="bbox 2695 5086 4290 5158">
     <span class='ocr_line' id='line_1_110' title="bbox 2695 5086 4290 5158; baseline -0.001 -18"><span class='ocrx_word' id='word_1_798' title='bbox 2695 5089 2840 5143; x_wconf 84' lang='lat' dir='ltr'><strong>tione</strong></span> <span class='ocrx_word' id='word_1_799' title='bbox 2873 5088 3144 5142; x_wconf 82' lang='lat' dir='ltr'><strong>lirmatum</strong></span> <span class='ocrx_word' id='word_1_800' title='bbox 3174 5106 3186 5142; x_wconf 91' lang='lat'><strong><em>:</em></strong></span> <span class='ocrx_word' id='word_1_801' title='bbox 3221 5098 3535 5144; x_wconf 90' lang='lat' dir='ltr'><strong>sanctorum</strong></span> <span class='ocrx_word' id='word_1_802' title='bbox 3569 5090 3751 5158; x_wconf 87' lang='lat' dir='ltr'><strong>itaque</strong></span> <span class='ocrx_word' id='word_1_803' title='bbox 3784 5089 4058 5151; x_wconf 87' lang='lat' dir='ltr'><strong>locormn,</strong></span> <span class='ocrx_word' id='word_1_804' title='bbox 4090 5086 4134 5141; x_wconf 91' lang='lat' dir='ltr'><strong>si</strong></span> <span class='ocrx_word' id='word_1_805' title='bbox 4175 5087 4290 5155; x_wconf 84' lang='lat' dir='ltr'><strong>pla-</strong></span> 
     </span>
    </p>
   </div>
   <div class='ocr_carea' id='block_1_111' title="bbox 2696 5175 4295 5249">
    <p class='ocr_par' dir='ltr' id='par_1_111' title="bbox 2696 5175 4295 5249">
     <span class='ocr_line' id='line_1_111' title="bbox 2696 5175 4295 5249; baseline -0.003 -16"><span class='ocrx_word' id='word_1_806' title='bbox 2696 5188 2802 5242; x_wconf 92' lang='lat' dir='ltr'><strong>cet,</strong></span> <span class='ocrx_word' id='word_1_807' title='bbox 2837 5178 3184 5248; x_wconf 85' lang='lat' dir='ltr'><strong>participium</strong></span> <span class='ocrx_word' id='word_1_808' title='bbox 3217 5181 3454 5249; x_wconf 85' lang='lat' dir='ltr'><strong>suscipe,</strong></span> <span class='ocrx_word' id='word_1_809' title='bbox 3483 5189 3664 5249; x_wconf 90' lang='lat' dir='ltr'><strong>atque,</strong></span> <span class='ocrx_word' id='word_1_810' title='bbox 3706 5189 3768 5234; x_wconf 91' lang='lat' dir='ltr'><strong>ut</strong></span> <span class='ocrx_word' id='word_1_811' title='bbox 3793 5179 3887 5233; x_wconf 92' lang='lat' dir='ltr'><strong>tibi</strong></span> <span class='ocrx_word' id='word_1_812' title='bbox 3934 5178 4089 5239; x_wconf 84' lang='lat' dir='ltr'><strong>libet,</strong></span> <span class='ocrx_word' id='word_1_813' title='bbox 4148 5175 4295 5247; x_wconf 85' lang='lat' dir='ltr'><strong>quo.l</strong></span> 
     </span>
    </p>
   </div>
   <div class='ocr_carea' id='block_1_112' title="bbox 2694 5267 4292 5339">
    <p class='ocr_par' dir='ltr' id='par_1_112' title="bbox 2694 5267 4292 5339">
     <span class='ocr_line' id='line_1_112' title="bbox 2694 5267 4292 5339; baseline -0.001 -17"><span class='ocrx_word' id='word_1_814' title='bbox 2694 5268 2890 5323; x_wconf 70' lang='lat' dir='ltr'><strong>animae</strong></span> <span class='ocrx_word' id='word_1_815' title='bbox 2923 5278 3028 5324; x_wconf 70' lang='lat' dir='ltr'><strong>tuae</strong></span> <span class='ocrx_word' id='word_1_816' title='bbox 3075 5269 3343 5338; x_wconf 81' lang='lat' dir='ltr'><strong>proiicere</strong></span> <span class='ocrx_word' id='word_1_817' title='bbox 3395 5271 3611 5334; x_wconf 86' lang='lat' dir='ltr'><strong>debeat,</strong></span> <span class='ocrx_word' id='word_1_818' title='bbox 3667 5271 3865 5325; x_wconf 91' lang='lat' dir='ltr'><strong>donum</strong></span> <span class='ocrx_word' id='word_1_819' title='bbox 3913 5285 4012 5339; x_wconf 91' lang='lat' dir='ltr'><strong>pro</strong></span> <span class='ocrx_word' id='word_1_820' title='bbox 4068 5267 4292 5322; x_wconf 83' lang='lat' dir='ltr'><strong>benedi-</strong></span> 
     </span>
    </p>
   </div>
   <div class='ocr_carea' id='block_1_113' title="bbox 2694 5357 4294 5430">
    <p class='ocr_par' dir='ltr' id='par_1_113' title="bbox 2694 5357 4294 5430">
     <span class='ocr_line' id='line_1_113' title="bbox 2694 5357 4294 5430; baseline -0.001 -16"><span class='ocrx_word' id='word_1_821' title='bbox 2694 5362 2875 5415; x_wconf 85' lang='lat' dir='ltr'><strong>ctione</strong></span> <span class='ocrx_word' id='word_1_822' title='bbox 2918 5360 3242 5414; x_wconf 87' lang='lat' dir='ltr'><strong>transmitte.</strong></span> <span class='ocrx_word' id='word_1_823' title='bbox 3280 5360 3393 5416; x_wconf 86' lang='lat' dir='ltr'><strong>Hoc</strong></span> <span class='ocrx_word' id='word_1_824' title='bbox 3418 5363 3581 5430; x_wconf 87' lang='lat' dir='ltr'><strong>igitur</strong></span> <span class='ocrx_word' id='word_1_825' title='bbox 3611 5371 3934 5430; x_wconf 88' lang='lat' dir='ltr'><strong>argumento</strong></span> <span class='ocrx_word' id='word_1_826' title='bbox 3979 5357 4294 5426; x_wconf 86' lang='lat' dir='ltr'><strong>cupiditatis</strong></span> 
     </span>
    </p>
   </div>
   <div class='ocr_carea' id='block_1_114' title="bbox 2695 5450 4290 5521">
    <p class='ocr_par' dir='ltr' id='par_1_114' title="bbox 2695 5450 4290 5521">
     <span class='ocr_line' id='line_1_114' title="bbox 2695 5450 4290 5521; baseline -0.001 -17"><span class='ocrx_word' id='word_1_827' title='bbox 2695 5466 2829 5504; x_wconf 72' lang='lat' dir='ltr'><strong>meae</strong></span> <span class='ocrx_word' id='word_1_828' title='bbox 2863 5451 3245 5520; x_wconf 89' lang='lat' dir='ltr'><strong>turpitudinem</strong></span> <span class='ocrx_word' id='word_1_829' title='bbox 3285 5453 3525 5521; x_wconf 85' lang='lat' dir='ltr'><strong>palliavi,</strong></span> <span class='ocrx_word' id='word_1_830' title='bbox 3569 5462 3624 5506; x_wconf 89' lang='lat' dir='ltr'><strong>et</strong></span> <span class='ocrx_word' id='word_1_831' title='bbox 3676 5462 3931 5520; x_wconf 79' lang='lat' dir='ltr'><strong>tanquam</strong></span> <span class='ocrx_word' id='word_1_832' title='bbox 3985 5467 4089 5504; x_wconf 88' lang='lat' dir='ltr'><strong>non</strong></span> <span class='ocrx_word' id='word_1_833' title='bbox 4142 5450 4290 5504; x_wconf 85' lang='lat' dir='ltr'><strong>acci-</strong></span> 
     </span>
    </p>
   </div>
   <div class='ocr_carea' id='block_1_115' title="bbox 2695 5542 4290 5612">
    <p class='ocr_par' dir='ltr' id='par_1_115' title="bbox 2695 5542 4290 5612">
     <span class='ocr_line' id='line_1_115' title="bbox 2695 5542 4290 5612; baseline 0 -18"><span class='ocrx_word' id='word_1_834' title='bbox 2695 5543 2847 5612; x_wconf 79' lang='lat' dir='ltr'><strong>piens</strong></span> <span class='ocrx_word' id='word_1_835' title='bbox 2901 5553 3114 5597; x_wconf 85' lang='lat' dir='ltr'><strong>astutus</strong></span> <span class='ocrx_word' id='word_1_836' title='bbox 3143 5544 3326 5611; x_wconf 90' lang='lat' dir='ltr'><strong>accepi</strong></span> <span class='ocrx_word' id='word_1_837' title='bbox 3357 5562 3368 5597; x_wconf 93' lang='lat'>:</span> <span class='ocrx_word' id='word_1_838' title='bbox 3401 5544 3742 5612; x_wconf 87' lang='lat' dir='ltr'><strong>postmodum</strong></span> <span class='ocrx_word' id='word_1_839' title='bbox 3791 5558 3918 5596; x_wconf 85' lang='lat' dir='ltr'><strong>vero</strong></span> <span class='ocrx_word' id='word_1_840' title='bbox 3950 5542 4015 5595; x_wconf 88' lang='lat' dir='ltr'><strong>ad</strong></span> <span class='ocrx_word' id='word_1_841' title='bbox 4046 5555 4290 5595; x_wconf 86' lang='lat' dir='ltr'><strong>ercmum</strong></span> 
     </span>
    </p>
   </div>
   <div class='ocr_carea' id='block_1_116' title="bbox 2696 5630 4290 5702">
    <p class='ocr_par' dir='ltr' id='par_1_116' title="bbox 2696 5630 4290 5702">
     <span class='ocr_line' id='line_1_116' title="bbox 2696 5630 4290 5702; baseline 0.001 -19"><span class='ocrx_word' id='word_1_842' title='bbox 2696 5630 2927 5693; x_wconf 86' lang='lat' dir='ltr'><strong>rediens.</strong></span> <span class='ocrx_word' id='word_1_843' title='bbox 2949 5632 3195 5687; x_wconf 88' lang='lat' dir='ltr'><strong>cellulam</strong></span> <span class='ocrx_word' id='word_1_844' title='bbox 3228 5634 3448 5702; x_wconf 90' lang='lat' dir='ltr'><strong>quidem</strong></span> <span class='ocrx_word' id='word_1_845' title='bbox 3489 5633 3718 5687; x_wconf 85' lang='lat' dir='ltr'><strong>festinus</strong></span> <span class='ocrx_word' id='word_1_846' title='bbox 3774 5633 3993 5694; x_wconf 83' lang='lat' dir='ltr'><strong>intravi,</strong></span> <span class='ocrx_word' id='word_1_847' title='bbox 4049 5633 4142 5686; x_wconf 92' lang='lat' dir='ltr'><strong>sed</strong></span> <span class='ocrx_word' id='word_1_848' title='bbox 4193 5647 4290 5701; x_wconf 72' lang='lat' dir='ltr'><strong>per</strong></span> 
     </span>
    </p>
   </div>
   <div class='ocr_carea' id='block_1_117' title="bbox 2696 5722 4288 5794">
    <p class='ocr_par' dir='ltr' id='par_1_117' title="bbox 2696 5722 4288 5794">
     <span class='ocr_line' id='line_1_117' title="bbox 2696 5722 4288 5794; baseline -0.002 -16"><span class='ocrx_word' id='word_1_849' title='bbox 2696 5725 3072 5794; x_wconf 83' lang='lat' dir='ltr'><strong>tnctnctipsum</strong></span> <span class='ocrx_word' id='word_1_850' title='bbox 3116 5726 3318 5781; x_wconf 56' lang='lat' dir='ltr'><strong>intrrc</strong></span> <span class='ocrx_word' id='word_1_851' title='bbox 3345 5728 3431 5779; x_wconf 77' lang='lat' dir='ltr'><strong>vix</strong></span> <span class='ocrx_word' id='word_1_852' title='bbox 3466 5726 3647 5794; x_wconf 85' lang='lat' dir='ltr'><strong>potui;</strong></span> <span class='ocrx_word' id='word_1_853' title='bbox 3683 5734 3735 5782; x_wconf 85' lang='lat' dir='ltr'><strong>et</strong></span> <span class='ocrx_word' id='word_1_854' title='bbox 3767 5725 3859 5794; x_wconf 87' lang='lat' dir='ltr'><strong>qui</strong></span> <span class='ocrx_word' id='word_1_855' title='bbox 3886 5734 4040 5780; x_wconf 81' lang='lat' dir='ltr'><strong>extra</strong></span> <span class='ocrx_word' id='word_1_856' title='bbox 4083 5739 4169 5777; x_wconf 89' lang='lat' dir='ltr'><strong>me</strong></span> <span class='ocrx_word' id='word_1_857' title='bbox 4207 5722 4288 5776; x_wconf 82' lang='lat' dir='ltr'><strong>irr-</strong></span> 
     </span>
    </p>
   </div>
  </div>
