2941 3371
0 13 1007 116 ν

1180 203 1231 233 ἠδ

1408 203 1439 231 S.
1456 201 1558 230 PETRI
1578 199 1719 229 DAMIANI
1735 198 1812 228 OPP.
1833 196 1952 226 TOMUS
1970 196 2037 225 SEU
2057 195 2147 224 PARS
2165 195 2208 225 Ill.
2219 211 2254 217 —
2265 193 2450 226 OPUSCULA
2467 193 2581 222 VARIA.

2762 193 2814 221 796

1181 261 1304 289 ordinate
1320 268 1379 287 sunt
1398 260 1482 291 fusus,
1496 258 1569 292 justo
1582 257 1683 292 judicio
1699 259 1725 284 in
1749 263 1791 284 me
1814 263 1873 284 sum
1896 259 1971 291 post-
1988 256 2011 286 Δ
2027 255 2079 282 tius
2089 253 2215 289 vigilabo.
2230 253 2310 287 Ecce,
2322 253 2393 289 quod
2406 253 2530 289 superius
2539 249 2604 286 dixi,
2628 253 2692 288 quia
2717 258 2812 282 servus

1182 306 1301 334 modum.
1317 311 1346 332 ut
1357 305 1392 332 ita
1407 304 1512 339 loquar.
1525 304 1592 330 satis
1607 301 1749 330 diﬂlculter
1769 303 1918 336 ingressus.
1931 300 1974 328 ln-

1182 357 1224 379 ter
1233 355 1327 378 cetera
1344 356 1415 381 vero,
1433 353 1506 376 tanta
1521 348 1641 375 animum
1654 355 1744 375 meum
1760 348 1880 375 muneris
1903 346 1974 374 illius

1181 397 1268 431 caligo
1281 395 1412 426 confudit,
1423 398 1453 427 et
1466 398 1594 428 tanquam
1606 394 1707 420 vermis
1722 397 1831 420 scatens
1847 400 1905 419 mea
1914 400 1975 419 cor-

1184 441 1281 469 rodere.
1297 440 1399 467 viscera
1423 446 1476 466 non
1494 439 1626 471 cessavit,
1642 443 1681 471 ut,
1703 443 1773 466 teste
1797 437 1975 469 conscientia,

1183 485 1289 514 mallem
1306 492 1349 511 me
1362 484 1435 519 lepra
1451 491 1611 519 percussum
1626 492 1706 519 quam
1729 483 1774 511 illo
1788 490 1903 510 munere
1912 490 1974 510 sau-

1180 531 1292 559 ciatnm.
1311 530 1493 558 Attendebam
1512 537 1594 564 porro
1611 529 1684 556 illinc
1708 533 1815 556 tantam
1829 527 1923 556 fratris
1939 527 1973 555 li-

1181 575 1349 604 beralitatem
1362 582 1422 609 qua:
1433 574 1498 602 mihi
1510 574 1576 602 nihil
1588 573 1712 605 debebat,
1737 577 1765 601 et
1781 572 1893 605 obtulit;
1911 572 1975 600 hinc

1180 627 1270 651 meam
1281 619 1434 651 avaritiam,
1447 626 1517 654 qua),
1532 619 1603 653 quod
1612 626 1658 653 per
1664 617 1780 645 ollicium
1790 625 1842 645 n0n
1851 618 1974 645 mereba-

1181 669 1236 699 tur,
1244 664 1357 700 accepit.
1367 661 1493 692 Taedebat
1501 671 1543 691 me
1551 663 1743 696 tuncoblitum,
1750 664 1822 698 quod
1834 671 1882 698 per
1888 663 1973 690 virum

1182 708 1336 745 Sapientem
1354 709 1456 736 dicitur
1471 717 1477 736 :
1495 718 1504 734 ι
1519 708 1577 735 Non
1590 708 1761 743 sitporrecta
1779 715 1874 743 manus
1886 713 1929 735 tua
1940 707 1974 735 ad

1181 753 1376 787 accipiendum,
1390 758 1416 781 et
1441 753 1475 780 ad
1499 753 1618 781 dandum
1644 753 1757 780 collecta
1780 752 1873 787 (Ecclt'.
1895 753 1944 787 tv).
1963 761 1972 778 ι

1181 797 1216 825 Et
1226 797 1389 832 cutn,juxta
1417 797 1588 831 Apostolum,
1615 798 1720 824 beatitts
1744 797 1780 823 sit
1800 797 1885 831 magis
1910 796 1975 824 dare

1180 850 1261 877 quam
1281 842 1405 877 accipere
1426 842 1495 877 (Act.
1518 842 1581 877 xx);
1610 842 1683 868 illttm
1703 841 1766 876 jure
1787 841 1910 874 beatum,
1932 848 1975 868 me

1180 886 1310 916 miserunt
1323 886 1495 924 deputabam.
1515 886 1571 913 Heu
1584 894 1638 918 me,
1656 886 1775 920 inquaut,
1791 893 1852 912 cum
1864 893 1879 912 a
1893 885 1976 912 susci-

2025 297 2072 326 Dei
2086 301 2150 326 tunc
2165 297 2245 325 debet
2257 298 2361 329 timere,
2372 304 2433 325 cum
2451 296 2597 332 temporale
2608 296 2670 331 quid
2683 298 2810 333 percipit;

2025 348 2088 371 tunc
2100 343 2230 378 gaudere,
2245 350 2307 370 eum
2322 342 2420 376 perdit.
2437 341 2539 369 Amodo
2555 342 2646 377 itaque
2658 349 2746 377 neque
2762 350 2811 378 pro

2023 388 2114 423 specie
2127 387 2286 415 monasterii
2298 387 2482 419 construendi,
2496 394 2583 422 neqtte
2597 395 2646 423 pro
2654 387 2811 416 necessitate

2023 440 2164 461 servorum
2175 432 2234 465 Dei,
2249 433 2344 460 tenebo
2357 431 2433 467 quasi
2445 432 2584 459 materiam
2596 431 2753 465 honestatis,
2766 432 2810 459 ubi

2024 477 2128 505 valeam
2144 478 2216 505 vires
2239 484 2366 505 exercere
2381 476 2524 512 cupidinis.
2549 476 2687 511 Tanquam
2709 477 2752 511 qui
2767 483 2812 504 ca-

2023 523 2126 550 stitatis
2139 522 2250 550 anhelat
2259 522 2366 550 solvere
2377 521 2526 557 cingulum,
2537 525 2565 549 ut
2577 521 2653 556 quasi
2664 520 2714 549 sibi
2727 521 2811 549 baste-

2024 567 2072 595 des
2083 567 2234 602 provideat,
2252 567 2301 594 init
2312 566 2424 602 copulas
2435 566 2599 601 nuptiarum,
2608 570 2636 594 et
2645 565 2695 594 sub
2705 566 2812 594 nomine

2024 612 2190 648 propagandi
2204 611 2335 647 germinis
2348 611 2496 638 lamulatur
2505 610 2639 639 illecebris
2654 610 2810 646 voluptatis;

2024 659 2061 686 ita
2078 657 2212 690 nonnulli,
2223 657 2287 685 dum
2298 664 2358 685 esse
2372 660 2510 692 nequeunt
2523 656 2636 689 Christi,
2651 656 2693 684 vel
2706 662 2811 692 aposto.

2024 703 2111 734 lorum
2123 703 2245 730 nuditate
2260 702 2393 734 contenti,
2404 701 2522 737 gaudent
2533 701 2589 729 sive
2606 701 2747 737 regimine,
2757 702 2813 729 sive

2024 747 2191 784 quibuslibet
2201 747 2337 775 exercitiis
2353 746 2501 782 implicari;
2519 750 2548 773 ut
2562 746 2626 773 dum
2640 746 2754 781 propriae
2770 753 2815 774 sa-

2025 793 2165 821 tisfaciunt
2183 792 2315 824 avaritias,
2335 791 2493 819 necessitati
2509 791 2653 818 videantur
2677 791 2711 825 pii
2725 790 2813 824 operis

2025 837 2173 866 deservire.
2187 836 2241 864 Nos
2252 842 2353 869 autem,
2364 835 2543 867 dilectissimi,
2562 834 2726 870 gaudeamus
2743 841 2813 862 som-

2025 893 2074 921 per
2087 890 2115 913 et
2129 885 2219 912 illatas
2231 884 2309 912 nobis
2333 883 2446 919 injurias
2468 881 2657 917 aequanimiter
2679 880 2761 912 ferre.
2785 885 2813 908 et

1182 931 1289 966 piendis
1301 931 1460 958 muneribus
1480 930 1670 958 excutiendam
1695 938 1804 957 ntanum
1829 929 1971 964 Scriptura
1992 929 2010 958 8
2024 929 2306 963 nocentibusinsuper
2317 927 2393 954 utilia
2408 926 2577 954 ministrare.
2596 924 2639 953 Sit
2655 932 2750 952 manus
2762 930 2810 952 nco

1181 975 1320 1010 pnecipiat
1330 974 1398 1010 (Ira.
1412 976 1525 1010 sunt);
1541 976 1678 1010 quomodo
1692 979 1719 1002 tn
1736 983 1845 1002 ntanum
1856 975 1974 1007 excutis,

1181 1025 1210 1048 ut
1223 1019 1350 1054 abjicias;
1366 1028 1447 1054 quam
1457 1021 1547 1056 potius
1565 1020 1673 1051 inctttis,
1689 1025 1717 1047 ιιι
1728 1020 1863 1055 accipias;
1888 1020 1973 1047 strin-

1181 1065 1232 1100 gis,
1244 1070 1274 1092 ut
1289 1065 1398 1102 rapias;
1414 1066 1541 1098 retrahis,
1554 1071 1583 1092 ut
1595 1065 1756 1100 possidenla
1770 1065 1912 1092 recondas.
1939 1064 1972 1091 Et

1182 1117 1276 1138 revera
1294 1111 1406 1138 avaritia
1429 1111 1513 1147 836
1531 1112 1557 1138 in
1579 1119 1662 1138 manu
1687 1111 1859 1145 suscipientis
1884 1111 1972 1138 viscus

1181 1155 1441 1190 cst,qutequidquid
1454 1156 1606 1191 apponitur,
1629 1156 1718 1183 excuti
1746 1163 1799 1182 non
1821 1155 1971 1190 permittit;

1183 1199 1229 1227 sed
1243 1207 1319 1239 more
1333 1200 1415 1235 piscis
1426 1200 1530 1228 interere
1544 1200 1692 1235 compellit.
1712 1199 1782 1233 Quid
1806 1200 1905 1235 igitur?
1926 1200 1974 1227 Ri-

1182 1251 1244 1271 xam
1257 1245 1355 1272 mentis
1367 1252 1433 1272 mea
1448 1245 1518 1272 ultra
1543 1253 1597 1273 non
1612 1244 1763 1282 perferens,
1788 1248 1883 1272 sancto
1898 1243 1976 1271 fratri

1184 1294 1282 1315 munus
1306 1296 1384 1316 suum
1405 1290 1545 1317 remittere
1558 1288 1661 1317 studui.
1689 1288 1802 1321 Deinde,
1824 1288 1880 1316 Deo
1902 1288 1981 1315 auxi-

1185 1331 1276 1366 liante,
1292 1333 1354 1361 dum
1361 1334 1459 1362 .vixero
1469 1339 1564 1362 contra
1577 1333 1676 1362 sordes
1689 1340 1832 1361 munerum
1840 1333 1897 1368 jam
1909 1340 1972 1360 cau-

2025 979 2082 1002 stra
2094 974 2127 1001 ad
2141 972 2341 1007 suscipiendum
2353 974 2432 998 cauta
2447 975 2529 1004 atque
2554 972 2693 1003 suspecta;
2708 967 2741 995 ad
2751 974 2809 994 ero-

2024 1018 2140 1054 gandum
2155 1025 2219 1045 vero
2237 1024 2286 1052 pro
2300 1015 2479 1051 possibilitate
2492 1014 2616 1049 benigna.
2634 1012 2676 1040 Sit
2695 1018 2770 1040 mens
2787 1011 2813 1038 in

2025 1064 2162 1100 prosperis
2181 1063 2286 1094 timida,
2300 1062 2336 1090 sit
2349 1062 2377 1089 itt
2393 1060 2559 1089 adversitate
2570 1066 2678 1090 secura,
2700 1064 2813 1091 cumque

2024 1110 2093 1137 bona
2109 1108 2174 1135 facit
2184 1112 2211 1135 et
2221 1107 2330 1138 tolerat.
2343 1111 2407 1134 tunc
2420 1112 2450 1133 se
2464 1104 2559 1139 procul
2583 1103 2663 1130 dubio
2676 1101 2811 1130 numerari

2024 1156 2097 1182 inter
2110 1154 2210 1181 Christi
2227 1152 2349 1180 membra
2360 1150 2491 1179 conﬁdat.
2512 1149 2643 1184 Quisquis
2655 1148 2726 1176 enim
2740 1152 2813 1175 recte

2025 1199 2118 1226 vivens
2132 1197 2247 1233 ﬂagellis
2265 1196 2409 1229 atteritur,
2423 1195 2493 1223 sicut
2506 1193 2605 1230 Christi
2620 1200 2690 1220 nunc
2701 1191 2727 1219 in
2740 1196 2814 1219 utro-

2026 1250 2079 1278 que
2093 1243 2204 1278 vestigia
2220 1241 2353 1277 sequitur,
2368 1240 2405 1267 ita
2418 1238 2588 1275 postmodum
2602 1237 2660 1273 ejus
2679 1235 2814 1264 consortia

2027 1297 2080 1316 non
2094 1289 2226 1324 privatur.
2472 1293 2474 1295 ’

2196 1331 2237 1360 Sit
2250 1339 2342 1359 nomen
2357 1330 2463 1358 Domini
2481 1328 2652 1356 benedictum.

1190 1410 2798 1424 ————_—____.——_——_—_

1187 1481 1371 1518 “7-838
1401 1492 1794 1546 OPUSCULUM
1835 1492 2436 1571 QUINQUAGESIMUM
2474 1490 2810 1555 QUARTUM-

1782 1596 1837 1647 ΙξΕ
1854 1596 2014 1626 JEJUNIO
2031 1596 2214 1627 SABBAT].

1187 1744 1385 1785 Διεξιιιειιτιξιι.
1399 1745 1595 1785 -—'__Monacho_s‘
1604 1745 1638 1785 ad
1654 1745 1832 1785 ieiunandum
1854 1745 1973 1785 Sabinam
1985 1767 1992 1778 ,
2011 1746 2036 1772 in
2062 1746 2212 1785 sepultura!
2229 1746 2329 1785 Clit-isti
2355 1749 2484 1785 honorem
2497 1768 2505 1779 ,
2521 1748 2644 1785 hilariter
2657 1752 2685 1775 et
2706 1747 2816 1785 devote.

1222 1779 1293 1807 sicut
1308 1780 1394 1819 tribus
1404 1779 1465 1807 aliis
1481 1788 1529 1814 per
1542 1778 1740 1808 hebdomadam
1756 1781 1853 1808 diebus
1868 1781 1990 1808 solebant
2003 1801 2011 1814 ,
2027 1778 2209 1815 cohortatur;
2228 1782 2359 1810 utilitates
2374 1778 2503 1818 ejusdem
2517 1778 2634 1819 jcfunii‘,
2652 1787 2680 1810 et
2693 1784 2819 1810 meritum

1223 1818 1286 1842 ante
1299 1815 1393 1842 oculos
1407 1822 1570 1850 proponens.

1223 1880 1330 1908 Sanctis
1345 1879 1475 1908 fratribus
1498 1879 1524 1907 in
1545 1880 1677 1916 Gatungui
1694 1888 1786 1908 eremo
1800 1881 1956 1909 constitutis
1967 1901 1975 1912 .
1990 1883 2012 1914 C
2028 1881 2098 1909 libus
2113 1882 2193 1909 terris
2215 1885 2275 1916 quas
2299 1881 2484 1917 suscipiendis
2496 1886 2559 1910 sunt
2578 1881 2697 1911 celestis
2720 1882 2819 1918 eloquii

1190 1925 1296 1955 Passus
1306 1930 1432 1960 peccator
1445 1927 1595 1954 monachus
1609 1927 1685 1961 pacis
1695 1926 1817 1954 osculum
1832 1926 1860 1953 in
1876 1925 1979 1961 Spiritu

1190 1975 1297 2002 ιειιιςιο.

1444 2015 1558 2043 CAPUT
1577 2015 1722 2044 PRIMUM.

1193 2061 1268 2094 Quod
1283 2061 1370 2087 omnia
1382 2060 1494 2088 tardant
1506 2061 1532 2087 in
1545 2061 1593 2088 Itoc
1605 2062 1704 2088 mundo
1719 2061 1753 2088 ad
1767 2070 1844 2088 usum
1855 2061 1979 2089 hominis.

1227 2104 1400 2132 Pensualium
1411 2097 1591 2133 conductores
1600 2106 1698 2133 adium
1713 2127 1720 2139 ,
1734 2107 1776 2134 vel
1792 2112 1983 2141 procuratores

1192 2154 1328 2183 agrorum,
1357 2148 1419 2175 dum
1450 2148 1566 2176 dominis
1596 2150 1652 2177 suis
1678 2150 1785 2184 placere
1815 2145 1982 2178 desiderabi-

1192 2190 1254 2219 liter
1267 2192 1399 2224 ambiunt,
1412 2193 1582 2220 exactionum
1601 2200 1719 2221 canones
1739 2195 1832 2226 minui,
1849 2195 1983 2223 villicatus

1194 2237 1235 2265 sui
1253 2242 1383 2272 tempore,
1400 2246 1452 2265 non
1467 2239 1641 2273 permittunt;
1656 2247 1705 2267 nos
1716 2240 1809 2272 etiam,
1821 2241 1918 2274 quibus
1929 2248 1982 2268 non

1193 2282 1375 2318 quarumlibet
1396 2290 1487 2310 rerum
1500 2303 1507 2314 .
1524 2283 1570 2311 sed
1599 2285 1749 2312 animarum
1766 2290 1918 2312 vestrarum
1942 2289 1984 2313 est

1195 2328 1337 2356 commissa
1352 2327 1484 2361 custodia,
1500 2328 1577 2356 valde
1590 2329 1815 2363 pertimescimus.
1831 2330 1853 2357 si
1877 2329 1982 2365 frugum

1194 2376 1345 2399 vestrarum
1362 2372 1484 2399 redditus
1496 2392 1503 2404 ,
1524 2373 1568 2407 qui
1586 2373 1728 2400 dominicis
1745 2373 1911 2401 inferebatur
1922 2375 1985 2401 hor—

1196 2417 1248 2444 reis
1258 2437 1266 2449 ,
1281 2418 1330 2445 sub
1344 2423 1436 2446 nostra
1453 2427 1518 2446 rura
1534 2420 1681 2452 minuitur,
1696 2421 1717 2447 si
1733 2426 1833 2448 sanctas
1847 2423 1985 2450 servitutis

1197 2468 1237 2488 ves
1245 2466 1293 2489 trs:
1312 2470 1422 2496 pensum
1437 2471 1485 2498 per
1500 2470 1629 2496 nostram,
1648 2466 1720 2499 quod
1743 2467 1824 2498 absit,
1840 2467 1985 2496 conniven-

1199 2505 1262 2531 tiam
1288 2513 1339 2532 nou
1356 2506 1490 2541 impletur.
1506 2508 1639 2544 Quidquid
1662 2511 1732 2537 enim
1759 2511 1785 2538 in
1812 2512 1864 2539 hoc
1888 2513 1986 2540 mundo

2030 1927 2179 1955 seminibus
2199 1926 2362 1954 excolendae.
2379 1926 2456 1955 Sicut
2480 1935 2545 1964 ergo
2570 1928 2648 1956 nobis
2673 1928 2820 1957 timendum

2030 1978 2083 2004 est,
2094 1972 2139 2006 qui
2151 1972 2224 1999 circa
2236 1977 2354 2000 vestram
2364 1973 2493 2008 jubemur
2503 1972 2644 2008 invigilare
2654 1974 2803 2001 custodiam
2811 1995 2819 2007 ,

2032 2017 2068 2044 ita
2081 2022 2109 2045 et
2122 2025 2171 2045 vos
2183 2025 2244 2045 cum
2268 2025 2366 2053 magna
2387 2017 2480 2045 latitia
2491 2017 2592 2050 cordis,
2608 2018 2642 2045 ad
2658 2018 2820 2053 propositam

2032 2061 2134 2089 sanctis
2148 2059 2285 2089 laboribds
2299 2061 2398 2089 vestris
2418 2061 2523 2090 debetis
2533 2061 2662 2090 anhelare
2682 2069 2818 2096 coronam,

2033 2113 2083 2134 nec
2098 2107 2220 2133 minuere
2239 2106 2311 2140 quod
2332 2106 2472 2141 cmpistis;
2495 2105 2541 2134 sed
2556 2106 2660 2141 pondus
2682 2106 2799 2140 levigare
2811 2127 2820 2140 ,

2028 2151 2220 2187 prospiciendo
2233 2159 2287 2187 quo
2304 2151 2424 2179 tenditis.
2436 2151 2509 2179 lnter
2519 2157 2631 2179 caeteros
2641 2155 2730 2179 autem
2741 2150 2821 2180 ﬂores

2033 2202 2133 2224 sanctae
2147 2201 2244 2224 vestras
2260 2195 2476 2224 conversationis
2489 2199 2517 2223 et
2541 2196 2628 2223 studia
2642 2195 2748 2231 pietatis
2762 2202 2821 2230 sug-

2033 2250 2096 2276 gero
2109 2241 2235 2271 cltaritati
2250 2246 2347 2268 vestras
2375 2245 2405 2268 ttt
2427 2245 2543 2275 quatuor
2561 2248 2609 2275 per
2627 2239 2820 2268 hebdomadam

2033 2287 2127 2314 diebus
2142 2290 2270 2314 consueta
2281 2284 2376 2320 jejunii
2391 2285 2481 2321 regula
2497 2289 2634 2318 teneatur,
2649 2289 2677 2312 et
2690 2284 2821 2324 praecipuo

2035 2330 2195 2363 Sabbatum,
2216 2331 2288 2366 quod
2312 2330 2338 2358 in
2363 2331 2540 2366 quorumdam
2553 2334 2642 2357 mente
2651 2329 2760 2365 jamjam
2775 2336 2820 2357 va-

2035 2376 2128 2409 cillat,
2143 2376 2194 2403 nisi
2216 2384 2231 2403 a
2255 2375 2398 2409 debilibus,
2424 2383 2477 2404 non
2503 2375 2633 2403 solvatur.
2654 2374 2719 2402 Novi
2731 2375 2818 2411 plane,

2035 2422 2106 2457 quod
2129 2422 2209 2449 trium
2233 2421 2337 2449 diorum
2365 2421 2423 2449 sine
2447 2427 2552 2456 pugna,
2575 2425 2602 2447 et
2626 2420 2819 2458 diserepatioue

2033 2466 2135 2501 jejunio
2151 2467 2354 2501 transiguntur;
2378 2466 2495 2493 Sabbato
2521 2470 2611 2492 autem
2626 2472 2702 2492 mens
2715 2465 2817 2492 inﬁrma

2037 2517 2064 2540 et
2079 2513 2167 2546 tepida
2182 2512 2311 2547 paulatim
2328 2511 2422 2546 incipit
2436 2511 2462 2538 itt
2477 2510 2591 2545 quodam
2607 2509 2769 2541 abstinendi.
2780 2509 2820 2536 vel

1199 2548 1347 2582 laboratur,
1362 2552 1387 2578 in
1402 2560 1465 2580 usus
1477 2555 1583 2588 prolicit
1595 2556 1722 2589 hominis,
1736 2557 1809 2584 solus
1824 2563 1913 2584 autent
1929 2559 1988 2585 ani-
2005 2556 2028 2586 D
2040 2559 2134 2586 edendi
2149 2558 2298 2586 meditullio
2312 2562 2409 2584 nutare
2422 2577 2430 2589 ,
2446 2561 2474 2584 et
2488 2561 2614 2592 tanquam
2630 2557 2656 2583 in
2672 2556 2742 2583 bivio
2757 2563 2821 2583 con-

1198 2603 1303 2623 tnarum
1323 2596 1425 2625 intr-tus
1447 2603 1538 2627 usibus
1560 2601 1677 2629 deservit
1705 2603 1834 2630 auctoris.
1861 2603 1899 2630 Eo
1923 2611 1986 2637 ergo

1200 2639 1390 2669 formidolosus
1403 2642 1524 2671 divinum
1539 2646 1662 2680 cogimur
1675 2653 1832 2682 exspectare
1844 2649 1985 2683 judicium,

1200 2693 1218 2720 (ι
1236 2693 1253 2714 o
1269 2688 1399 2716 rationem
1424 2689 1561 2723 debemus,
1585 2699 1636 2719 non
1652 2693 1684 2719 de
1704 2694 1839 2726 sentem-us
1855 2694 1881 2720 in
1898 2702 1985 2721 seces-

1147 2758 1152 2762 .
1200 2738 1278 2758 suum
1297 2740 1357 2759 mox
1371 2734 1510 2762 cuniculos
1531 2736 1696 2771 digercn:lis:
1715 2739 1759 2764 sel
1785 2739 1817 2766 de
1843 2739 1985 2766 animabus

1204 2775 1303 2810 potius,
1318 2785 1377 2812 qua:
1397 2780 1436 2807 sui
1453 2786 1650 2815 repraesentant
1666 2783 1807 2817 imaginem
1821 2783 1985 2811 Conditoris.

1204 2817 1261 2846 Non
1275 2820 1351 2850 plane
1363 2820 1395 2849 ad
1409 2824 1484 2849 ratim
1494 2824 1576 2851 inium
1589 2827 1711 2853 ducimur
1723 2828 1754 2853 dc
1767 2828 1915 2859 novalibus,
1928 2836 1988 2861 qua!

1207 2867 1356 2893 vomeribus
1373 2874 1443 2901 sunt,
1460 2876 1485 2895 Cl.
1501 2871 1590 2896 mittis
1608 2872 1745 2900 nhnmix.
1762 2875 1807 2899 sed
1823 2874 1853 2900 de“
1871 2881 1985 2900 rationa-

0 3185 669 3365 ’μγ

2040 2605 2132 2632 stituta
2148 2625 2154 2637 ,
2171 2612 2225 2639 quo
2245 2603 2384 2637 potissimo
2398 2610 2535 2638 egressum
2551 2606 2658 2633 vertat,
2678 2600 2821 2636 ambigere,

2042 2657 2156 2685 moxque
2181 2658 2195 2677 a
2220 2657 2269 2676 suo
2292 2649 2380 2684 rigore
2404 2648 2557 2680 resolvitur,
2572 2655 2686 2678 incusas,
2701 2647 2822 2682 patinas.

2041 2695 2139 2722 calices
2150 2700 2176 2722 et
2192 2694 2322 2728 quidquid
2334 2693 2430 2721 eduliis
2442 2693 2579 2728 competit,
2594 2693 2748 2720 meditatur.
2760 2691 2824 2720 Cor-

2041 2747 2104 2775 pore
2124 2747 2154 2766 se
2172 2739 2288 2766 debilem
2312 2738 2440 2771 simulat,
2454 2746 2514 2773 quae
2541 2738 2575 2765 sit
2599 2737 2691 2765 edendi
2708 2737 2824 2765 suavitas

2039 2785 2142 2812 crebris
2156 2785 2182 2811 in
2197 2783 2404 2819 cogitationibus
2417 2786 2507 2810 versat
2520 2791 2526 2809 :
2543 2789 2654 2817 seseque
2665 2781 2824 2817 peragendis

2040 2836 2240 2863 sopri-ventura:
2255 2829 2341 2856 noctis
2354 2828 2474 2856 sulltcere
2485 2835 2564 2863 posse
2577 2829 2710 2862 desperat.
2723 2827 2824 2855 Interea

2043 2883 2197 2902 wit-mosus
2224 2876 2264 2901 l‘ill,‘
2288 2875 2355 2909 grtia:
2382 2873 2527 2910 prurientis
2553 2873 2672 2900 incentor
2693 2871 2825 2903 accendit.
