  <div class='ocr_page' id='page_1' title='image "/cluster/home/n/w/nwhite01/storage/ocr_20150623/144-145/uc1.31175001639262/938.png"; bbox 0 0 5882 6586; ppageno 0'>
   <div class='ocr_carea' id='block_1_1' title="bbox 1029 380 1138 440">
    <p class='ocr_par' dir='ltr' id='par_1_1' title="bbox 1029 380 1138 440">
     <span class='ocr_line' id='line_1_1' title="bbox 1029 380 1138 440; baseline -0.028 -1"><span class='ocrx_word' id='word_1_1' title='bbox 1029 380 1138 440; x_wconf 82' lang='lat'><strong>797</strong></span> 
     </span>
    </p>
   </div>
   <div class='ocr_carea' id='block_1_2' title="bbox 2038 363 3357 434">
    <p class='ocr_par' dir='ltr' id='par_1_2' title="bbox 2038 363 3357 434">
     <span class='ocr_line' id='line_1_2' title="bbox 2038 363 3357 434; baseline -0.011 0"><span class='ocrx_word' id='word_1_2' title='bbox 2038 374 2286 434; x_wconf 78' lang='lat' dir='ltr'><strong>OPUSC.</strong></span> <span class='ocrx_word' id='word_1_3' title='bbox 2328 371 2566 430; x_wconf 69' lang='lat' dir='ltr'><strong>LIV.-—</strong></span> <span class='ocrx_word' id='word_1_4' title='bbox 2602 370 2690 427; x_wconf 84' lang='lat' dir='ltr'><strong>DE</strong></span> <span class='ocrx_word' id='word_1_5' title='bbox 2727 365 3003 426; x_wconf 77' lang='lat' dir='ltr'><strong>JEJUNiO</strong></span> <span class='ocrx_word' id='word_1_6' title='bbox 3045 363 3357 424; x_wconf 74' lang='lat' dir='ltr'><strong>SABBATL</strong></span> 
     </span>
    </p>
   </div>
   <div class='ocr_carea' id='block_1_3' title="bbox 4218 356 4324 418">
    <p class='ocr_par' dir='ltr' id='par_1_3' title="bbox 4218 356 4324 418">
     <span class='ocr_line' id='line_1_3' title="bbox 4218 356 4324 418; baseline 0 0"><span class='ocrx_word' id='word_1_7' title='bbox 4218 356 4324 418; x_wconf 70' lang='grc' dir='ltr'><strong>ποθ</strong></span> 
     </span>
    </p>
   </div>
   <div class='ocr_carea' id='block_1_4' title="bbox 1030 473 4324 562">
    <p class='ocr_par' dir='ltr' id='par_1_4' title="bbox 1030 473 4324 562">
     <span class='ocr_line' id='line_1_4' title="bbox 1030 473 4324 562; baseline -0.007 -9"><span class='ocrx_word' id='word_1_8' title='bbox 1030 491 1307 553; x_wconf 77' lang='lat' dir='ltr'><strong>reﬁciendi</strong></span> <span class='ocrx_word' id='word_1_9' title='bbox 1339 491 1619 547; x_wconf 75' lang='lat' dir='ltr'><strong>libidinem</strong></span> <span class='ocrx_word' id='word_1_10' title='bbox 1655 489 1874 562; x_wconf 78' lang='lat' dir='ltr'><strong>ingerit,</strong></span> <span class='ocrx_word' id='word_1_11' title='bbox 1917 502 2186 544; x_wconf 89' lang='lat' dir='ltr'><strong>venenum</strong></span> <span class='ocrx_word' id='word_1_12' title='bbox 2231 485 2499 557; x_wconf 70' lang='lat' dir='ltr'><strong>pestiferae</strong></span> <span class='ocrx_word' id='word_1_13' title='bbox 2528 484 2623 539; x_wconf 87' lang='lat' dir='ltr'><strong>de-</strong></span> <span class='ocrx_word' id='word_1_14' title='bbox 2652 489 2697 546; x_wconf 80' lang='grc' dir='ltr'><strong>Α</strong></span> <span class='ocrx_word' id='word_1_15' title='bbox 2727 482 2864 552; x_wconf 84' lang='lat' dir='ltr'><strong>ejus,</strong></span> <span class='ocrx_word' id='word_1_16' title='bbox 2897 480 2987 552; x_wconf 86' lang='lat' dir='ltr'><strong>qui</strong></span> <span class='ocrx_word' id='word_1_17' title='bbox 3024 480 3089 535; x_wconf 92' lang='lat' dir='ltr'><strong>de</strong></span> <span class='ocrx_word' id='word_1_18' title='bbox 3129 490 3304 534; x_wconf 88' lang='lat' dir='ltr'><strong>morte</strong></span> <span class='ocrx_word' id='word_1_19' title='bbox 3340 476 3679 541; x_wconf 89' lang='lat' dir='ltr'><strong>resurrexit,</strong></span> <span class='ocrx_word' id='word_1_20' title='bbox 3708 476 3936 547; x_wconf 79' lang='lat' dir='ltr'><strong>gloriam</strong></span> <span class='ocrx_word' id='word_1_21' title='bbox 3969 484 4179 530; x_wconf 88' lang='lat' dir='ltr'><strong>cernat.</strong></span> <span class='ocrx_word' id='word_1_22' title='bbox 4212 473 4324 529; x_wconf 83' lang='lat' dir='ltr'><strong>Lu-</strong></span> 
     </span>
    </p>
   </div>
   <div class='ocr_carea' id='block_1_5' title="bbox 1032 578 2619 649">
    <p class='ocr_par' dir='ltr' id='par_1_5' title="bbox 1032 578 2619 649">
     <span class='ocr_line' id='line_1_5' title="bbox 1032 578 2619 649; baseline -0.009 -6"><span class='ocrx_word' id='word_1_23' title='bbox 1032 583 1339 643; x_wconf 87' lang='lat' dir='ltr'><strong>Iectationis</strong></span> <span class='ocrx_word' id='word_1_24' title='bbox 1385 580 1641 649; x_wconf 78' lang='lat' dir='ltr'><strong>infundit,</strong></span> <span class='ocrx_word' id='word_1_25' title='bbox 1673 597 1895 637; x_wconf 88' lang='lat' dir='ltr'><strong>auream</strong></span> <span class='ocrx_word' id='word_1_26' title='bbox 1933 579 2278 636; x_wconf 75' lang='lat' dir='ltr'><strong>discretionis</strong></span> <span class='ocrx_word' id='word_1_27' title='bbox 2313 578 2502 633; x_wconf 88' lang='lat' dir='ltr'><strong>edocet</strong></span> <span class='ocrx_word' id='word_1_28' title='bbox 2537 590 2619 630; x_wconf 90' lang='lat' dir='ltr'><strong>se-</strong></span> 
     </span>
    </p>
   </div>
   <div class='ocr_carea' id='block_1_6' title="bbox 1032 666 2615 739">
    <p class='ocr_par' dir='ltr' id='par_1_6' title="bbox 1032 666 2615 739">
     <span class='ocr_line' id='line_1_6' title="bbox 1032 666 2615 739; baseline -0.007 -9"><span class='ocrx_word' id='word_1_29' title='bbox 1032 675 1243 739; x_wconf 85' lang='lat' dir='ltr'><strong>mitam,</strong></span> <span class='ocrx_word' id='word_1_30' title='bbox 1271 670 1675 729; x_wconf 87' lang='lat' dir='ltr'><strong>indiscretionis</strong></span> <span class='ocrx_word' id='word_1_31' title='bbox 1717 672 1915 727; x_wconf 89' lang='lat' dir='ltr'><strong>astruit</strong></span> <span class='ocrx_word' id='word_1_32' title='bbox 1942 683 2285 738; x_wconf 88' lang='lat' dir='ltr'><strong>smnmopere</strong></span> <span class='ocrx_word' id='word_1_33' title='bbox 2313 666 2615 723; x_wconf 79' lang='lat' dir='ltr'><strong>cavendam</strong></span> 
     </span>
    </p>
   </div>
   <div class='ocr_carea' id='block_1_7' title="bbox 1032 754 2616 826">
    <p class='ocr_par' dir='ltr' id='par_1_7' title="bbox 1032 754 2616 826">
     <span class='ocr_line' id='line_1_7' title="bbox 1032 754 2616 826; baseline -0.008 -7"><span class='ocrx_word' id='word_1_34' title='bbox 1032 777 1153 819; x_wconf 85' lang='lat' dir='ltr'><strong>esse</strong></span> <span class='ocrx_word' id='word_1_35' title='bbox 1182 764 1420 826; x_wconf 88' lang='lat' dir='ltr'><strong>ruinam;</strong></span> <span class='ocrx_word' id='word_1_36' title='bbox 1455 762 1646 816; x_wconf 91' lang='lat' dir='ltr'><strong>melius</strong></span> <span class='ocrx_word' id='word_1_37' title='bbox 1672 775 1796 816; x_wconf 90' lang='lat' dir='ltr'><strong>esse</strong></span> <span class='ocrx_word' id='word_1_38' title='bbox 1825 773 1950 815; x_wconf 89' lang='lat' dir='ltr'><strong>cum</strong></span> <span class='ocrx_word' id='word_1_39' title='bbox 1982 757 2277 813; x_wconf 83' lang='lat' dir='ltr'><strong>sobrietate</strong></span> <span class='ocrx_word' id='word_1_40' title='bbox 2306 754 2616 816; x_wconf 90' lang='lat' dir='ltr'><strong>comedere,</strong></span> 
     </span>
    </p>
   </div>
   <div class='ocr_carea' id='block_1_8' title="bbox 1033 844 2624 922">
    <p class='ocr_par' dir='ltr' id='par_1_8' title="bbox 1033 844 2624 922">
     <span class='ocr_line' id='line_1_8' title="bbox 1033 844 2624 922; baseline -0.005 -17"><span class='ocrx_word' id='word_1_41' title='bbox 1033 866 1197 922; x_wconf 89' lang='lat' dir='ltr'><strong>quam</strong></span> <span class='ocrx_word' id='word_1_42' title='bbox 1228 850 1420 905; x_wconf 84' lang='lat' dir='ltr'><strong>edendi</strong></span> <span class='ocrx_word' id='word_1_43' title='bbox 1449 850 1657 906; x_wconf 81' lang='lat' dir='ltr'><strong>rabiem</strong></span> <span class='ocrx_word' id='word_1_44' title='bbox 1704 849 1973 919; x_wconf 88' lang='lat' dir='ltr'><strong>duplicata</strong></span> <span class='ocrx_word' id='word_1_45' title='bbox 2006 846 2151 901; x_wconf 88' lang='lat' dir='ltr'><strong>fame</strong></span> <span class='ocrx_word' id='word_1_46' title='bbox 2177 848 2409 901; x_wconf 90' lang='lat' dir='ltr'><strong>nutrire.</strong></span> <span class='ocrx_word' id='word_1_47' title='bbox 2449 844 2624 899; x_wconf 85' lang='lat' dir='ltr'><strong>Accu-</strong></span> 
     </span>
    </p>
   </div>
   <div class='ocr_carea' id='block_1_9' title="bbox 1033 936 2626 1013">
    <p class='ocr_par' dir='ltr' id='par_1_9' title="bbox 1033 936 2626 1013">
     <span class='ocr_line' id='line_1_9' title="bbox 1033 936 2626 1013; baseline -0.008 -12"><span class='ocrx_word' id='word_1_48' title='bbox 1033 954 1153 1001; x_wconf 79' lang='lat' dir='ltr'><strong>ratc</strong></span> <span class='ocrx_word' id='word_1_49' title='bbox 1183 952 1417 1013; x_wconf 81' lang='lat' dir='ltr'><strong>namque</strong></span> <span class='ocrx_word' id='word_1_50' title='bbox 1444 943 1589 997; x_wconf 86' lang='lat' dir='ltr'><strong>hunc</strong></span> <span class='ocrx_word' id='word_1_51' title='bbox 1631 958 1741 999; x_wconf 84' lang='lat' dir='ltr'><strong>suae</strong></span> <span class='ocrx_word' id='word_1_52' title='bbox 1770 940 2086 995; x_wconf 90' lang='lat' dir='ltr'><strong>calliditatis</strong></span> <span class='ocrx_word' id='word_1_53' title='bbox 2116 939 2335 1000; x_wconf 88' lang='lat' dir='ltr'><strong>hamum</strong></span> <span class='ocrx_word' id='word_1_54' title='bbox 2369 936 2626 992; x_wconf 84' lang='lat' dir='ltr'><strong>seductor</strong></span> 
     </span>
    </p>
   </div>
   <div class='ocr_carea' id='block_1_10' title="bbox 1033 1027 2624 1106">
    <p class='ocr_par' dir='ltr' id='par_1_10' title="bbox 1033 1027 2624 1106">
     <span class='ocr_line' id='line_1_10' title="bbox 1033 1027 2624 1106; baseline -0.006 -16"><span class='ocrx_word' id='word_1_55' title='bbox 1033 1036 1291 1106; x_wconf 80' lang='lat' dir='ltr'><strong>antiquus</strong></span> <span class='ocrx_word' id='word_1_56' title='bbox 1322 1035 1375 1090; x_wconf 88' lang='lat' dir='ltr'><strong>in</strong></span> <span class='ocrx_word' id='word_1_57' title='bbox 1404 1034 1542 1090; x_wconf 85' lang='lat' dir='ltr'><strong>filios</strong></span> <span class='ocrx_word' id='word_1_58' title='bbox 1572 1033 1774 1102; x_wconf 85' lang='lat' dir='ltr'><strong>injicit.</strong></span> <span class='ocrx_word' id='word_1_59' title='bbox 1809 1031 1899 1101; x_wconf 91' lang='lat' dir='ltr'><strong>qui</strong></span> <span class='ocrx_word' id='word_1_60' title='bbox 1941 1030 2069 1086; x_wconf 90' lang='lat' dir='ltr'><strong>olim</strong></span> <span class='ocrx_word' id='word_1_61' title='bbox 2114 1032 2181 1085; x_wconf 90' lang='lat' dir='ltr'><strong>ad</strong></span> <span class='ocrx_word' id='word_1_62' title='bbox 2211 1027 2503 1100; x_wconf 87' lang='lat' dir='ltr'><strong>capiendos</strong></span> <span class='ocrx_word' id='word_1_63' title='bbox 2525 1041 2624 1095; x_wconf 87' lang='lat' dir='ltr'><strong>pa-</strong></span> 
     </span>
    </p>
   </div>
   <div class='ocr_carea' id='block_1_11' title="bbox 1035 1116 2626 1195">
    <p class='ocr_par' dir='ltr' id='par_1_11' title="bbox 1035 1116 2626 1195">
     <span class='ocr_line' id='line_1_11' title="bbox 1035 1116 2626 1195; baseline -0.007 -15"><span class='ocrx_word' id='word_1_64' title='bbox 1035 1132 1218 1181; x_wconf 88' lang='lat' dir='ltr'><strong>rentes</strong></span> <span class='ocrx_word' id='word_1_65' title='bbox 1245 1124 1467 1180; x_wconf 85' lang='lat' dir='ltr'><strong>humani</strong></span> <span class='ocrx_word' id='word_1_66' title='bbox 1506 1125 1721 1195; x_wconf 76' lang='lat' dir='ltr'><strong>generis</strong></span> <span class='ocrx_word' id='word_1_67' title='bbox 1761 1120 2025 1176; x_wconf 89' lang='lat' dir='ltr'><strong>inescavit</strong></span> <span class='ocrx_word' id='word_1_68' title='bbox 2062 1117 2227 1190; x_wconf 84' lang='lat' dir='ltr'><strong>(Gen.</strong></span> <span class='ocrx_word' id='word_1_69' title='bbox 2270 1116 2384 1188; x_wconf 88' lang='grc' dir='ltr'><strong>ιιι).</strong></span> <span class='ocrx_word' id='word_1_70' title='bbox 2422 1116 2626 1171; x_wconf 83' lang='lat' dir='ltr'><strong>Aculeo</strong></span> 
     </span>
    </p>
   </div>
   <div class='ocr_carea' id='block_1_12' title="bbox 1033 1206 2627 1287">
    <p class='ocr_par' dir='ltr' id='par_1_12' title="bbox 1033 1206 2627 1287">
     <span class='ocr_line' id='line_1_12' title="bbox 1033 1206 2627 1287; baseline -0.006 -17"><span class='ocrx_word' id='word_1_71' title='bbox 1033 1217 1176 1287; x_wconf 66' lang='lat' dir='ltr'><strong>gulae</strong></span> <span class='ocrx_word' id='word_1_72' title='bbox 1212 1215 1505 1272; x_wconf 78' lang='lat' dir='ltr'><strong>transﬁxus</strong></span> <span class='ocrx_word' id='word_1_73' title='bbox 1546 1223 1800 1277; x_wconf 85' lang='lat' dir='ltr'><strong>parentes</strong></span> <span class='ocrx_word' id='word_1_74' title='bbox 1852 1222 2069 1268; x_wconf 90' lang='lat' dir='ltr'><strong>nostros</strong></span> <span class='ocrx_word' id='word_1_75' title='bbox 2123 1216 2455 1271; x_wconf 77' lang='lat' dir='ltr'><strong>attraxerat,</strong></span> <span class='ocrx_word' id='word_1_76' title='bbox 2488 1206 2627 1279; x_wconf 67' lang='lat' dir='ltr'><strong>gula:</strong></span> 
     </span>
    </p>
   </div>
   <div class='ocr_carea' id='block_1_13' title="bbox 1035 1298 2629 1375">
    <p class='ocr_par' dir='ltr' id='par_1_13' title="bbox 1035 1298 2629 1375">
     <span class='ocr_line' id='line_1_13' title="bbox 1035 1298 2629 1375; baseline -0.006 -14"><span class='ocrx_word' id='word_1_77' title='bbox 1035 1306 1215 1363; x_wconf 86' lang='lat' dir='ltr'><strong>adhuc</strong></span> <span class='ocrx_word' id='word_1_78' title='bbox 1238 1307 1445 1361; x_wconf 82' lang='lat' dir='ltr'><strong>aditum</strong></span> <span class='ocrx_word' id='word_1_79' title='bbox 1491 1306 1559 1360; x_wconf 91' lang='lat' dir='ltr'><strong>ad</strong></span> <span class='ocrx_word' id='word_1_80' title='bbox 1604 1304 1903 1375; x_wconf 88' lang='lat' dir='ltr'><strong>capiendos</strong></span> <span class='ocrx_word' id='word_1_81' title='bbox 1933 1318 2031 1358; x_wconf 92' lang='lat' dir='ltr'><strong>nos</strong></span> <span class='ocrx_word' id='word_1_82' title='bbox 2060 1302 2290 1359; x_wconf 89' lang='lat' dir='ltr'><strong>callidus</strong></span> <span class='ocrx_word' id='word_1_83' title='bbox 2318 1298 2629 1370; x_wconf 80' lang='lat' dir='ltr'><strong>explorator</strong></span> 
     </span>
    </p>
   </div>
   <div class='ocr_carea' id='block_1_14' title="bbox 1034 1394 2632 1464">
    <p class='ocr_par' dir='ltr' id='par_1_14' title="bbox 1034 1394 2632 1464">
     <span class='ocr_line' id='line_1_14' title="bbox 1034 1394 2632 1464; baseline -0.005 -13"><span class='ocrx_word' id='word_1_84' title='bbox 1034 1398 1306 1452; x_wconf 83' lang='lat' dir='ltr'><strong>observat.</strong></span> <span class='ocrx_word' id='word_1_85' title='bbox 1337 1395 1574 1451; x_wconf 82' lang='lat' dir='ltr'><strong>Adhibet</strong></span> <span class='ocrx_word' id='word_1_86' title='bbox 1600 1396 1776 1450; x_wconf 89' lang='lat' dir='ltr'><strong>adhuc</strong></span> <span class='ocrx_word' id='word_1_87' title='bbox 1829 1404 1886 1449; x_wconf 91' lang='lat' dir='ltr'><strong>et</strong></span> <span class='ocrx_word' id='word_1_88' title='bbox 1938 1394 2213 1464; x_wconf 89' lang='lat' dir='ltr'><strong>quoslibet</strong></span> <span class='ocrx_word' id='word_1_89' title='bbox 2261 1400 2632 1448; x_wconf 84' lang='lat' dir='ltr'><strong>assentatores</strong></span> 
     </span>
    </p>
   </div>
   <div class='ocr_carea' id='block_1_15' title="bbox 1036 1483 2631 1556">
    <p class='ocr_par' dir='ltr' id='par_1_15' title="bbox 1036 1483 2631 1556">
     <span class='ocr_line' id='line_1_15' title="bbox 1036 1483 2631 1556; baseline -0.003 -15"><span class='ocrx_word' id='word_1_90' title='bbox 1036 1501 1101 1541; x_wconf 85' lang='lat' dir='ltr'><strong>ac</strong></span> <span class='ocrx_word' id='word_1_91' title='bbox 1140 1485 1498 1556; x_wconf 87' lang='lat' dir='ltr'><strong>placentarios</strong></span> <span class='ocrx_word' id='word_1_92' title='bbox 1548 1486 1773 1550; x_wconf 86' lang='lat' dir='ltr'><strong>incitat;</strong></span> <span class='ocrx_word' id='word_1_93' title='bbox 1815 1495 1872 1539; x_wconf 93' lang='lat' dir='ltr'><strong>ut</strong></span> <span class='ocrx_word' id='word_1_94' title='bbox 1905 1488 2006 1539; x_wconf 87' lang='lat' dir='ltr'><strong>hoc</strong></span> <span class='ocrx_word' id='word_1_95' title='bbox 2035 1486 2376 1540; x_wconf 90' lang='lat' dir='ltr'><strong>extrinsecus</strong></span> <span class='ocrx_word' id='word_1_96' title='bbox 2405 1483 2631 1547; x_wconf 88' lang='lat' dir='ltr'><strong>dicant,</strong></span> 
     </span>
    </p>
   </div>
   <div class='ocr_carea' id='block_1_16' title="bbox 1034 1572 2634 1644">
    <p class='ocr_par' dir='ltr' id='par_1_16' title="bbox 1034 1572 2634 1644">
     <span class='ocr_line' id='line_1_16' title="bbox 1034 1572 2634 1644; baseline -0.001 -17"><span class='ocrx_word' id='word_1_97' title='bbox 1034 1574 1180 1644; x_wconf 85' lang='lat' dir='ltr'><strong>quod</strong></span> <span class='ocrx_word' id='word_1_98' title='bbox 1236 1574 1323 1630; x_wconf 90' lang='lat' dir='ltr'><strong>ille</strong></span> <span class='ocrx_word' id='word_1_99' title='bbox 1375 1575 1604 1629; x_wconf 81' lang='lat' dir='ltr'><strong>interius</strong></span> <span class='ocrx_word' id='word_1_100' title='bbox 1652 1575 1925 1638; x_wconf 84' lang='lat' dir='ltr'><strong>seminat,</strong></span> <span class='ocrx_word' id='word_1_101' title='bbox 1959 1582 2230 1643; x_wconf 83' lang='lat' dir='ltr'><strong>quatenus</strong></span> <span class='ocrx_word' id='word_1_102' title='bbox 2279 1573 2444 1627; x_wconf 84' lang='lat' dir='ltr'><strong>miser</strong></span> <span class='ocrx_word' id='word_1_103' title='bbox 2468 1572 2634 1626; x_wconf 89' lang='lat' dir='ltr'><strong>homo</strong></span> 
     </span>
    </p>
   </div>
   <div class='ocr_carea' id='block_1_17' title="bbox 1037 1662 2634 1729">
    <p class='ocr_par' dir='ltr' id='par_1_17' title="bbox 1037 1662 2634 1729">
     <span class='ocr_line' id='line_1_17' title="bbox 1037 1662 2634 1729; baseline -0.004 -10"><span class='ocrx_word' id='word_1_104' title='bbox 1037 1669 1183 1719; x_wconf 83' lang='lat' dir='ltr'><strong>inter</strong></span> <span class='ocrx_word' id='word_1_105' title='bbox 1216 1673 1293 1720; x_wconf 90' lang='lat' dir='ltr'><strong>tot</strong></span> <span class='ocrx_word' id='word_1_106' title='bbox 1319 1665 1543 1720; x_wconf 89' lang='lat' dir='ltr'><strong>balistas</strong></span> <span class='ocrx_word' id='word_1_107' title='bbox 1570 1672 1622 1720; x_wconf 90' lang='lat' dir='ltr'><strong>et</strong></span> <span class='ocrx_word' id='word_1_108' title='bbox 1650 1664 1951 1729; x_wconf 87' lang='lat' dir='ltr'><strong>machinas,</strong></span> <span class='ocrx_word' id='word_1_109' title='bbox 1984 1664 2125 1718; x_wconf 85' lang='lat' dir='ltr'><strong>inter</strong></span> <span class='ocrx_word' id='word_1_110' title='bbox 2153 1672 2231 1721; x_wconf 90' lang='lat' dir='ltr'><strong>tot</strong></span> <span class='ocrx_word' id='word_1_111' title='bbox 2259 1662 2490 1717; x_wconf 90' lang='lat' dir='ltr'><strong>telorum</strong></span> <span class='ocrx_word' id='word_1_112' title='bbox 2521 1671 2634 1715; x_wconf 87' lang='lat' dir='ltr'><strong>tur-</strong></span> 
     </span>
    </p>
   </div>
   <div class='ocr_carea' id='block_1_18' title="bbox 1037 1751 2636 1823">
    <p class='ocr_par' dir='ltr' id='par_1_18' title="bbox 1037 1751 2636 1823">
     <span class='ocr_line' id='line_1_18' title="bbox 1037 1751 2636 1823; baseline -0.004 -14"><span class='ocrx_word' id='word_1_113' title='bbox 1037 1754 1197 1810; x_wconf 82' lang='lat' dir='ltr'><strong>hines</strong></span> <span class='ocrx_word' id='word_1_114' title='bbox 1224 1764 1278 1810; x_wconf 89' lang='lat' dir='ltr'><strong>et</strong></span> <span class='ocrx_word' id='word_1_115' title='bbox 1300 1755 1585 1810; x_wconf 86' lang='lat' dir='ltr'><strong>missilium</strong></span> <span class='ocrx_word' id='word_1_116' title='bbox 1607 1763 1953 1823; x_wconf 81' lang='lat' dir='ltr'><strong>tempeStates</strong></span> <span class='ocrx_word' id='word_1_117' title='bbox 1981 1754 2139 1808; x_wconf 77' lang='lat' dir='ltr'><strong>facile</strong></span> <span class='ocrx_word' id='word_1_118' title='bbox 2160 1762 2416 1817; x_wconf 87' lang='lat' dir='ltr'><strong>corruat;</strong></span> <span class='ocrx_word' id='word_1_119' title='bbox 2444 1751 2636 1805; x_wconf 89' lang='lat' dir='ltr'><strong>adver-</strong></span> 
     </span>
    </p>
   </div>
   <div class='ocr_carea' id='block_1_19' title="bbox 1039 1831 2707 1915">
    <p class='ocr_par' dir='ltr' id='par_1_19' title="bbox 1039 1831 2707 1915">
     <span class='ocr_line' id='line_1_19' title="bbox 1039 1831 2707 1915; baseline -0.004 -17"><span class='ocrx_word' id='word_1_120' title='bbox 1039 1858 1159 1898; x_wconf 85' lang='lat' dir='ltr'><strong>sum</strong></span> <span class='ocrx_word' id='word_1_121' title='bbox 1181 1859 1341 1914; x_wconf 84' lang='lat' dir='ltr'><strong>quem</strong></span> <span class='ocrx_word' id='word_1_122' title='bbox 1384 1843 1640 1900; x_wconf 73' lang='lat' dir='ltr'><strong>videlicet</strong></span> <span class='ocrx_word' id='word_1_123' title='bbox 1692 1853 1746 1899; x_wconf 91' lang='lat' dir='ltr'><strong>et</strong></span> <span class='ocrx_word' id='word_1_124' title='bbox 1771 1844 2075 1915; x_wconf 71' lang='lat' dir='ltr'><strong>linguarum</strong></span> <span class='ocrx_word' id='word_1_125' title='bbox 2105 1844 2319 1899; x_wconf 85' lang='lat' dir='ltr'><strong>obsidio</strong></span> <span class='ocrx_word' id='word_1_126' title='bbox 2344 1852 2400 1898; x_wconf 90' lang='lat' dir='ltr'><strong>et</strong></span> <span class='ocrx_word' id='word_1_127' title='bbox 2421 1843 2628 1911; x_wconf 85' lang='lat' dir='ltr'><strong>cogita-</strong></span> <span class='ocrx_word' id='word_1_128' title='bbox 2662 1831 2707 1891; x_wconf 82' lang='grc' dir='ltr'><strong>Β</strong></span> 
     </span>
    </p>
   </div>
   <div class='ocr_carea' id='block_1_20' title="bbox 1039 1930 2628 2001">
    <p class='ocr_par' dir='ltr' id='par_1_20' title="bbox 1039 1930 2628 2001">
     <span class='ocr_line' id='line_1_20' title="bbox 1039 1930 2628 2001; baseline -0.001 -16"><span class='ocrx_word' id='word_1_129' title='bbox 1039 1930 1251 1987; x_wconf 89' lang='lat' dir='ltr'><strong>tionum</strong></span> <span class='ocrx_word' id='word_1_130' title='bbox 1311 1932 1509 1987; x_wconf 86' lang='lat' dir='ltr'><strong>seditio</strong></span> <span class='ocrx_word' id='word_1_131' title='bbox 1554 1932 1939 2001; x_wconf 84' lang='lat' dir='ltr'><strong>conspirantes</strong></span> <span class='ocrx_word' id='word_1_132' title='bbox 1985 1932 2317 1987; x_wconf 87' lang='lat' dir='ltr'><strong>unanimiter</strong></span> <span class='ocrx_word' id='word_1_133' title='bbox 2367 1939 2628 2001; x_wconf 88' lang='lat' dir='ltr'><strong>pugnant.</strong></span> 
     </span>
    </p>
   </div>
   <div class='ocr_carea' id='block_1_21' title="bbox 1037 2019 2629 2091">
    <p class='ocr_par' dir='ltr' id='par_1_21' title="bbox 1037 2019 2629 2091">
     <span class='ocr_line' id='line_1_21' title="bbox 1037 2019 2629 2091; baseline -0.002 -15"><span class='ocrx_word' id='word_1_134' title='bbox 1037 2020 1308 2076; x_wconf 68' lang='lat' dir='ltr'><strong>Prmterea</strong></span> <span class='ocrx_word' id='word_1_135' title='bbox 1361 2036 1461 2075; x_wconf 89' lang='lat' dir='ltr'><strong>nec</strong></span> <span class='ocrx_word' id='word_1_136' title='bbox 1505 2021 1861 2076; x_wconf 89' lang='lat' dir='ltr'><strong>omittendum</strong></span> <span class='ocrx_word' id='word_1_137' title='bbox 1910 2022 2051 2091; x_wconf 87' lang='lat' dir='ltr'><strong>quod</strong></span> <span class='ocrx_word' id='word_1_138' title='bbox 2099 2022 2288 2076; x_wconf 91' lang='lat' dir='ltr'><strong>eadem</strong></span> <span class='ocrx_word' id='word_1_139' title='bbox 2350 2034 2529 2091; x_wconf 84' lang='lat' dir='ltr'><strong>pugna</strong></span> <span class='ocrx_word' id='word_1_140' title='bbox 2562 2019 2629 2073; x_wconf 87' lang='lat' dir='ltr'><strong>de</strong></span> 
     </span>
    </p>
   </div>
   <div class='ocr_carea' id='block_1_22' title="bbox 1040 2108 2633 2179">
    <p class='ocr_par' dir='ltr' id='par_1_22' title="bbox 1040 2108 2633 2179">
     <span class='ocr_line' id='line_1_22' title="bbox 1040 2108 2633 2179; baseline -0.003 -14"><span class='ocrx_word' id='word_1_141' title='bbox 1040 2110 1200 2165; x_wconf 78' lang='lat' dir='ltr'><strong>tertia</strong></span> <span class='ocrx_word' id='word_1_142' title='bbox 1227 2109 1362 2164; x_wconf 87' lang='lat' dir='ltr'><strong>feria</strong></span> <span class='ocrx_word' id='word_1_143' title='bbox 1392 2109 1625 2165; x_wconf 86' lang='lat' dir='ltr'><strong>infirmis</strong></span> <span class='ocrx_word' id='word_1_144' title='bbox 1652 2112 1926 2165; x_wconf 86' lang='lat' dir='ltr'><strong>mentibus</strong></span> <span class='ocrx_word' id='word_1_145' title='bbox 1949 2111 2125 2164; x_wconf 91' lang='lat' dir='ltr'><strong>oritur</strong></span> <span class='ocrx_word' id='word_1_146' title='bbox 2148 2119 2381 2179; x_wconf 87' lang='lat' dir='ltr'><strong>utroque</strong></span> <span class='ocrx_word' id='word_1_147' title='bbox 2403 2108 2633 2179; x_wconf 88' lang='lat' dir='ltr'><strong>quadra-</strong></span> 
     </span>
    </p>
   </div>
   <div class='ocr_carea' id='block_1_23' title="bbox 1039 2198 2633 2270">
    <p class='ocr_par' dir='ltr' id='par_1_23' title="bbox 1039 2198 2633 2270">
     <span class='ocr_line' id='line_1_23' title="bbox 1039 2198 2633 2270; baseline -0.001 -15"><span class='ocrx_word' id='word_1_148' title='bbox 1039 2198 1285 2270; x_wconf 79' lang='lat' dir='ltr'><strong>gesimali</strong></span> <span class='ocrx_word' id='word_1_149' title='bbox 1320 2208 1559 2269; x_wconf 89' lang='lat' dir='ltr'><strong>tempore</strong></span> <span class='ocrx_word' id='word_1_150' title='bbox 1586 2239 1601 2265; x_wconf 93' lang='lat'><strong>,</strong></span> <span class='ocrx_word' id='word_1_151' title='bbox 1645 2213 1768 2253; x_wconf 87' lang='lat' dir='ltr'><strong>cum</strong></span> <span class='ocrx_word' id='word_1_152' title='bbox 1798 2200 2036 2268; x_wconf 79' lang='lat' dir='ltr'><strong>quinque</strong></span> <span class='ocrx_word' id='word_1_153' title='bbox 2068 2202 2257 2257; x_wconf 88' lang='lat' dir='ltr'><strong>diebus</strong></span> <span class='ocrx_word' id='word_1_154' title='bbox 2298 2216 2396 2270; x_wconf 86' lang='lat' dir='ltr'><strong>per</strong></span> <span class='ocrx_word' id='word_1_155' title='bbox 2432 2201 2633 2255; x_wconf 86' lang='lat' dir='ltr'><strong>hebdo-</strong></span> 
     </span>
    </p>
   </div>
   <div class='ocr_carea' id='block_1_24' title="bbox 1040 2287 2632 2360">
    <p class='ocr_par' dir='ltr' id='par_1_24' title="bbox 1040 2287 2632 2360">
     <span class='ocr_line' id='line_1_24' title="bbox 1040 2287 2632 2360; baseline -0.003 -15"><span class='ocrx_word' id='word_1_156' title='bbox 1040 2288 1254 2345; x_wconf 83' lang='lat' dir='ltr'><strong>madam</strong></span> <span class='ocrx_word' id='word_1_157' title='bbox 1279 2288 1591 2360; x_wconf 87' lang='lat' dir='ltr'><strong>jejunatur,</strong></span> <span class='ocrx_word' id='word_1_158' title='bbox 1617 2303 1740 2359; x_wconf 66' lang='lat' dir='ltr'><strong>quae</strong></span> <span class='ocrx_word' id='word_1_159' title='bbox 1775 2290 1835 2342; x_wconf 88' lang='lat' dir='ltr'><strong>llt</strong></span> <span class='ocrx_word' id='word_1_160' title='bbox 1864 2288 1929 2343; x_wconf 90' lang='lat' dir='ltr'><strong>de</strong></span> <span class='ocrx_word' id='word_1_161' title='bbox 1965 2287 2241 2354; x_wconf 84' lang='lat' dir='ltr'><strong>Sabbatis,</strong></span> <span class='ocrx_word' id='word_1_162' title='bbox 2265 2290 2479 2344; x_wconf 60' lang='lat' dir='ltr'><strong>ceteris</strong></span> <span class='ocrx_word' id='word_1_163' title='bbox 2506 2288 2632 2342; x_wconf 91' lang='lat' dir='ltr'><strong>anni</strong></span> 
     </span>
    </p>
   </div>
   <div class='ocr_carea' id='block_1_25' title="bbox 1044 2376 2637 2449">
    <p class='ocr_par' dir='ltr' id='par_1_25' title="bbox 1044 2376 2637 2449">
     <span class='ocr_line' id='line_1_25' title="bbox 1044 2376 2637 2449; baseline -0.002 -14"><span class='ocrx_word' id='word_1_164' title='bbox 1044 2378 1398 2448; x_wconf 82' lang='lat' dir='ltr'><strong>temporibus,</strong></span> <span class='ocrx_word' id='word_1_165' title='bbox 1425 2378 1645 2447; x_wconf 88' lang='lat' dir='ltr'><strong>quando</strong></span> <span class='ocrx_word' id='word_1_166' title='bbox 1675 2378 1924 2434; x_wconf 84' lang='lat' dir='ltr'><strong>videlicet</strong></span> <span class='ocrx_word' id='word_1_167' title='bbox 1957 2380 2097 2434; x_wconf 87' lang='lat' dir='ltr'><strong>intra</strong></span> <span class='ocrx_word' id='word_1_168' title='bbox 2142 2387 2377 2449; x_wconf 88' lang='lat' dir='ltr'><strong>quatuor</strong></span> <span class='ocrx_word' id='word_1_169' title='bbox 2421 2379 2537 2433; x_wconf 91' lang='lat' dir='ltr'><strong>dies</strong></span> <span class='ocrx_word' id='word_1_170' title='bbox 2566 2376 2637 2444; x_wconf 86' lang='lat' dir='ltr'><strong>ie-</strong></span> 
     </span>
    </p>
   </div>
   <div class='ocr_carea' id='block_1_26' title="bbox 1036 2470 2635 2542">
    <p class='ocr_par' dir='ltr' id='par_1_26' title="bbox 1036 2470 2635 2542">
     <span class='ocr_line' id='line_1_26' title="bbox 1036 2470 2635 2542; baseline -0.002 -17"><span class='ocrx_word' id='word_1_171' title='bbox 1036 2470 1178 2542; x_wconf 84' lang='lat' dir='ltr'><strong>junii</strong></span> <span class='ocrx_word' id='word_1_172' title='bbox 1207 2484 1419 2525; x_wconf 89' lang='lat' dir='ltr'><strong>summa</strong></span> <span class='ocrx_word' id='word_1_173' title='bbox 1464 2470 1829 2526; x_wconf 80' lang='lat' dir='ltr'><strong>concluditur.</strong></span> <span class='ocrx_word' id='word_1_174' title='bbox 1882 2470 2147 2542; x_wconf 80' lang='lat' dir='ltr'><strong>Malignus</strong></span> <span class='ocrx_word' id='word_1_175' title='bbox 2198 2471 2397 2541; x_wconf 86' lang='lat' dir='ltr'><strong>quippe</strong></span> <span class='ocrx_word' id='word_1_176' title='bbox 2441 2470 2635 2534; x_wconf 87' lang='lat' dir='ltr'><strong>hostis,</strong></span> 
     </span>
    </p>
   </div>
   <div class='ocr_carea' id='block_1_27' title="bbox 1042 2559 2636 2633">
    <p class='ocr_par' dir='ltr' id='par_1_27' title="bbox 1042 2559 2636 2633">
     <span class='ocr_line' id='line_1_27' title="bbox 1042 2559 2636 2633; baseline 0 -18"><span class='ocrx_word' id='word_1_177' title='bbox 1042 2561 1169 2632; x_wconf 87' lang='lat' dir='ltr'><strong>quia</strong></span> <span class='ocrx_word' id='word_1_178' title='bbox 1216 2560 1685 2633; x_wconf 88' lang='lat' dir='ltr'><strong>quadragesimale</strong></span> <span class='ocrx_word' id='word_1_179' title='bbox 1752 2560 2051 2617; x_wconf 89' lang='lat' dir='ltr'><strong>Sabbatum</strong></span> <span class='ocrx_word' id='word_1_180' title='bbox 2098 2561 2241 2631; x_wconf 86' lang='lat' dir='ltr'><strong>apud</strong></span> <span class='ocrx_word' id='word_1_181' title='bbox 2300 2575 2489 2615; x_wconf 82' lang='lat' dir='ltr'><strong>servos</strong></span> <span class='ocrx_word' id='word_1_182' title='bbox 2540 2559 2636 2615; x_wconf 85' lang='lat' dir='ltr'><strong>Dei</strong></span> 
     </span>
    </p>
   </div>
   <div class='ocr_carea' id='block_1_28' title="bbox 1045 2646 2638 2720">
    <p class='ocr_par' dir='ltr' id='par_1_28' title="bbox 1045 2646 2638 2720">
     <span class='ocr_line' id='line_1_28' title="bbox 1045 2646 2638 2720; baseline -0.001 -12"><span class='ocrx_word' id='word_1_183' title='bbox 1045 2664 1315 2709; x_wconf 78' lang='lat' dir='ltr'><strong>temerare</strong></span> <span class='ocrx_word' id='word_1_184' title='bbox 1341 2670 1448 2709; x_wconf 89' lang='lat' dir='ltr'><strong>non</strong></span> <span class='ocrx_word' id='word_1_185' title='bbox 1480 2646 1698 2720; x_wconf 68' lang='lat' dir='ltr'><strong>suﬂicit,</strong></span> <span class='ocrx_word' id='word_1_186' title='bbox 1732 2654 1947 2709; x_wconf 86' lang='lat' dir='ltr'><strong>tertiam</strong></span> <span class='ocrx_word' id='word_1_187' title='bbox 1980 2653 2170 2709; x_wconf 85' lang='lat' dir='ltr'><strong>saltem</strong></span> <span class='ocrx_word' id='word_1_188' title='bbox 2205 2652 2396 2707; x_wconf 88' lang='lat' dir='ltr'><strong>feriam</strong></span> <span class='ocrx_word' id='word_1_189' title='bbox 2429 2653 2638 2707; x_wconf 87' lang='lat' dir='ltr'><strong>violare</strong></span> 
     </span>
    </p>
   </div>
   <div class='ocr_carea' id='block_1_29' title="bbox 1046 2744 2637 2815">
    <p class='ocr_par' dir='ltr' id='par_1_29' title="bbox 1046 2744 2637 2815">
     <span class='ocr_line' id='line_1_29' title="bbox 1046 2744 2637 2815; baseline -0.004 -13"><span class='ocrx_word' id='word_1_190' title='bbox 1046 2746 1370 2809; x_wconf 86' lang='lat' dir='ltr'><strong>contendit;</strong></span> <span class='ocrx_word' id='word_1_191' title='bbox 1421 2760 1545 2800; x_wconf 89' lang='lat' dir='ltr'><strong>cum</strong></span> <span class='ocrx_word' id='word_1_192' title='bbox 1600 2754 1778 2800; x_wconf 89' lang='lat' dir='ltr'><strong>autem</strong></span> <span class='ocrx_word' id='word_1_193' title='bbox 1825 2744 1985 2815; x_wconf 87' lang='lat' dir='ltr'><strong>hujus</strong></span> <span class='ocrx_word' id='word_1_194' title='bbox 2034 2744 2142 2799; x_wconf 92' lang='lat' dir='ltr'><strong>diei</strong></span> <span class='ocrx_word' id='word_1_195' title='bbox 2175 2744 2320 2812; x_wconf 88' lang='lat' dir='ltr'><strong>rigor</strong></span> <span class='ocrx_word' id='word_1_196' title='bbox 2347 2744 2637 2807; x_wconf 90' lang='lat' dir='ltr'><strong>amittitur,</strong></span> 
     </span>
    </p>
   </div>
   <div class='ocr_carea' id='block_1_30' title="bbox 1048 2832 2642 2905">
    <p class='ocr_par' dir='ltr' id='par_1_30' title="bbox 1048 2832 2642 2905">
     <span class='ocr_line' id='line_1_30' title="bbox 1048 2832 2642 2905; baseline -0.002 -15"><span class='ocrx_word' id='word_1_197' title='bbox 1048 2835 1117 2890; x_wconf 83' lang='lat' dir='ltr'><strong>ad</strong></span> <span class='ocrx_word' id='word_1_198' title='bbox 1136 2834 1550 2905; x_wconf 81' lang='lat' dir='ltr'><strong>expugnandum</strong></span> <span class='ocrx_word' id='word_1_199' title='bbox 1578 2834 1876 2889; x_wconf 88' lang='lat' dir='ltr'><strong>Sabbatum</strong></span> <span class='ocrx_word' id='word_1_200' title='bbox 1900 2834 2147 2903; x_wconf 86' lang='lat' dir='ltr'><strong>protinus</strong></span> <span class='ocrx_word' id='word_1_201' title='bbox 2166 2832 2334 2903; x_wconf 73' lang='lat'><strong>839</strong></span> <span class='ocrx_word' id='word_1_202' title='bbox 2356 2832 2445 2887; x_wconf 88' lang='lat' dir='ltr'><strong>ille</strong></span> <span class='ocrx_word' id='word_1_203' title='bbox 2466 2842 2642 2887; x_wconf 88' lang='lat' dir='ltr'><strong>trans-</strong></span> 
     </span>
    </p>
   </div>
   <div class='ocr_carea' id='block_1_31' title="bbox 1046 2922 2642 2993">
    <p class='ocr_par' dir='ltr' id='par_1_31' title="bbox 1046 2922 2642 2993">
     <span class='ocr_line' id='line_1_31' title="bbox 1046 2922 2642 2993; baseline -0.004 -12"><span class='ocrx_word' id='word_1_204' title='bbox 1046 2924 1249 2989; x_wconf 77' lang='lat' dir='ltr'><strong>fertur;</strong></span> <span class='ocrx_word' id='word_1_205' title='bbox 1282 2933 1340 2978; x_wconf 87' lang='lat' dir='ltr'><strong>ut</strong></span> <span class='ocrx_word' id='word_1_206' title='bbox 1365 2934 1421 2979; x_wconf 86' lang='lat' dir='ltr'><strong>et</strong></span> <span class='ocrx_word' id='word_1_207' title='bbox 1445 2925 1700 2993; x_wconf 80' lang='lat' dir='ltr'><strong>antiquus</strong></span> <span class='ocrx_word' id='word_1_208' title='bbox 1730 2924 2078 2978; x_wconf 89' lang='lat' dir='ltr'><strong>adversarius</strong></span> <span class='ocrx_word' id='word_1_209' title='bbox 2116 2924 2184 2975; x_wconf 91' lang='lat' dir='ltr'><strong>ab</strong></span> <span class='ocrx_word' id='word_1_210' title='bbox 2215 2922 2499 2977; x_wconf 82' lang='lat' dir='ltr'><strong>inferendo</strong></span> <span class='ocrx_word' id='word_1_211' title='bbox 2520 2936 2642 2977; x_wconf 89' lang='lat' dir='ltr'><strong>cer—</strong></span> 
     </span>
    </p>
   </div>
   <div class='ocr_carea' id='block_1_32' title="bbox 1052 3012 2641 3085">
    <p class='ocr_par' dir='ltr' id='par_1_32' title="bbox 1052 3012 2641 3085">
     <span class='ocr_line' id='line_1_32' title="bbox 1052 3012 2641 3085; baseline 0.001 -17"><span class='ocrx_word' id='word_1_212' title='bbox 1052 3016 1254 3070; x_wconf 83' lang='lat' dir='ltr'><strong>tamine</strong></span> <span class='ocrx_word' id='word_1_213' title='bbox 1281 3029 1554 3085; x_wconf 85' lang='lat' dir='ltr'><strong>nunquam</strong></span> <span class='ocrx_word' id='word_1_214' title='bbox 1579 3015 1810 3078; x_wconf 85' lang='lat' dir='ltr'><strong>desinat,</strong></span> <span class='ocrx_word' id='word_1_215' title='bbox 1839 3023 1895 3069; x_wconf 90' lang='lat' dir='ltr'><strong>et</strong></span> <span class='ocrx_word' id='word_1_216' title='bbox 1922 3014 2013 3069; x_wconf 87' lang='lat' dir='ltr'><strong>Dei</strong></span> <span class='ocrx_word' id='word_1_217' title='bbox 2038 3012 2275 3068; x_wconf 85' lang='lat' dir='ltr'><strong>famulus</strong></span> <span class='ocrx_word' id='word_1_218' title='bbox 2300 3014 2641 3070; x_wconf 82' lang='lat' dir='ltr'><strong>occasionem</strong></span> 
     </span>
    </p>
   </div>
   <div class='ocr_carea' id='block_1_33' title="bbox 1051 3106 1831 3188">
    <p class='ocr_par' dir='ltr' id='par_1_33' title="bbox 1051 3106 1831 3188">
     <span class='ocr_line' id='line_1_33' title="bbox 1051 3106 1831 3188; baseline 0.003 -29"><span class='ocrx_word' id='word_1_219' title='bbox 1051 3106 1292 3162; x_wconf 61' lang='lat' dir='ltr'><strong>victoriae</strong></span> <span class='ocrx_word' id='word_1_220' title='bbox 1322 3122 1594 3176; x_wconf 88' lang='lat' dir='ltr'><strong>nunquam</strong></span> <span class='ocrx_word' id='word_1_221' title='bbox 1624 3108 1831 3188; x_wconf 80' lang='lat' dir='ltr'><strong>perdat.</strong></span> 
     </span>
    </p>
   </div>
   <div class='ocr_carea' id='block_1_34' title="bbox 1675 3218 2005 3275">
    <p class='ocr_par' dir='ltr' id='par_1_34' title="bbox 1675 3218 2005 3275">
     <span class='ocr_line' id='line_1_34' title="bbox 1675 3218 2005 3275; baseline -0.009 -1"><span class='ocrx_word' id='word_1_222' title='bbox 1675 3218 1904 3275; x_wconf 76' lang='lat' dir='ltr'><strong>CAPUT</strong></span> <span class='ocrx_word' id='word_1_223' title='bbox 1944 3218 2005 3272; x_wconf 91' lang='grc'><strong>11.</strong></span> 
     </span>
    </p>
   </div>
   <div class='ocr_carea' id='block_1_35' title="bbox 1053 3307 2698 3378">
    <p class='ocr_par' dir='ltr' id='par_1_35' title="bbox 1053 3307 2698 3378">
     <span class='ocr_line' id='line_1_35' title="bbox 1053 3307 2698 3378; baseline -0.004 -13"><span class='ocrx_word' id='word_1_224' title='bbox 1053 3310 1165 3366; x_wconf 74' lang='lat' dir='ltr'><strong>Cur</strong></span> <span class='ocrx_word' id='word_1_225' title='bbox 1192 3319 1296 3364; x_wconf 80' lang='lat' dir='ltr'><strong>tres</strong></span> <span class='ocrx_word' id='word_1_226' title='bbox 1326 3309 1437 3364; x_wconf 79' lang='lat' dir='ltr'><strong>dies</strong></span> <span class='ocrx_word' id='word_1_227' title='bbox 1473 3310 1525 3363; x_wconf 88' lang='lat' dir='ltr'><strong>in</strong></span> <span class='ocrx_word' id='word_1_228' title='bbox 1550 3310 1875 3364; x_wconf 82' lang='lat' dir='ltr'><strong>hebdomada</strong></span> <span class='ocrx_word' id='word_1_229' title='bbox 1916 3307 2058 3377; x_wconf 82' lang='lat' dir='ltr'><strong>apud</strong></span> <span class='ocrx_word' id='word_1_230' title='bbox 2093 3309 2376 3363; x_wconf 79' lang='lat' dir='ltr'><strong>monachos</strong></span> <span class='ocrx_word' id='word_1_231' title='bbox 2397 3308 2645 3378; x_wconf 85' lang='lat' dir='ltr'><strong>jejunare</strong></span> <span class='ocrx_word' id='word_1_232' title='bbox 2694 3329 2698 3332; x_wconf 41' lang='grc'><em>⁴</em></span> 
     </span>
    </p>
   </div>
   <div class='ocr_carea' id='block_1_36' title="bbox 1644 3380 2067 3433">
    <p class='ocr_par' dir='ltr' id='par_1_36' title="bbox 1644 3380 2067 3433">
     <span class='ocr_line' id='line_1_36' title="bbox 1644 3380 2067 3433; baseline -0.002 -2"><span class='ocrx_word' id='word_1_233' title='bbox 1644 3380 1944 3433; x_wconf 80' lang='lat' dir='ltr'><strong>institutum</strong></span> <span class='ocrx_word' id='word_1_234' title='bbox 1979 3382 2067 3431; x_wconf 84' lang='lat' dir='ltr'><strong>sit.</strong></span> 
     </span>
    </p>
   </div>
   <div class='ocr_carea' id='block_1_37' title="bbox 1129 3466 2646 3539">
    <p class='ocr_par' dir='ltr' id='par_1_37' title="bbox 1129 3466 2646 3539">
     <span class='ocr_line' id='line_1_37' title="bbox 1129 3466 2646 3539; baseline -0.004 -13"><span class='ocrx_word' id='word_1_235' title='bbox 1129 3469 1237 3526; x_wconf 80' lang='lat' dir='ltr'><strong>Vos</strong></span> <span class='ocrx_word' id='word_1_236' title='bbox 1264 3478 1468 3533; x_wconf 89' lang='lat' dir='ltr'><strong>autem,</strong></span> <span class='ocrx_word' id='word_1_237' title='bbox 1508 3468 1869 3533; x_wconf 86' lang='lat' dir='ltr'><strong>dilectissimi,</strong></span> <span class='ocrx_word' id='word_1_238' title='bbox 1915 3467 2152 3539; x_wconf 89' lang='lat' dir='ltr'><strong>regulam</strong></span> <span class='ocrx_word' id='word_1_239' title='bbox 2184 3482 2213 3522; x_wconf 85' lang='lat' dir='ltr'><strong>a</strong></span> <span class='ocrx_word' id='word_1_240' title='bbox 2241 3466 2493 3522; x_wconf 87' lang='lat' dir='ltr'><strong>Patribns</strong></span> <span class='ocrx_word' id='word_1_241' title='bbox 2532 3475 2646 3521; x_wconf 86' lang='lat' dir='ltr'><strong>tra-</strong></span> 
     </span>
    </p>
   </div>
   <div class='ocr_carea' id='block_1_38' title="bbox 1052 3550 2646 3628">
    <p class='ocr_par' dir='ltr' id='par_1_38' title="bbox 1052 3550 2646 3628">
     <span class='ocr_line' id='line_1_38' title="bbox 1052 3550 2646 3628; baseline -0.004 -12"><span class='ocrx_word' id='word_1_242' title='bbox 1052 3562 1247 3626; x_wconf 88' lang='lat' dir='ltr'><strong>ditam,</strong></span> <span class='ocrx_word' id='word_1_243' title='bbox 1279 3576 1308 3616; x_wconf 93' lang='lat' dir='ltr'><strong>a</strong></span> <span class='ocrx_word' id='word_1_244' title='bbox 1340 3561 1493 3616; x_wconf 82' lang='lat' dir='ltr'><strong>vobis</strong></span> <span class='ocrx_word' id='word_1_245' title='bbox 1524 3560 1691 3615; x_wconf 90' lang='lat' dir='ltr'><strong>etiam</strong></span> <span class='ocrx_word' id='word_1_246' title='bbox 1719 3574 1817 3628; x_wconf 89' lang='lat' dir='ltr'><strong>per</strong></span> <span class='ocrx_word' id='word_1_247' title='bbox 1844 3560 2000 3628; x_wconf 86' lang='lat' dir='ltr'><strong>longa</strong></span> <span class='ocrx_word' id='word_1_248' title='bbox 2021 3557 2134 3627; x_wconf 84' lang='lat' dir='ltr'><strong>jam</strong></span> <span class='ocrx_word' id='word_1_249' title='bbox 2169 3566 2413 3627; x_wconf 91' lang='lat' dir='ltr'><strong>tempora</strong></span> <span class='ocrx_word' id='word_1_250' title='bbox 2460 3550 2646 3611; x_wconf 83' lang='lat' dir='ltr'><strong>custo-</strong></span> 
     </span>
    </p>
   </div>
   <div class='ocr_carea' id='block_1_39' title="bbox 1053 3644 2649 3715">
    <p class='ocr_par' dir='ltr' id='par_1_39' title="bbox 1053 3644 2649 3715">
     <span class='ocr_line' id='line_1_39' title="bbox 1053 3644 2649 3715; baseline -0.005 -9"><span class='ocrx_word' id='word_1_251' title='bbox 1053 3652 1247 3715; x_wconf 88' lang='lat' dir='ltr'><strong>ditam,</strong></span> <span class='ocrx_word' id='word_1_252' title='bbox 1274 3650 1392 3705; x_wconf 87' lang='lat' dir='ltr'><strong>sine</strong></span> <span class='ocrx_word' id='word_1_253' title='bbox 1415 3664 1577 3703; x_wconf 85' lang='lat' dir='ltr'><strong>causa</strong></span> <span class='ocrx_word' id='word_1_254' title='bbox 1605 3649 1769 3703; x_wconf 90' lang='lat' dir='ltr'><strong>nolite</strong></span> <span class='ocrx_word' id='word_1_255' title='bbox 1811 3649 2117 3712; x_wconf 88' lang='lat' dir='ltr'><strong>dimittere;</strong></span> <span class='ocrx_word' id='word_1_256' title='bbox 2155 3646 2514 3701; x_wconf 88' lang='lat' dir='ltr'><strong>saluberrimo</strong></span> <span class='ocrx_word' id='word_1_257' title='bbox 2535 3644 2649 3699; x_wconf 80' lang='lat' dir='ltr'><strong>cul-</strong></span> 
     </span>
    </p>
   </div>
   <div class='ocr_carea' id='block_1_40' title="bbox 964 3733 2647 3808">
    <p class='ocr_par' dir='ltr' id='par_1_40' title="bbox 964 3733 2647 3808">
     <span class='ocr_line' id='line_1_40' title="bbox 964 3733 2647 3808; baseline -0.005 -12"><span class='ocrx_word' id='word_1_258' title='bbox 964 3738 967 3739; x_wconf 54' lang='grc'><strong><em>⁷</em></strong></span> <span class='ocrx_word' id='word_1_259' title='bbox 1055 3741 1133 3796; x_wconf 85' lang='grc' dir='ltr'><strong>ιιιί</strong></span> <span class='ocrx_word' id='word_1_260' title='bbox 1191 3740 1415 3794; x_wconf 67' lang='lat' dir='ltr'><strong>vivificaa</strong></span> <span class='ocrx_word' id='word_1_261' title='bbox 1471 3741 1636 3797; x_wconf 89' lang='lat' dir='ltr'><strong>etiam</strong></span> <span class='ocrx_word' id='word_1_262' title='bbox 1689 3737 1981 3808; x_wconf 72' lang='lat' dir='ltr'><strong>sepultum</strong></span> <span class='ocrx_word' id='word_1_263' title='bbox 2039 3735 2334 3791; x_wconf 71' lang='lat' dir='ltr'><strong>Dominicm</strong></span> <span class='ocrx_word' id='word_1_264' title='bbox 2380 3733 2647 3805; x_wconf 82' lang='lat' dir='ltr'><strong>jejunium</strong></span> 
     </span>
    </p>
   </div>
   <div class='ocr_carea' id='block_1_41' title="bbox 1048 3825 2648 3898">
    <p class='ocr_par' dir='ltr' id='par_1_41' title="bbox 1048 3825 2648 3898">
     <span class='ocr_line' id='line_1_41' title="bbox 1048 3825 2648 3898; baseline -0.004 -14"><span class='ocrx_word' id='word_1_265' title='bbox 1048 3828 1327 3898; x_wconf 80' lang='lat' dir='ltr'><strong>copulate.</strong></span> <span class='ocrx_word' id='word_1_266' title='bbox 1361 3828 1650 3883; x_wconf 84' lang='lat' dir='ltr'><strong>Enimvero</strong></span> <span class='ocrx_word' id='word_1_267' title='bbox 1700 3836 1811 3882; x_wconf 89' lang='lat' dir='ltr'><strong>tres</strong></span> <span class='ocrx_word' id='word_1_268' title='bbox 1858 3826 1945 3881; x_wconf 78' lang='lat' dir='ltr'><strong>iSti</strong></span> <span class='ocrx_word' id='word_1_269' title='bbox 1980 3825 2096 3879; x_wconf 90' lang='lat' dir='ltr'><strong>dies</strong></span> <span class='ocrx_word' id='word_1_270' title='bbox 2119 3865 2134 3889; x_wconf 95' lang='lat'><strong>,</strong></span> <span class='ocrx_word' id='word_1_271' title='bbox 2168 3834 2281 3879; x_wconf 88' lang='lat' dir='ltr'><strong>tres</strong></span> <span class='ocrx_word' id='word_1_272' title='bbox 2311 3838 2408 3892; x_wconf 90' lang='lat' dir='ltr'><strong>per</strong></span> <span class='ocrx_word' id='word_1_273' title='bbox 2441 3832 2648 3894; x_wconf 84' lang='lat' dir='ltr'><strong>myste-</strong></span> 
     </span>
    </p>
   </div>
   <div class='ocr_carea' id='block_1_42' title="bbox 1054 3912 2645 3986">
    <p class='ocr_par' dir='ltr' id='par_1_42' title="bbox 1054 3912 2645 3986">
     <span class='ocr_line' id='line_1_42' title="bbox 1054 3912 2645 3986; baseline -0.004 -15"><span class='ocrx_word' id='word_1_274' title='bbox 1054 3917 1196 3971; x_wconf 90' lang='lat' dir='ltr'><strong>rium</strong></span> <span class='ocrx_word' id='word_1_275' title='bbox 1224 3918 1507 3979; x_wconf 87' lang='lat' dir='ltr'><strong>continent</strong></span> <span class='ocrx_word' id='word_1_276' title='bbox 1538 3926 1842 3986; x_wconf 88' lang='lat' dir='ltr'><strong>temporum</strong></span> <span class='ocrx_word' id='word_1_277' title='bbox 1879 3916 2224 3970; x_wconf 81' lang='lat' dir='ltr'><strong>diversitates</strong></span> <span class='ocrx_word' id='word_1_278' title='bbox 2247 3953 2261 3977; x_wconf 88' lang='lat'><strong>,</strong></span> <span class='ocrx_word' id='word_1_279' title='bbox 2290 3922 2442 3967; x_wconf 74' lang='lat' dir='ltr'><strong>sexta</strong></span> <span class='ocrx_word' id='word_1_280' title='bbox 2470 3912 2603 3966; x_wconf 85' lang='lat' dir='ltr'><strong>feria</strong></span> <span class='ocrx_word' id='word_1_281' title='bbox 2630 3953 2645 3977; x_wconf 94' lang='lat'><strong>,</strong></span> 
     </span>
    </p>
   </div>
   <div class='ocr_carea' id='block_1_43' title="bbox 1056 4005 2646 4076">
    <p class='ocr_par' dir='ltr' id='par_1_43' title="bbox 1056 4005 2646 4076">
     <span class='ocr_line' id='line_1_43' title="bbox 1056 4005 2646 4076; baseline -0.004 -13"><span class='ocrx_word' id='word_1_282' title='bbox 1056 4007 1351 4063; x_wconf 86' lang='lat' dir='ltr'><strong>Sabbatum</strong></span> <span class='ocrx_word' id='word_1_283' title='bbox 1381 4021 1437 4063; x_wconf 92' lang='lat' dir='ltr'><strong>et</strong></span> <span class='ocrx_word' id='word_1_284' title='bbox 1465 4008 1743 4063; x_wconf 85' lang='lat' dir='ltr'><strong>Dominica</strong></span> <span class='ocrx_word' id='word_1_285' title='bbox 1776 4007 1910 4071; x_wconf 88' lang='lat' dir='ltr'><strong>dies,</strong></span> <span class='ocrx_word' id='word_1_286' title='bbox 1942 4008 2167 4076; x_wconf 81' lang='lat' dir='ltr'><strong>ideoque</strong></span> <span class='ocrx_word' id='word_1_287' title='bbox 2204 4005 2336 4059; x_wconf 82' lang='lat' dir='ltr'><strong>istos</strong></span> <span class='ocrx_word' id='word_1_288' title='bbox 2368 4005 2509 4057; x_wconf 86' lang='lat' dir='ltr'><strong>inter</strong></span> <span class='ocrx_word' id='word_1_289' title='bbox 2538 4018 2646 4058; x_wconf 83' lang='lat' dir='ltr'><strong>cae-</strong></span> 
     </span>
    </p>
   </div>
   <div class='ocr_carea' id='block_1_44' title="bbox 1055 4094 2647 4167">
    <p class='ocr_par' dir='ltr' id='par_1_44' title="bbox 1055 4094 2647 4167">
     <span class='ocr_line' id='line_1_44' title="bbox 1055 4094 2647 4167; baseline -0.004 -14"><span class='ocrx_word' id='word_1_290' title='bbox 1055 4107 1203 4154; x_wconf 88' lang='lat' dir='ltr'><strong>teros</strong></span> <span class='ocrx_word' id='word_1_291' title='bbox 1255 4099 1369 4152; x_wconf 87' lang='lat' dir='ltr'><strong>dies</strong></span> <span class='ocrx_word' id='word_1_292' title='bbox 1418 4098 1688 4167; x_wconf 67' lang='lat' dir='ltr'><strong>praecipue</strong></span> <span class='ocrx_word' id='word_1_293' title='bbox 1734 4099 2026 4152; x_wconf 88' lang='lat' dir='ltr'><strong>observare</strong></span> <span class='ocrx_word' id='word_1_294' title='bbox 2070 4095 2373 4158; x_wconf 86' lang='lat' dir='ltr'><strong>debemus:</strong></span> <span class='ocrx_word' id='word_1_295' title='bbox 2410 4094 2548 4148; x_wconf 90' lang='lat' dir='ltr'><strong>duos</strong></span> <span class='ocrx_word' id='word_1_296' title='bbox 2594 4094 2647 4147; x_wconf 89' lang='lat' dir='ltr'><strong>in</strong></span> 
     </span>
    </p>
   </div>
   <div class='ocr_carea' id='block_1_45' title="bbox 1054 4182 2651 4258">
    <p class='ocr_par' dir='ltr' id='par_1_45' title="bbox 1054 4182 2651 4258">
     <span class='ocr_line' id='line_1_45' title="bbox 1054 4182 2651 4258; baseline -0.003 -15"><span class='ocrx_word' id='word_1_297' title='bbox 1054 4188 1239 4243; x_wconf 85' lang='lat' dir='ltr'><strong>carnis</strong></span> <span class='ocrx_word' id='word_1_298' title='bbox 1283 4188 1641 4258; x_wconf 74' lang='lat' dir='ltr'><strong>castigatione</strong></span> <span class='ocrx_word' id='word_1_299' title='bbox 1670 4228 1683 4252; x_wconf 92' lang='lat'><strong>,</strong></span> <span class='ocrx_word' id='word_1_300' title='bbox 1724 4188 1943 4242; x_wconf 85' lang='lat' dir='ltr'><strong>tertium</strong></span> <span class='ocrx_word' id='word_1_301' title='bbox 1993 4187 2049 4239; x_wconf 90' lang='lat' dir='ltr'><strong>in</strong></span> <span class='ocrx_word' id='word_1_302' title='bbox 2102 4182 2399 4255; x_wconf 85' lang='lat' dir='ltr'><strong>spiritualis</strong></span> <span class='ocrx_word' id='word_1_303' title='bbox 2452 4184 2651 4239; x_wconf 64' lang='lat' dir='ltr'><strong>laetitiae</strong></span> 
     </span>
    </p>
   </div>
   <div class='ocr_carea' id='block_1_46' title="bbox 1052 4275 2652 4349">
    <p class='ocr_par' dir='ltr' id='par_1_46' title="bbox 1052 4275 2652 4349">
     <span class='ocr_line' id='line_1_46' title="bbox 1052 4275 2652 4349; baseline -0.003 -17"><span class='ocrx_word' id='word_1_304' title='bbox 1052 4275 1409 4349; x_wconf 87' lang='lat' dir='ltr'><strong>jucunditate.</strong></span> <span class='ocrx_word' id='word_1_305' title='bbox 1462 4276 1627 4332; x_wconf 89' lang='lat' dir='ltr'><strong>Sexta</strong></span> <span class='ocrx_word' id='word_1_306' title='bbox 1675 4278 1873 4347; x_wconf 81' lang='lat' dir='ltr'><strong>quippe</strong></span> <span class='ocrx_word' id='word_1_307' title='bbox 1922 4275 2057 4330; x_wconf 86' lang='lat' dir='ltr'><strong>feria</strong></span> <span class='ocrx_word' id='word_1_308' title='bbox 2116 4276 2377 4329; x_wconf 87' lang='lat' dir='ltr'><strong>Dominus</strong></span> <span class='ocrx_word' id='word_1_309' title='bbox 2406 4276 2458 4327; x_wconf 92' lang='lat' dir='ltr'><strong>in</strong></span> <span class='ocrx_word' id='word_1_310' title='bbox 2489 4288 2652 4327; x_wconf 84' lang='lat' dir='ltr'><strong>cruce</strong></span> 
     </span>
    </p>
   </div>
   <div class='ocr_carea' id='block_1_47' title="bbox 1056 4366 2651 4448">
    <p class='ocr_par' dir='ltr' id='par_1_47' title="bbox 1056 4366 2651 4448">
     <span class='ocr_line' id='line_1_47' title="bbox 1056 4366 2651 4448; baseline -0.004 -26"><span class='ocrx_word' id='word_1_311' title='bbox 1056 4367 1344 4443; x_wconf 80' lang='lat' dir='ltr'><strong>pependit,</strong></span> <span class='ocrx_word' id='word_1_312' title='bbox 1399 4366 1635 4448; x_wconf 72' lang='lat' dir='ltr'><strong>Sabbato</strong></span> <span class='ocrx_word' id='word_1_313' title='bbox 1675 4368 1726 4421; x_wconf 91' lang='lat' dir='ltr'><strong>in</strong></span> <span class='ocrx_word' id='word_1_314' title='bbox 1783 4366 2033 4438; x_wconf 87' lang='lat' dir='ltr'><strong>sepulcro</strong></span> <span class='ocrx_word' id='word_1_315' title='bbox 2080 4366 2282 4435; x_wconf 89' lang='lat' dir='ltr'><strong>quievit</strong></span> <span class='ocrx_word' id='word_1_316' title='bbox 2313 4404 2328 4429; x_wconf 93' lang='lat'><strong>,</strong></span> <span class='ocrx_word' id='word_1_317' title='bbox 2386 4366 2473 4420; x_wconf 90' lang='lat' dir='ltr'><strong>die</strong></span> <span class='ocrx_word' id='word_1_318' title='bbox 2520 4379 2651 4417; x_wconf 89' lang='lat' dir='ltr'><strong>vero</strong></span> 
     </span>
    </p>
   </div>
   <div class='ocr_carea' id='block_1_48' title="bbox 1057 4452 2647 4524">
    <p class='ocr_par' dir='ltr' id='par_1_48' title="bbox 1057 4452 2647 4524">
     <span class='ocr_line' id='line_1_48' title="bbox 1057 4452 2647 4524; baseline -0.003 -12"><span class='ocrx_word' id='word_1_319' title='bbox 1057 4455 1337 4512; x_wconf 88' lang='lat' dir='ltr'><strong>Dominica</strong></span> <span class='ocrx_word' id='word_1_320' title='bbox 1372 4456 1687 4511; x_wconf 80' lang='lat' dir='ltr'><strong>resurrexit.</strong></span> <span class='ocrx_word' id='word_1_321' title='bbox 1722 4456 1887 4524; x_wconf 85' lang='lat' dir='ltr'><strong>Quasi</strong></span> <span class='ocrx_word' id='word_1_322' title='bbox 1916 4456 2063 4511; x_wconf 89' lang='lat' dir='ltr'><strong>enim</strong></span> <span class='ocrx_word' id='word_1_323' title='bbox 2085 4463 2236 4510; x_wconf 82' lang='lat' dir='ltr'><strong>sexta</strong></span> <span class='ocrx_word' id='word_1_324' title='bbox 2265 4452 2401 4509; x_wconf 85' lang='lat' dir='ltr'><strong>feria</strong></span> <span class='ocrx_word' id='word_1_325' title='bbox 2430 4462 2510 4508; x_wconf 86' lang='lat' dir='ltr'><strong>est</strong></span> <span class='ocrx_word' id='word_1_326' title='bbox 2539 4462 2647 4507; x_wconf 87' lang='lat' dir='ltr'><strong>tota</strong></span> 
     </span>
    </p>
   </div>
   <div class='ocr_carea' id='block_1_49' title="bbox 1060 4546 2647 4617">
    <p class='ocr_par' dir='ltr' id='par_1_49' title="bbox 1060 4546 2647 4617">
     <span class='ocr_line' id='line_1_49' title="bbox 1060 4546 2647 4617; baseline -0.002 -14"><span class='ocrx_word' id='word_1_327' title='bbox 1060 4548 1179 4603; x_wconf 77' lang='lat' dir='ltr'><strong>haec</strong></span> <span class='ocrx_word' id='word_1_328' title='bbox 1206 4548 1315 4601; x_wconf 90' lang='lat' dir='ltr'><strong>vita</strong></span> <span class='ocrx_word' id='word_1_329' title='bbox 1342 4588 1356 4611; x_wconf 95' lang='lat'><strong>,</strong></span> <span class='ocrx_word' id='word_1_330' title='bbox 1400 4548 1451 4600; x_wconf 92' lang='lat' dir='ltr'><strong>in</strong></span> <span class='ocrx_word' id='word_1_331' title='bbox 1479 4562 1585 4617; x_wconf 90' lang='lat' dir='ltr'><strong>qua</strong></span> <span class='ocrx_word' id='word_1_332' title='bbox 1617 4562 1761 4601; x_wconf 91' lang='lat' dir='ltr'><strong>nunc</strong></span> <span class='ocrx_word' id='word_1_333' title='bbox 1789 4556 2046 4617; x_wconf 89' lang='lat' dir='ltr'><strong>tanquam</strong></span> <span class='ocrx_word' id='word_1_334' title='bbox 2081 4547 2375 4601; x_wconf 91' lang='lat' dir='ltr'><strong>morientes</strong></span> <span class='ocrx_word' id='word_1_335' title='bbox 2398 4546 2647 4608; x_wconf 85' lang='lat' dir='ltr'><strong>vivimus,</strong></span> 
     </span>
    </p>
   </div>
   <div class='ocr_carea' id='block_1_50' title="bbox 1060 4635 2655 4705">
    <p class='ocr_par' dir='ltr' id='par_1_50' title="bbox 1060 4635 2655 4705">
     <span class='ocr_line' id='line_1_50' title="bbox 1060 4635 2655 4705; baseline -0.001 -14"><span class='ocrx_word' id='word_1_336' title='bbox 1060 4636 1117 4691; x_wconf 85' lang='lat' dir='ltr'><strong>in</strong></span> <span class='ocrx_word' id='word_1_337' title='bbox 1161 4650 1263 4705; x_wconf 87' lang='lat' dir='ltr'><strong>qua</strong></span> <span class='ocrx_word' id='word_1_338' title='bbox 1302 4652 1518 4692; x_wconf 88' lang='lat' dir='ltr'><strong>crucem</strong></span> <span class='ocrx_word' id='word_1_339' title='bbox 1566 4637 1806 4705; x_wconf 84' lang='lat' dir='ltr'><strong>quotidie</strong></span> <span class='ocrx_word' id='word_1_340' title='bbox 1854 4645 1976 4705; x_wconf 87' lang='lat' dir='ltr'><strong>post</strong></span> <span class='ocrx_word' id='word_1_341' title='bbox 2021 4635 2205 4691; x_wconf 82' lang='lat' dir='ltr'><strong>Jcsum</strong></span> <span class='ocrx_word' id='word_1_342' title='bbox 2243 4645 2462 4705; x_wconf 89' lang='lat' dir='ltr'><strong>portare</strong></span> <span class='ocrx_word' id='word_1_343' title='bbox 2501 4635 2655 4704; x_wconf 79' lang='lat' dir='ltr'><strong>jube-</strong></span> 
     </span>
    </p>
   </div>
   <div class='ocr_carea' id='block_1_51' title="bbox 1062 4725 2655 4797">
    <p class='ocr_par' dir='ltr' id='par_1_51' title="bbox 1062 4725 2655 4797">
     <span class='ocr_line' id='line_1_51' title="bbox 1062 4725 2655 4797; baseline -0.004 -14"><span class='ocrx_word' id='word_1_344' title='bbox 1062 4741 1215 4791; x_wconf 87' lang='lat' dir='ltr'><strong>mur;</strong></span> <span class='ocrx_word' id='word_1_345' title='bbox 1247 4725 1541 4780; x_wconf 81' lang='lat' dir='ltr'><strong>Sabbatum</strong></span> <span class='ocrx_word' id='word_1_346' title='bbox 1589 4739 1768 4781; x_wconf 89' lang='lat' dir='ltr'><strong>autem</strong></span> <span class='ocrx_word' id='word_1_347' title='bbox 1796 4767 1811 4792; x_wconf 94' lang='lat'><strong>,</strong></span> <span class='ocrx_word' id='word_1_348' title='bbox 1840 4726 1981 4797; x_wconf 91' lang='lat' dir='ltr'><strong>quod</strong></span> <span class='ocrx_word' id='word_1_349' title='bbox 2012 4728 2197 4796; x_wconf 87' lang='lat' dir='ltr'><strong>utique</strong></span> <span class='ocrx_word' id='word_1_350' title='bbox 2238 4727 2440 4795; x_wconf 77' lang='lat' dir='ltr'><strong>requies</strong></span> <span class='ocrx_word' id='word_1_351' title='bbox 2483 4725 2655 4779; x_wconf 84' lang='lat' dir='ltr'><strong>inter-</strong></span> 
     </span>
    </p>
   </div>
   <div class='ocr_carea' id='block_1_52' title="bbox 1063 4817 2649 4887">
    <p class='ocr_par' dir='ltr' id='par_1_52' title="bbox 1063 4817 2649 4887">
     <span class='ocr_line' id='line_1_52' title="bbox 1063 4817 2649 4887; baseline -0.001 -18"><span class='ocrx_word' id='word_1_352' title='bbox 1063 4824 1305 4887; x_wconf 88' lang='lat' dir='ltr'><strong>pretatur</strong></span> <span class='ocrx_word' id='word_1_353' title='bbox 1330 4858 1344 4881; x_wconf 94' lang='lat'><strong>,</strong></span> <span class='ocrx_word' id='word_1_354' title='bbox 1378 4817 1505 4872; x_wconf 90' lang='lat' dir='ltr'><strong>illud</strong></span> <span class='ocrx_word' id='word_1_355' title='bbox 1557 4818 1827 4885; x_wconf 78' lang='lat' dir='ltr'><strong>significat</strong></span> <span class='ocrx_word' id='word_1_356' title='bbox 1893 4819 2123 4886; x_wconf 83' lang='lat' dir='ltr'><strong>spatium</strong></span> <span class='ocrx_word' id='word_1_357' title='bbox 2174 4818 2315 4886; x_wconf 90' lang='lat' dir='ltr'><strong>quod</strong></span> <span class='ocrx_word' id='word_1_358' title='bbox 2349 4825 2430 4869; x_wconf 90' lang='lat' dir='ltr'><strong>est</strong></span> <span class='ocrx_word' id='word_1_359' title='bbox 2478 4831 2507 4870; x_wconf 91' lang='lat' dir='ltr'><strong>a</strong></span> <span class='ocrx_word' id='word_1_360' title='bbox 2542 4817 2649 4879; x_wconf 83' lang='lat' dir='ltr'><strong>die,</strong></span> 
     </span>
    </p>
   </div>
   <div class='ocr_carea' id='block_1_53' title="bbox 1062 4908 2653 4977">
    <p class='ocr_par' dir='ltr' id='par_1_53' title="bbox 1062 4908 2653 4977">
     <span class='ocr_line' id='line_1_53' title="bbox 1062 4908 2653 4977; baseline 0.002 -18"><span class='ocrx_word' id='word_1_361' title='bbox 1062 4920 1172 4977; x_wconf 86' lang='lat' dir='ltr'><strong>qua</strong></span> <span class='ocrx_word' id='word_1_362' title='bbox 1231 4908 1516 4975; x_wconf 88' lang='lat' dir='ltr'><strong>morimur,</strong></span> <span class='ocrx_word' id='word_1_363' title='bbox 1573 4923 1744 4977; x_wconf 86' lang='lat' dir='ltr'><strong>usque</strong></span> <span class='ocrx_word' id='word_1_364' title='bbox 1791 4909 1855 4962; x_wconf 88' lang='lat' dir='ltr'><strong>ad</strong></span> <span class='ocrx_word' id='word_1_365' title='bbox 1906 4909 2320 4964; x_wconf 86' lang='lat' dir='ltr'><strong>resurrectionis</strong></span> <span class='ocrx_word' id='word_1_366' title='bbox 2362 4910 2502 4962; x_wconf 87' lang='lat' dir='ltr'><strong>diem</strong></span> <span class='ocrx_word' id='word_1_367' title='bbox 2545 4922 2653 4976; x_wconf 92' lang='lat' dir='ltr'><strong>quo</strong></span> 
     </span>
    </p>
   </div>
   <div class='ocr_carea' id='block_1_54' title="bbox 1064 4994 2653 5067">
    <p class='ocr_par' dir='ltr' id='par_1_54' title="bbox 1064 4994 2653 5067">
     <span class='ocr_line' id='line_1_54' title="bbox 1064 4994 2653 5067; baseline 0.003 -19"><span class='ocrx_word' id='word_1_368' title='bbox 1064 4994 1316 5051; x_wconf 84' lang='lat' dir='ltr'><strong>videlicet</strong></span> <span class='ocrx_word' id='word_1_369' title='bbox 1345 4998 1412 5049; x_wconf 90' lang='lat' dir='ltr'><strong>ad</strong></span> <span class='ocrx_word' id='word_1_370' title='bbox 1437 4998 1674 5051; x_wconf 86' lang='lat' dir='ltr'><strong>tribunal</strong></span> <span class='ocrx_word' id='word_1_371' title='bbox 1703 4999 1889 5053; x_wconf 65' lang='lat' dir='ltr'><strong>aeterni</strong></span> <span class='ocrx_word' id='word_1_372' title='bbox 1912 4997 2118 5053; x_wconf 82' lang='lat' dir='ltr'><strong>Judicis</strong></span> <span class='ocrx_word' id='word_1_373' title='bbox 2149 4998 2436 5067; x_wconf 84' lang='lat' dir='ltr'><strong>resumptis</strong></span> <span class='ocrx_word' id='word_1_374' title='bbox 2464 5012 2653 5064; x_wconf 88' lang='lat' dir='ltr'><strong>corpo—</strong></span> 
     </span>
    </p>
   </div>
   <div class='ocr_carea' id='block_1_55' title="bbox 1064 5086 2658 5159">
    <p class='ocr_par' dir='ltr' id='par_1_55' title="bbox 1064 5086 2658 5159">
     <span class='ocr_line' id='line_1_55' title="bbox 1064 5086 2658 5159; baseline 0.003 -19"><span class='ocrx_word' id='word_1_375' title='bbox 1064 5086 1215 5142; x_wconf 86' lang='lat' dir='ltr'><strong>ribus</strong></span> <span class='ocrx_word' id='word_1_376' title='bbox 1260 5096 1682 5156; x_wconf 75' lang='lat' dir='ltr'><strong>praesentamur;</strong></span> <span class='ocrx_word' id='word_1_377' title='bbox 1735 5090 1849 5145; x_wconf 89' lang='lat' dir='ltr'><strong>dies</strong></span> <span class='ocrx_word' id='word_1_378' title='bbox 1902 5106 2030 5145; x_wconf 90' lang='lat' dir='ltr'><strong>vero</strong></span> <span class='ocrx_word' id='word_1_379' title='bbox 2061 5090 2374 5144; x_wconf 87' lang='lat' dir='ltr'><strong>Dominicus</strong></span> <span class='ocrx_word' id='word_1_380' title='bbox 2403 5088 2491 5143; x_wconf 91' lang='lat' dir='ltr'><strong>illa</strong></span> <span class='ocrx_word' id='word_1_381' title='bbox 2534 5097 2658 5159; x_wconf 82' lang='lat' dir='ltr'><strong>post</strong></span> 
     </span>
    </p>
   </div>
   <div class='ocr_carea' id='block_1_56' title="bbox 1058 5177 2656 5252">
    <p class='ocr_par' dir='ltr' id='par_1_56' title="bbox 1058 5177 2656 5252">
     <span class='ocr_line' id='line_1_56' title="bbox 1058 5177 2656 5252; baseline 0.003 -21"><span class='ocrx_word' id='word_1_382' title='bbox 1058 5177 1321 5249; x_wconf 78' lang='lat' dir='ltr'><strong>judicium</strong></span> <span class='ocrx_word' id='word_1_383' title='bbox 1344 5183 1616 5235; x_wconf 67' lang='lat' dir='ltr'><strong>mleriiitas</strong></span> <span class='ocrx_word' id='word_1_384' title='bbox 1638 5183 1766 5247; x_wconf 87' lang='lat' dir='ltr'><strong>erit,</strong></span> <span class='ocrx_word' id='word_1_385' title='bbox 1790 5198 1908 5252; x_wconf 76' lang='lat' dir='ltr'><strong>qua:</strong></span> <span class='ocrx_word' id='word_1_386' title='bbox 1930 5183 2064 5237; x_wconf 91' lang='lat' dir='ltr'><strong>lucis</strong></span> <span class='ocrx_word' id='word_1_387' title='bbox 2083 5190 2135 5236; x_wconf 85' lang='lat' dir='ltr'><strong>et</strong></span> <span class='ocrx_word' id='word_1_388' title='bbox 2157 5181 2340 5252; x_wconf 62' lang='lat' dir='ltr'><strong>gloriae</strong></span> <span class='ocrx_word' id='word_1_389' title='bbox 2369 5182 2656 5236; x_wconf 90' lang='lat' dir='ltr'><strong>terminum</strong></span> 
     </span>
    </p>
   </div>
   <div class='ocr_carea' id='block_1_57' title="bbox 1068 5260 2659 5343">
    <p class='ocr_par' dir='ltr' id='par_1_57' title="bbox 1068 5260 2659 5343">
     <span class='ocr_line' id='line_1_57' title="bbox 1068 5260 2659 5343; baseline 0.001 -21"><span class='ocrx_word' id='word_1_390' title='bbox 1068 5283 1174 5323; x_wconf 93' lang='lat' dir='ltr'><strong>non</strong></span> <span class='ocrx_word' id='word_1_391' title='bbox 1209 5270 1443 5324; x_wconf 86' lang='lat' dir='ltr'><strong>habebit.</strong></span> <span class='ocrx_word' id='word_1_392' title='bbox 1470 5270 1527 5325; x_wconf 89' lang='lat' dir='ltr'><strong>lu</strong></span> <span class='ocrx_word' id='word_1_393' title='bbox 1573 5260 1733 5341; x_wconf 80' lang='lat' dir='ltr'><strong>hujus</strong></span> <span class='ocrx_word' id='word_1_394' title='bbox 1760 5287 1889 5343; x_wconf 88' lang='lat' dir='ltr'><strong>ergo</strong></span> <span class='ocrx_word' id='word_1_395' title='bbox 1921 5270 2207 5326; x_wconf 79' lang='lat' dir='ltr'><strong>detinentis</strong></span> <span class='ocrx_word' id='word_1_396' title='bbox 2239 5270 2494 5339; x_wconf 89' lang='lat' dir='ltr'><strong>temporis</strong></span> <span class='ocrx_word' id='word_1_397' title='bbox 2524 5269 2659 5324; x_wconf 85' lang='lat' dir='ltr'><strong>Sab-</strong></span> 
     </span>
    </p>
   </div>
   <div class='ocr_carea' id='block_1_58' title="bbox 1068 5359 2661 5435">
    <p class='ocr_par' dir='ltr' id='par_1_58' title="bbox 1068 5359 2661 5435">
     <span class='ocr_line' id='line_1_58' title="bbox 1068 5359 2661 5435; baseline 0.001 -22"><span class='ocrx_word' id='word_1_398' title='bbox 1068 5359 1197 5414; x_wconf 88' lang='lat' dir='ltr'><strong>bato</strong></span> <span class='ocrx_word' id='word_1_399' title='bbox 1244 5362 1613 5435; x_wconf 85' lang='lat' dir='ltr'><strong>unusquisque</strong></span> <span class='ocrx_word' id='word_1_400' title='bbox 1659 5372 1901 5418; x_wconf 86' lang='lat' dir='ltr'><strong>nostrum</strong></span> <span class='ocrx_word' id='word_1_401' title='bbox 1929 5379 2084 5417; x_wconf 87' lang='lat' dir='ltr'><strong>suum</strong></span> <span class='ocrx_word' id='word_1_402' title='bbox 2120 5377 2318 5431; x_wconf 89' lang='lat' dir='ltr'><strong>corpus</strong></span> <span class='ocrx_word' id='word_1_403' title='bbox 2346 5361 2570 5431; x_wconf 85' lang='lat' dir='ltr'><strong>atlligat,</strong></span> <span class='ocrx_word' id='word_1_404' title='bbox 2600 5370 2661 5414; x_wconf 89' lang='lat' dir='ltr'><strong>ut</strong></span> 
     </span>
    </p>
   </div>
   <div class='ocr_carea' id='block_1_59' title="bbox 1071 5448 2660 5523">
    <p class='ocr_par' dir='ltr' id='par_1_59' title="bbox 1071 5448 2660 5523">
     <span class='ocr_line' id='line_1_59' title="bbox 1071 5448 2660 5523; baseline 0.001 -20"><span class='ocrx_word' id='word_1_405' title='bbox 1071 5448 1124 5503; x_wconf 87' lang='lat' dir='ltr'><strong>in</strong></span> <span class='ocrx_word' id='word_1_406' title='bbox 1156 5450 1246 5504; x_wconf 84' lang='lat' dir='ltr'><strong>illo</strong></span> <span class='ocrx_word' id='word_1_407' title='bbox 1282 5454 1626 5521; x_wconf 83' lang='lat' dir='ltr'><strong>pOStmodum</strong></span> <span class='ocrx_word' id='word_1_408' title='bbox 1672 5454 1913 5509; x_wconf 83' lang='lat' dir='ltr'><strong>suaviter</strong></span> <span class='ocrx_word' id='word_1_409' title='bbox 1953 5454 2278 5523; x_wconf 83' lang='lat' dir='ltr'><strong>requiescat.</strong></span> <span class='ocrx_word' id='word_1_410' title='bbox 2317 5452 2375 5507; x_wconf 89' lang='lat' dir='ltr'><strong>In</strong></span> <span class='ocrx_word' id='word_1_411' title='bbox 2407 5454 2509 5507; x_wconf 90' lang='lat' dir='ltr'><strong>hoc</strong></span> <span class='ocrx_word' id='word_1_412' title='bbox 2550 5452 2660 5507; x_wconf 85' lang='lat' dir='ltr'><strong>fer-</strong></span> 
     </span>
    </p>
   </div>
   <div class='ocr_carea' id='block_1_60' title="bbox 1071 5536 2663 5612">
    <p class='ocr_par' dir='ltr' id='par_1_60' title="bbox 1071 5536 2663 5612">
     <span class='ocr_line' id='line_1_60' title="bbox 1071 5536 2663 5612; baseline 0.003 -19"><span class='ocrx_word' id='word_1_413' title='bbox 1071 5555 1201 5595; x_wconf 91' lang='lat' dir='ltr'><strong>vens</strong></span> <span class='ocrx_word' id='word_1_414' title='bbox 1238 5543 1459 5612; x_wconf 69' lang='lat' dir='ltr'><strong>spiritus</strong></span> <span class='ocrx_word' id='word_1_415' title='bbox 1486 5536 1664 5600; x_wconf 78' lang='lat' dir='ltr'><strong>carnis</strong></span> <span class='ocrx_word' id='word_1_416' title='bbox 1691 5562 1802 5601; x_wconf 71' lang='lat' dir='ltr'><strong>suae</strong></span> <span class='ocrx_word' id='word_1_417' title='bbox 1838 5545 2203 5601; x_wconf 79' lang='lat' dir='ltr'><strong>blandimenta</strong></span> <span class='ocrx_word' id='word_1_418' title='bbox 2248 5546 2536 5599; x_wconf 84' lang='lat' dir='ltr'><strong>mortittcet</strong></span> <span class='ocrx_word' id='word_1_419' title='bbox 2558 5584 2573 5608; x_wconf 90' lang='lat'><strong>,</strong></span> <span class='ocrx_word' id='word_1_420' title='bbox 2606 5552 2663 5597; x_wconf 86' lang='lat' dir='ltr'><strong>ut</strong></span> 
     </span>
    </p>
   </div>
   <div class='ocr_carea' id='block_1_61' title="bbox 1074 5628 2659 5705">
    <p class='ocr_par' dir='ltr' id='par_1_61' title="bbox 1074 5628 2659 5705">
     <span class='ocr_line' id='line_1_61' title="bbox 1074 5628 2659 5705; baseline 0.003 -21"><span class='ocrx_word' id='word_1_421' title='bbox 1074 5631 1125 5685; x_wconf 89' lang='lat' dir='ltr'><strong>in</strong></span> <span class='ocrx_word' id='word_1_422' title='bbox 1170 5628 1258 5686; x_wconf 88' lang='lat' dir='ltr'><strong>illo</strong></span> <span class='ocrx_word' id='word_1_423' title='bbox 1304 5634 1871 5705; x_wconf 64' lang='lat' dir='ltr'><strong>feliciterepu&#39;aturus</strong></span> <span class='ocrx_word' id='word_1_424' title='bbox 1918 5636 2171 5692; x_wconf 79' lang='lat' dir='ltr'><strong>exsultet.</strong></span> <span class='ocrx_word' id='word_1_425' title='bbox 2209 5636 2307 5691; x_wconf 87' lang='lat' dir='ltr'><strong>Hic</strong></span> <span class='ocrx_word' id='word_1_426' title='bbox 2352 5636 2419 5690; x_wconf 87' lang='lat' dir='ltr'><strong>ad</strong></span> <span class='ocrx_word' id='word_1_427' title='bbox 2452 5636 2659 5689; x_wconf 86' lang='lat' dir='ltr'><strong>Domini</strong></span> 
     </span>
    </p>
   </div>
   <div class='ocr_carea' id='block_1_62' title="bbox 1075 5725 2661 5796">
    <p class='ocr_par' dir='ltr' id='par_1_62' title="bbox 1075 5725 2661 5796">
     <span class='ocr_line' id='line_1_62' title="bbox 1075 5725 2661 5796; baseline 0.001 -20"><span class='ocrx_word' id='word_1_428' title='bbox 1075 5726 1409 5794; x_wconf 77' lang='lat' dir='ltr'><strong>sepulturam</strong></span> <span class='ocrx_word' id='word_1_429' title='bbox 1444 5728 1803 5783; x_wconf 65' lang='lat' dir='ltr'><strong>cuttrsanctis</strong></span> <span class='ocrx_word' id='word_1_430' title='bbox 1834 5729 2153 5783; x_wconf 68' lang='lat' dir='ltr'><strong>mulieribus</strong></span> <span class='ocrx_word' id='word_1_431' title='bbox 2186 5727 2363 5796; x_wconf 79' lang='lat' dir='ltr'><strong>lugeat</strong></span> <span class='ocrx_word' id='word_1_432' title='bbox 2391 5766 2403 5788; x_wconf 88' lang='lat'><strong>,</strong></span> <span class='ocrx_word' id='word_1_433' title='bbox 2456 5737 2513 5778; x_wconf 91' lang='lat' dir='ltr'><strong>ut</strong></span> <span class='ocrx_word' id='word_1_434' title='bbox 2554 5725 2661 5779; x_wconf 89' lang='lat' dir='ltr'><strong>illic</strong></span> 
     </span>
    </p>
   </div>
   <div class='ocr_carea' id='block_1_63' title="bbox 2680 4507 2728 4565">
    <p class='ocr_par' dir='ltr' id='par_1_63' title="bbox 2680 4507 2728 4565">
     <span class='ocr_line' id='line_1_63' title="bbox 2680 4507 2728 4565; baseline 0 0"><span class='ocrx_word' id='word_1_435' title='bbox 2680 4507 2728 4565; x_wconf 95' lang='lat' dir='ltr'><strong>D</strong></span> 
     </span>
    </p>
   </div>
   <div class='ocr_carea' id='block_1_64' title="bbox 2721 564 4322 645">
    <p class='ocr_par' dir='ltr' id='par_1_64' title="bbox 2721 564 4322 645">
     <span class='ocr_line' id='line_1_64' title="bbox 2721 564 4322 645; baseline -0.006 -16"><span class='ocrx_word' id='word_1_436' title='bbox 2721 576 2920 645; x_wconf 82' lang='lat' dir='ltr'><strong>gubres</strong></span> <span class='ocrx_word' id='word_1_437' title='bbox 2966 570 3106 626; x_wconf 90' lang='lat' dir='ltr'><strong>oculi</strong></span> <span class='ocrx_word' id='word_1_438' title='bbox 3134 613 3148 635; x_wconf 94' lang='lat'><strong>,</strong></span> <span class='ocrx_word' id='word_1_439' title='bbox 3181 570 3376 639; x_wconf 87' lang='lat' dir='ltr'><strong>pallida</strong></span> <span class='ocrx_word' id='word_1_440' title='bbox 3408 585 3503 625; x_wconf 89' lang='lat' dir='ltr'><strong>ora</strong></span> <span class='ocrx_word' id='word_1_441' title='bbox 3533 610 3547 635; x_wconf 93' lang='lat'><strong>,</strong></span> <span class='ocrx_word' id='word_1_442' title='bbox 3578 568 3798 623; x_wconf 89' lang='lat' dir='ltr'><strong>demissi</strong></span> <span class='ocrx_word' id='word_1_443' title='bbox 3846 566 4026 620; x_wconf 87' lang='lat' dir='ltr'><strong>vultus</strong></span> <span class='ocrx_word' id='word_1_444' title='bbox 4056 606 4070 630; x_wconf 92' lang='lat'><strong>,</strong></span> <span class='ocrx_word' id='word_1_445' title='bbox 4118 564 4322 619; x_wconf 84' lang='lat' dir='ltr'><strong>inculta</strong></span> 
     </span>
    </p>
   </div>
   <div class='ocr_carea' id='block_1_65' title="bbox 2723 652 4323 728">
    <p class='ocr_par' dir='ltr' id='par_1_65' title="bbox 2723 652 4323 728">
     <span class='ocr_line' id='line_1_65' title="bbox 2723 652 4323 728; baseline -0.007 -12"><span class='ocrx_word' id='word_1_446' title='bbox 2723 660 2992 725; x_wconf 74' lang='lat' dir='ltr'><strong>czcsaries,</strong></span> <span class='ocrx_word' id='word_1_447' title='bbox 3025 660 3177 728; x_wconf 90' lang='lat' dir='ltr'><strong>signa</strong></span> <span class='ocrx_word' id='word_1_448' title='bbox 3217 659 3325 713; x_wconf 90' lang='lat' dir='ltr'><strong>sint</strong></span> <span class='ocrx_word' id='word_1_449' title='bbox 3372 672 3472 712; x_wconf 91' lang='lat' dir='ltr'><strong>nos</strong></span> <span class='ocrx_word' id='word_1_450' title='bbox 3520 671 3641 711; x_wconf 85' lang='lat' dir='ltr'><strong>esse</strong></span> <span class='ocrx_word' id='word_1_451' title='bbox 3688 655 3981 725; x_wconf 87' lang='lat' dir='ltr'><strong>discipulos</strong></span> <span class='ocrx_word' id='word_1_452' title='bbox 4032 652 4323 718; x_wconf 78' lang='lat' dir='ltr'><strong>crucifixi,</strong></span> 
     </span>
    </p>
   </div>
   <div class='ocr_carea' id='block_1_66' title="bbox 2724 749 4302 821">
    <p class='ocr_par' dir='ltr' id='par_1_66' title="bbox 2724 749 4302 821">
     <span class='ocr_line' id='line_1_66' title="bbox 2724 749 4302 821; baseline -0.004 -16"><span class='ocrx_word' id='word_1_453' title='bbox 2724 752 2805 806; x_wconf 87' lang='lat' dir='ltr'><strong>vel</strong></span> <span class='ocrx_word' id='word_1_454' title='bbox 2841 752 2893 804; x_wconf 88' lang='lat' dir='ltr'><strong>in</strong></span> <span class='ocrx_word' id='word_1_455' title='bbox 2950 750 3198 821; x_wconf 82' lang='lat' dir='ltr'><strong>sepulcro</strong></span> <span class='ocrx_word' id='word_1_456' title='bbox 3244 749 3509 819; x_wconf 81' lang='lat' dir='ltr'><strong>jacentis,</strong></span> <span class='ocrx_word' id='word_1_457' title='bbox 3549 759 3609 802; x_wconf 87' lang='lat' dir='ltr'><strong>ut</strong></span> <span class='ocrx_word' id='word_1_458' title='bbox 3641 751 3731 819; x_wconf 85' lang='lat' dir='ltr'><strong>qui</strong></span> <span class='ocrx_word' id='word_1_459' title='bbox 3763 763 3907 802; x_wconf 89' lang='lat' dir='ltr'><strong>nunc</strong></span> <span class='ocrx_word' id='word_1_460' title='bbox 3945 763 4068 801; x_wconf 90' lang='lat' dir='ltr'><strong>cum</strong></span> <span class='ocrx_word' id='word_1_461' title='bbox 4108 754 4302 816; x_wconf 87' lang='lat' dir='ltr'><strong>aposto</strong></span> 
     </span>
    </p>
   </div>
   <div class='ocr_carea' id='block_1_67' title="bbox 2724 835 4326 911">
    <p class='ocr_par' dir='ltr' id='par_1_67' title="bbox 2724 835 4326 911">
     <span class='ocr_line' id='line_1_67' title="bbox 2724 835 4326 911; baseline -0.004 -16"><span class='ocrx_word' id='word_1_462' title='bbox 2724 842 2789 895; x_wconf 91' lang='lat' dir='ltr'><strong>lis</strong></span> <span class='ocrx_word' id='word_1_463' title='bbox 2836 841 3084 911; x_wconf 75' lang='lat' dir='ltr'><strong>lugentes</strong></span> <span class='ocrx_word' id='word_1_464' title='bbox 3112 848 3166 894; x_wconf 89' lang='lat' dir='ltr'><strong>et</strong></span> <span class='ocrx_word' id='word_1_465' title='bbox 3192 839 3500 909; x_wconf 85' lang='lat' dir='ltr'><strong>jejunantes</strong></span> <span class='ocrx_word' id='word_1_466' title='bbox 3529 837 3839 907; x_wconf 81' lang='lat' dir='ltr'><strong>aﬂligimur,</strong></span> <span class='ocrx_word' id='word_1_467' title='bbox 3874 837 3954 890; x_wconf 83' lang='lat' dir='ltr'><strong>eis</strong></span> <span class='ocrx_word' id='word_1_468' title='bbox 3979 835 4326 904; x_wconf 83' lang='lat' dir='ltr'><strong>postmodum</strong></span> 
     </span>
    </p>
   </div>
   <div class='ocr_carea' id='block_1_68' title="bbox 2725 923 4327 999">
    <p class='ocr_par' dir='ltr' id='par_1_68' title="bbox 2725 923 4327 999">
     <span class='ocr_line' id='line_1_68' title="bbox 2725 923 4327 999; baseline -0.004 -13"><span class='ocrx_word' id='word_1_469' title='bbox 2725 931 2779 986; x_wconf 91' lang='lat' dir='ltr'><strong>in</strong></span> <span class='ocrx_word' id='word_1_470' title='bbox 2831 930 3006 985; x_wconf 89' lang='lat' dir='ltr'><strong>mellis</strong></span> <span class='ocrx_word' id='word_1_471' title='bbox 3066 939 3121 985; x_wconf 89' lang='lat' dir='ltr'><strong>et</strong></span> <span class='ocrx_word' id='word_1_472' title='bbox 3180 930 3345 999; x_wconf 87' lang='lat' dir='ltr'><strong>piscis</strong></span> <span class='ocrx_word' id='word_1_473' title='bbox 3391 930 3499 983; x_wconf 89' lang='lat' dir='ltr'><strong>assi</strong></span> <span class='ocrx_word' id='word_1_474' title='bbox 3553 928 3804 983; x_wconf 87' lang='lat' dir='ltr'><strong>convivio</strong></span> <span class='ocrx_word' id='word_1_475' title='bbox 3851 927 4123 981; x_wconf 85' lang='lat' dir='ltr'><strong>sociemur</strong></span> <span class='ocrx_word' id='word_1_476' title='bbox 4172 923 4327 993; x_wconf 82' lang='lat' dir='ltr'><strong>(Luc.</strong></span> 
     </span>
    </p>
   </div>
   <div class='ocr_carea' id='block_1_69' title="bbox 2726 1017 4326 1092">
    <p class='ocr_par' dir='ltr' id='par_1_69' title="bbox 2726 1017 4326 1092">
     <span class='ocr_line' id='line_1_69' title="bbox 2726 1017 4326 1092; baseline -0.003 -15"><span class='ocrx_word' id='word_1_477' title='bbox 2726 1023 2897 1092; x_wconf 80' lang='lat' dir='ltr'><strong>xxiv).</strong></span> <span class='ocrx_word' id='word_1_478' title='bbox 2936 1020 3007 1077; x_wconf 89' lang='lat' dir='ltr'><strong>Ut</strong></span> <span class='ocrx_word' id='word_1_479' title='bbox 3040 1021 3225 1076; x_wconf 86' lang='lat' dir='ltr'><strong>autem</strong></span> <span class='ocrx_word' id='word_1_480' title='bbox 3254 1020 3345 1090; x_wconf 92' lang='lat' dir='ltr'><strong>qui</strong></span> <span class='ocrx_word' id='word_1_481' title='bbox 3376 1019 3618 1085; x_wconf 86' lang='lat' dir='ltr'><strong>fructus,</strong></span> <span class='ocrx_word' id='word_1_482' title='bbox 3648 1035 3835 1089; x_wconf 69' lang='lat' dir='ltr'><strong>qumvc</strong></span> <span class='ocrx_word' id='word_1_483' title='bbox 3872 1020 3943 1073; x_wconf 88' lang='lat' dir='ltr'><strong>sit</strong></span> <span class='ocrx_word' id='word_1_484' title='bbox 3985 1017 4194 1072; x_wconf 78' lang='lat' dir='ltr'><strong>utilitas</strong></span> <span class='ocrx_word' id='word_1_485' title='bbox 4238 1031 4326 1073; x_wconf 83' lang='lat' dir='ltr'><strong>sc-</strong></span> 
     </span>
    </p>
   </div>
   <div class='ocr_carea' id='block_1_70' title="bbox 2726 1108 4332 1183">
    <p class='ocr_par' dir='ltr' id='par_1_70' title="bbox 2726 1108 4332 1183">
     <span class='ocr_line' id='line_1_70' title="bbox 2726 1108 4332 1183; baseline -0.002 -16"><span class='ocrx_word' id='word_1_486' title='bbox 2726 1113 2893 1183; x_wconf 89' lang='lat' dir='ltr'><strong>ptima</strong></span> <span class='ocrx_word' id='word_1_487' title='bbox 2928 1112 3061 1167; x_wconf 90' lang='lat' dir='ltr'><strong>feria</strong></span> <span class='ocrx_word' id='word_1_488' title='bbox 3085 1110 3389 1181; x_wconf 86' lang='lat' dir='ltr'><strong>jejunandi,</strong></span> <span class='ocrx_word' id='word_1_489' title='bbox 3439 1126 3545 1165; x_wconf 90' lang='lat' dir='ltr'><strong>non</strong></span> <span class='ocrx_word' id='word_1_490' title='bbox 3591 1120 3700 1164; x_wconf 90' lang='lat' dir='ltr'><strong>tam</strong></span> <span class='ocrx_word' id='word_1_491' title='bbox 3733 1111 3913 1165; x_wconf 86' lang='lat' dir='ltr'><strong>verbis</strong></span> <span class='ocrx_word' id='word_1_492' title='bbox 3955 1125 4116 1178; x_wconf 87' lang='lat' dir='ltr'><strong>quam</strong></span> <span class='ocrx_word' id='word_1_493' title='bbox 4165 1108 4332 1163; x_wconf 88' lang='lat' dir='ltr'><strong>rebus</strong></span> 
     </span>
    </p>
   </div>
   <div class='ocr_carea' id='block_1_71' title="bbox 2728 1197 4334 1267">
    <p class='ocr_par' dir='ltr' id='par_1_71' title="bbox 2728 1197 4334 1267">
     <span class='ocr_line' id='line_1_71' title="bbox 2728 1197 4334 1267; baseline -0.005 -7"><span class='ocrx_word' id='word_1_494' title='bbox 2728 1206 2971 1267; x_wconf 85' lang='lat' dir='ltr'><strong>eluceat;</strong></span> <span class='ocrx_word' id='word_1_495' title='bbox 3006 1219 3129 1259; x_wconf 78' lang='lat' dir='ltr'><strong>non</strong></span> <span class='ocrx_word' id='word_1_496' title='bbox 3163 1204 3261 1259; x_wconf 90' lang='lat' dir='ltr'><strong>abs</strong></span> <span class='ocrx_word' id='word_1_497' title='bbox 3307 1218 3365 1259; x_wconf 89' lang='lat' dir='ltr'><strong>re</strong></span> <span class='ocrx_word' id='word_1_498' title='bbox 3394 1202 3671 1257; x_wconf 84' lang='lat' dir='ltr'><strong>credimus</strong></span> <span class='ocrx_word' id='word_1_499' title='bbox 3695 1243 3708 1261; x_wconf 87' lang='lat'><strong>,</strong></span> <span class='ocrx_word' id='word_1_500' title='bbox 3742 1202 3785 1255; x_wconf 90' lang='lat' dir='ltr'><strong>si</strong></span> <span class='ocrx_word' id='word_1_501' title='bbox 3816 1201 3983 1256; x_wconf 85' lang='lat' dir='ltr'><strong>etiam</strong></span> <span class='ocrx_word' id='word_1_502' title='bbox 4032 1201 4099 1255; x_wconf 86' lang='lat' dir='ltr'><strong>de</strong></span> <span class='ocrx_word' id='word_1_503' title='bbox 4130 1197 4334 1254; x_wconf 85' lang='lat' dir='ltr'><strong>nostris</strong></span> 
     </span>
    </p>
   </div>
   <div class='ocr_carea' id='block_1_72' title="bbox 2730 1286 4335 1362">
    <p class='ocr_par' dir='ltr' id='par_1_72' title="bbox 2730 1286 4335 1362">
     <span class='ocr_line' id='line_1_72' title="bbox 2730 1286 4335 1362; baseline -0.004 -14"><span class='ocrx_word' id='word_1_504' title='bbox 2730 1293 3006 1362; x_wconf 86' lang='lat' dir='ltr'><strong>opusculis</strong></span> <span class='ocrx_word' id='word_1_505' title='bbox 3052 1293 3120 1347; x_wconf 87' lang='lat' dir='ltr'><strong>ad</strong></span> <span class='ocrx_word' id='word_1_506' title='bbox 3171 1291 3589 1348; x_wconf 68' lang='lat' dir='ltr'><strong>aediﬁcationem</strong></span> <span class='ocrx_word' id='word_1_507' title='bbox 3642 1300 3882 1347; x_wconf 85' lang='lat' dir='ltr'><strong>vestram</strong></span> <span class='ocrx_word' id='word_1_508' title='bbox 3933 1290 4097 1345; x_wconf 87' lang='lat' dir='ltr'><strong>breve</strong></span> <span class='ocrx_word' id='word_1_509' title='bbox 4127 1286 4335 1358; x_wconf 85' lang='lat' dir='ltr'><strong>aliquid</strong></span> 
     </span>
    </p>
   </div>
   <div class='ocr_carea' id='block_1_73' title="bbox 2732 1394 3062 1439">
    <p class='ocr_par' dir='ltr' id='par_1_73' title="bbox 2732 1394 3062 1439">
     <span class='ocr_line' id='line_1_73' title="bbox 2732 1394 3062 1439; baseline -0.006 0"><span class='ocrx_word' id='word_1_510' title='bbox 2732 1394 3062 1439; x_wconf 76' lang='lat' dir='ltr'><strong>mutuemur.</strong></span> 
     </span>
    </p>
   </div>
   <div class='ocr_carea' id='block_1_74' title="bbox 3351 1469 3707 1526">
    <p class='ocr_par' dir='ltr' id='par_1_74' title="bbox 3351 1469 3707 1526">
     <span class='ocr_line' id='line_1_74' title="bbox 3351 1469 3707 1526; baseline 0 -1"><span class='ocrx_word' id='word_1_511' title='bbox 3351 1469 3582 1526; x_wconf 80' lang='lat' dir='ltr'><strong>CAPUT</strong></span> <span class='ocrx_word' id='word_1_512' title='bbox 3624 1470 3707 1525; x_wconf 90' lang='grc'><strong>111.</strong></span> 
     </span>
    </p>
   </div>
   <div class='ocr_carea' id='block_1_75' title="bbox 2774 1582 4299 1656">
    <p class='ocr_par' dir='ltr' id='par_1_75' title="bbox 2774 1582 4299 1656">
     <span class='ocr_line' id='line_1_75' title="bbox 2774 1582 4299 1656; baseline -0.001 -17"><span class='ocrx_word' id='word_1_513' title='bbox 2774 1584 3094 1647; x_wconf 80' lang='lat' dir='ltr'><strong>Miraculum</strong></span> <span class='ocrx_word' id='word_1_514' title='bbox 3126 1601 3228 1656; x_wconf 82' lang='lat' dir='ltr'><strong>quo</strong></span> <span class='ocrx_word' id='word_1_515' title='bbox 3260 1583 3529 1655; x_wconf 84' lang='lat' dir='ltr'><strong>jejunium</strong></span> <span class='ocrx_word' id='word_1_516' title='bbox 3562 1582 3777 1637; x_wconf 82' lang='lat' dir='ltr'><strong>Subbati</strong></span> <span class='ocrx_word' id='word_1_517' title='bbox 3817 1584 4170 1654; x_wconf 82' lang='lat' dir='ltr'><strong>approbatum</strong></span> <span class='ocrx_word' id='word_1_518' title='bbox 4200 1592 4299 1638; x_wconf 80' lang='lat' dir='ltr'><strong>est.</strong></span> 
     </span>
    </p>
   </div>
   <div class='ocr_carea' id='block_1_76' title="bbox 2808 1693 4339 1767">
    <p class='ocr_par' dir='ltr' id='par_1_76' title="bbox 2808 1693 4339 1767">
     <span class='ocr_line' id='line_1_76' title="bbox 2808 1693 4339 1767; baseline -0.003 -15"><span class='ocrx_word' id='word_1_519' title='bbox 2808 1698 2944 1752; x_wconf 79' lang='lat' dir='ltr'><strong>Nam</strong></span> <span class='ocrx_word' id='word_1_520' title='bbox 2970 1696 3113 1767; x_wconf 86' lang='lat' dir='ltr'><strong>quod</strong></span> <span class='ocrx_word' id='word_1_521' title='bbox 3154 1696 3401 1751; x_wconf 90' lang='lat' dir='ltr'><strong>dicturus</strong></span> <span class='ocrx_word' id='word_1_522' title='bbox 3442 1711 3560 1750; x_wconf 88' lang='lat' dir='ltr'><strong>sum</strong></span> <span class='ocrx_word' id='word_1_523' title='bbox 3588 1735 3604 1760; x_wconf 93' lang='lat'><strong>,</strong></span> <span class='ocrx_word' id='word_1_524' title='bbox 3663 1694 3730 1748; x_wconf 88' lang='lat' dir='ltr'><strong>ibi</strong></span> <span class='ocrx_word' id='word_1_525' title='bbox 3758 1693 3870 1762; x_wconf 90' lang='lat' dir='ltr'><strong>jam</strong></span> <span class='ocrx_word' id='word_1_526' title='bbox 3920 1694 4205 1763; x_wconf 83' lang='lat' dir='ltr'><strong>scripsisse</strong></span> <span class='ocrx_word' id='word_1_527' title='bbox 4250 1706 4339 1748; x_wconf 87' lang='lat' dir='ltr'><strong>me</strong></span> 
     </span>
    </p>
   </div>
   <div class='ocr_carea' id='block_1_77' title="bbox 2741 1783 4335 1857">
    <p class='ocr_par' dir='ltr' id='par_1_77' title="bbox 2741 1783 4335 1857">
     <span class='ocr_line' id='line_1_77' title="bbox 2741 1783 4335 1857; baseline -0.004 -14"><span class='ocrx_word' id='word_1_528' title='bbox 2741 1789 2984 1853; x_wconf 88' lang='lat' dir='ltr'><strong>memini,</strong></span> <span class='ocrx_word' id='word_1_529' title='bbox 3014 1789 3103 1843; x_wconf 87' lang='lat' dir='ltr'><strong>ubi</strong></span> <span class='ocrx_word' id='word_1_530' title='bbox 3153 1788 3220 1843; x_wconf 92' lang='lat' dir='ltr'><strong>de</strong></span> <span class='ocrx_word' id='word_1_531' title='bbox 3263 1797 3390 1842; x_wconf 92' lang='lat' dir='ltr'><strong>octo</strong></span> <span class='ocrx_word' id='word_1_532' title='bbox 3430 1789 3706 1857; x_wconf 80' lang='lat' dir='ltr'><strong>quondam</strong></span> <span class='ocrx_word' id='word_1_533' title='bbox 3746 1784 3968 1857; x_wconf 86' lang='lat' dir='ltr'><strong>jejuniis</strong></span> <span class='ocrx_word' id='word_1_534' title='bbox 4016 1783 4335 1853; x_wconf 88' lang='lat' dir='ltr'><strong>disputavi:</strong></span> 
     </span>
    </p>
   </div>
   <div class='ocr_carea' id='block_1_78' title="bbox 2736 1877 4338 1955">
    <p class='ocr_par' dir='ltr' id='par_1_78' title="bbox 2736 1877 4338 1955">
     <span class='ocr_line' id='line_1_78' title="bbox 2736 1877 4338 1955; baseline -0.002 -21"><span class='ocrx_word' id='word_1_535' title='bbox 2736 1895 2884 1943; x_wconf 82' lang='lat' dir='ltr'><strong>mox,</strong></span> <span class='ocrx_word' id='word_1_536' title='bbox 2910 1880 3156 1955; x_wconf 84' lang='lat' dir='ltr'><strong>inquam,</strong></span> <span class='ocrx_word' id='word_1_537' title='bbox 3188 1888 3246 1933; x_wconf 92' lang='lat' dir='ltr'><strong>ut</strong></span> <span class='ocrx_word' id='word_1_538' title='bbox 3274 1878 3375 1933; x_wconf 88' lang='lat' dir='ltr'><strong>ista</strong></span> <span class='ocrx_word' id='word_1_539' title='bbox 3404 1878 3862 1947; x_wconf 68' lang='lat' dir='ltr'><strong>conscripserant,</strong></span> <span class='ocrx_word' id='word_1_540' title='bbox 3888 1878 4019 1947; x_wconf 91' lang='lat' dir='ltr'><strong>quid</strong></span> <span class='ocrx_word' id='word_1_541' title='bbox 4051 1877 4179 1931; x_wconf 89' lang='lat' dir='ltr'><strong>mihi</strong></span> <span class='ocrx_word' id='word_1_542' title='bbox 4207 1878 4338 1932; x_wconf 89' lang='lat' dir='ltr'><strong>casn</strong></span> 
     </span>
    </p>
   </div>
   <div class='ocr_carea' id='block_1_79' title="bbox 2734 1953 4336 2039">
    <p class='ocr_par' dir='ltr' id='par_1_79' title="bbox 2734 1953 4336 2039">
     <span class='ocr_line' id='line_1_79' title="bbox 2734 1953 4336 2039; baseline -0.002 -16"><span class='ocrx_word' id='word_1_543' title='bbox 2734 1970 2817 2024; x_wconf 88' lang='lat' dir='ltr'><strong>vel</strong></span> <span class='ocrx_word' id='word_1_544' title='bbox 2851 1970 3033 2039; x_wconf 84' lang='lat' dir='ltr'><strong>potius</strong></span> <span class='ocrx_word' id='word_1_545' title='bbox 3062 1953 3248 2023; x_wconf 79' lang='lat' dir='ltr'><strong>divino</strong></span> <span class='ocrx_word' id='word_1_546' title='bbox 3279 1978 3413 2024; x_wconf 90' lang='lat' dir='ltr'><strong>nutu</strong></span> <span class='ocrx_word' id='word_1_547' title='bbox 3446 1983 3607 2023; x_wconf 90' lang='lat' dir='ltr'><strong>nosse</strong></span> <span class='ocrx_word' id='word_1_548' title='bbox 3633 1968 3946 2036; x_wconf 84' lang='lat' dir='ltr'><strong>contigerit,</strong></span> <span class='ocrx_word' id='word_1_549' title='bbox 3978 1983 4085 2023; x_wconf 91' lang='lat' dir='ltr'><strong>non</strong></span> <span class='ocrx_word' id='word_1_550' title='bbox 4123 1967 4336 2022; x_wconf 88' lang='lat' dir='ltr'><strong>celabo.</strong></span> 
     </span>
    </p>
   </div>
   <div class='ocr_carea' id='block_1_80' title="bbox 2736 2056 4342 2128">
    <p class='ocr_par' dir='ltr' id='par_1_80' title="bbox 2736 2056 4342 2128">
     <span class='ocr_line' id='line_1_80' title="bbox 2736 2056 4342 2128; baseline 0 -15"><span class='ocrx_word' id='word_1_551' title='bbox 2736 2059 2933 2114; x_wconf 87' lang='lat' dir='ltr'><strong>Senior</strong></span> <span class='ocrx_word' id='word_1_552' title='bbox 2959 2058 3182 2128; x_wconf 90' lang='lat' dir='ltr'><strong>quidam</strong></span> <span class='ocrx_word' id='word_1_553' title='bbox 3213 2057 3387 2113; x_wconf 79' lang='lat' dir='ltr'><strong>frater</strong></span> <span class='ocrx_word' id='word_1_554' title='bbox 3412 2099 3426 2121; x_wconf 86' lang='lat'><strong>,</strong></span> <span class='ocrx_word' id='word_1_555' title='bbox 3456 2058 3549 2126; x_wconf 79' lang='lat' dir='ltr'><strong>qui</strong></span> <span class='ocrx_word' id='word_1_556' title='bbox 3584 2056 3699 2125; x_wconf 87' lang='lat' dir='ltr'><strong>jam</strong></span> <span class='ocrx_word' id='word_1_557' title='bbox 3747 2058 3971 2128; x_wconf 85' lang='lat' dir='ltr'><strong>triginta</strong></span> <span class='ocrx_word' id='word_1_558' title='bbox 4019 2058 4135 2114; x_wconf 86' lang='lat' dir='ltr'><strong>fere</strong></span> <span class='ocrx_word' id='word_1_559' title='bbox 4182 2058 4342 2113; x_wconf 89' lang='lat' dir='ltr'><strong>anuis</strong></span> 
     </span>
    </p>
   </div>
   <div class='ocr_carea' id='block_1_81' title="bbox 2734 2149 4342 2215">
    <p class='ocr_par' dir='ltr' id='par_1_81' title="bbox 2734 2149 4342 2215">
     <span class='ocr_line' id='line_1_81' title="bbox 2734 2149 4342 2215; baseline 0.001 -11"><span class='ocrx_word' id='word_1_560' title='bbox 2734 2150 3016 2204; x_wconf 84' lang='lat' dir='ltr'><strong>eremitica</strong></span> <span class='ocrx_word' id='word_1_561' title='bbox 3042 2149 3234 2205; x_wconf 91' lang='lat' dir='ltr'><strong>cellula</strong></span> <span class='ocrx_word' id='word_1_562' title='bbox 3285 2163 3417 2204; x_wconf 89' lang='lat' dir='ltr'><strong>usus</strong></span> <span class='ocrx_word' id='word_1_563' title='bbox 3459 2149 3668 2213; x_wconf 75' lang='lat' dir='ltr'><strong>fuerat,</strong></span> <span class='ocrx_word' id='word_1_564' title='bbox 3702 2150 3770 2204; x_wconf 89' lang='lat' dir='ltr'><strong>ad</strong></span> <span class='ocrx_word' id='word_1_565' title='bbox 3801 2164 3888 2205; x_wconf 91' lang='lat' dir='ltr'><strong>me</strong></span> <span class='ocrx_word' id='word_1_566' title='bbox 3922 2151 4111 2215; x_wconf 91' lang='lat' dir='ltr'><strong>venit,</strong></span> <span class='ocrx_word' id='word_1_567' title='bbox 4155 2159 4210 2205; x_wconf 92' lang='lat' dir='ltr'><strong>et</strong></span> <span class='ocrx_word' id='word_1_568' title='bbox 4239 2149 4342 2205; x_wconf 83' lang='lat' dir='ltr'><strong>Soli</strong></span> 
     </span>
    </p>
   </div>
   <div class='ocr_carea' id='block_1_82' title="bbox 2736 2238 4346 2311">
    <p class='ocr_par' dir='ltr' id='par_1_82' title="bbox 2736 2238 4346 2311">
     <span class='ocr_line' id='line_1_82' title="bbox 2736 2238 4346 2311; baseline -0.001 -17"><span class='ocrx_word' id='word_1_569' title='bbox 2736 2240 3000 2295; x_wconf 80' lang='lat' dir='ltr'><strong>visionem</strong></span> <span class='ocrx_word' id='word_1_570' title='bbox 3025 2281 3041 2305; x_wconf 88' lang='lat'><strong>,</strong></span> <span class='ocrx_word' id='word_1_571' title='bbox 3074 2256 3195 2310; x_wconf 66' lang='lat' dir='ltr'><strong>quae</strong></span> <span class='ocrx_word' id='word_1_572' title='bbox 3224 2240 3327 2295; x_wconf 87' lang='lat' dir='ltr'><strong>sibi</strong></span> <span class='ocrx_word' id='word_1_573' title='bbox 3360 2239 3637 2297; x_wconf 90' lang='lat' dir='ltr'><strong>acciderat</strong></span> <span class='ocrx_word' id='word_1_574' title='bbox 3663 2281 3678 2305; x_wconf 92' lang='lat'><strong>,</strong></span> <span class='ocrx_word' id='word_1_575' title='bbox 3724 2241 4002 2311; x_wconf 81' lang='lat' dir='ltr'><strong>patefecit.</strong></span> <span class='ocrx_word' id='word_1_576' title='bbox 4036 2240 4191 2310; x_wconf 71' lang='lat' dir='ltr'><strong>Saepe</strong></span> <span class='ocrx_word' id='word_1_577' title='bbox 4216 2281 4230 2301; x_wconf 88' lang='lat'><strong>,</strong></span> <span class='ocrx_word' id='word_1_578' title='bbox 4260 2238 4346 2294; x_wconf 82' lang='lat' dir='ltr'><strong>in-</strong></span> 
     </span>
    </p>
   </div>
   <div class='ocr_carea' id='block_1_83' title="bbox 2736 2331 4343 2402">
    <p class='ocr_par' dir='ltr' id='par_1_83' title="bbox 2736 2331 4343 2402">
     <span class='ocr_line' id='line_1_83' title="bbox 2736 2331 4343 2402; baseline 0 -17"><span class='ocrx_word' id='word_1_579' title='bbox 2736 2332 2892 2402; x_wconf 91' lang='lat' dir='ltr'><strong>quit,</strong></span> <span class='ocrx_word' id='word_1_580' title='bbox 2946 2331 3246 2402; x_wconf 89' lang='lat' dir='ltr'><strong>magister,</strong></span> <span class='ocrx_word' id='word_1_581' title='bbox 3304 2332 3360 2385; x_wconf 92' lang='lat' dir='ltr'><strong>in</strong></span> <span class='ocrx_word' id='word_1_582' title='bbox 3415 2339 3469 2386; x_wconf 91' lang='lat' dir='ltr'><strong>te</strong></span> <span class='ocrx_word' id='word_1_583' title='bbox 3505 2332 3802 2387; x_wconf 87' lang='lat' dir='ltr'><strong>simultatis</strong></span> <span class='ocrx_word' id='word_1_584' title='bbox 3841 2342 3897 2387; x_wconf 87' lang='lat' dir='ltr'><strong>et</strong></span> <span class='ocrx_word' id='word_1_585' title='bbox 3932 2333 4029 2387; x_wconf 68' lang='lat' dir='ltr'><strong>ira:</strong></span> <span class='ocrx_word' id='word_1_586' title='bbox 4065 2331 4343 2386; x_wconf 90' lang='lat' dir='ltr'><strong>stimulum</strong></span> 
     </span>
    </p>
   </div>
   <div class='ocr_carea' id='block_1_84' title="bbox 2737 2420 4349 2493">
    <p class='ocr_par' dir='ltr' id='par_1_84' title="bbox 2737 2420 4349 2493">
     <span class='ocr_line' id='line_1_84' title="bbox 2737 2420 4349 2493; baseline -0.001 -16"><span class='ocrx_word' id='word_1_587' title='bbox 2737 2422 2965 2491; x_wconf 90' lang='lat' dir='ltr'><strong>pertuli,</strong></span> <span class='ocrx_word' id='word_1_588' title='bbox 3017 2422 3145 2491; x_wconf 89' lang='lat' dir='ltr'><strong>quia</strong></span> <span class='ocrx_word' id='word_1_589' title='bbox 3193 2422 3337 2477; x_wconf 90' lang='lat' dir='ltr'><strong>diem</strong></span> <span class='ocrx_word' id='word_1_590' title='bbox 3374 2420 3599 2477; x_wconf 87' lang='lat' dir='ltr'><strong>Sabbati</strong></span> <span class='ocrx_word' id='word_1_591' title='bbox 3650 2431 3932 2492; x_wconf 87' lang='lat' dir='ltr'><strong>tantopere</strong></span> <span class='ocrx_word' id='word_1_592' title='bbox 3964 2431 4024 2477; x_wconf 90' lang='lat' dir='ltr'><strong>ut</strong></span> <span class='ocrx_word' id='word_1_593' title='bbox 4065 2420 4349 2493; x_wconf 79' lang='lat' dir='ltr'><strong>jejuuare-</strong></span> 
     </span>
    </p>
   </div>
   <div class='ocr_carea' id='block_1_85' title="bbox 2742 2512 4346 2583">
    <p class='ocr_par' dir='ltr' id='par_1_85' title="bbox 2742 2512 4346 2583">
     <span class='ocr_line' id='line_1_85' title="bbox 2742 2512 4346 2583; baseline -0.001 -17"><span class='ocrx_word' id='word_1_594' title='bbox 2742 2521 2832 2566; x_wconf 88' lang='lat' dir='ltr'><strong>tur</strong></span> <span class='ocrx_word' id='word_1_595' title='bbox 2867 2512 3143 2578; x_wconf 86' lang='lat' dir='ltr'><strong>instabas;</strong></span> <span class='ocrx_word' id='word_1_596' title='bbox 3184 2512 3394 2568; x_wconf 85' lang='lat' dir='ltr'><strong>interea</strong></span> <span class='ocrx_word' id='word_1_597' title='bbox 3438 2513 3725 2583; x_wconf 80' lang='lat' dir='ltr'><strong>concitpivi</strong></span> <span class='ocrx_word' id='word_1_598' title='bbox 3754 2512 4188 2583; x_wconf 84' lang='lat' dir='ltr'><strong>Hierosolymam</strong></span> <span class='ocrx_word' id='word_1_599' title='bbox 4221 2527 4346 2579; x_wconf 89' lang='lat' dir='ltr'><strong>per-</strong></span> 
     </span>
    </p>
   </div>
   <div class='ocr_carea' id='block_1_86' title="bbox 2739 2599 4349 2674">
    <p class='ocr_par' dir='ltr' id='par_1_86' title="bbox 2739 2599 4349 2674">
     <span class='ocr_line' id='line_1_86' title="bbox 2739 2599 4349 2674; baseline 0 -17"><span class='ocrx_word' id='word_1_600' title='bbox 2739 2617 2903 2674; x_wconf 88' lang='lat' dir='ltr'><strong>gere;</strong></span> <span class='ocrx_word' id='word_1_601' title='bbox 2964 2618 3198 2671; x_wconf 86' lang='lat' dir='ltr'><strong>cnmque</strong></span> <span class='ocrx_word' id='word_1_602' title='bbox 3242 2603 3349 2658; x_wconf 87' lang='lat' dir='ltr'><strong>hoc</strong></span> <span class='ocrx_word' id='word_1_603' title='bbox 3413 2603 3467 2657; x_wconf 93' lang='lat' dir='ltr'><strong>in</strong></span> <span class='ocrx_word' id='word_1_604' title='bbox 3538 2603 3654 2657; x_wconf 87' lang='lat' dir='ltr'><strong>dies</strong></span> <span class='ocrx_word' id='word_1_605' title='bbox 3715 2602 3989 2658; x_wconf 90' lang='lat' dir='ltr'><strong>desiderio</strong></span> <span class='ocrx_word' id='word_1_606' title='bbox 4042 2599 4349 2657; x_wconf 81' lang='lat' dir='ltr'><strong>ferventius</strong></span> 
     </span>
    </p>
   </div>
   <div class='ocr_carea' id='block_1_87' title="bbox 2739 2692 4349 2765">
    <p class='ocr_par' dir='ltr' id='par_1_87' title="bbox 2739 2692 4349 2765">
     <span class='ocr_line' id='line_1_87' title="bbox 2739 2692 4349 2765; baseline -0.001 -18"><span class='ocrx_word' id='word_1_607' title='bbox 2739 2701 3070 2758; x_wconf 69' lang='lat' dir='ltr'><strong>astuarem,</strong></span> <span class='ocrx_word' id='word_1_608' title='bbox 3126 2694 3419 2747; x_wconf 88' lang='lat' dir='ltr'><strong>dormienti</strong></span> <span class='ocrx_word' id='word_1_609' title='bbox 3468 2694 3600 2748; x_wconf 88' lang='lat' dir='ltr'><strong>mihi</strong></span> <span class='ocrx_word' id='word_1_610' title='bbox 3646 2693 3929 2755; x_wconf 83' lang='lat' dir='ltr'><strong>Dominica</strong></span> <span class='ocrx_word' id='word_1_611' title='bbox 3979 2692 4147 2765; x_wconf 66' lang='grc'><strong>840</strong></span> <span class='ocrx_word' id='word_1_612' title='bbox 4188 2702 4349 2747; x_wconf 85' lang='lat' dir='ltr'><strong>nocte</strong></span> 
     </span>
    </p>
   </div>
   <div class='ocr_carea' id='block_1_88' title="bbox 2744 2772 4341 2853">
    <p class='ocr_par' dir='ltr' id='par_1_88' title="bbox 2744 2772 4341 2853">
     <span class='ocr_line' id='line_1_88' title="bbox 2744 2772 4341 2853; baseline -0.003 -14"><span class='ocrx_word' id='word_1_613' title='bbox 2744 2772 2991 2839; x_wconf 81' lang='lat' dir='ltr'><strong>astititin</strong></span> <span class='ocrx_word' id='word_1_614' title='bbox 3016 2785 3226 2840; x_wconf 88' lang='lat' dir='ltr'><strong>visione</strong></span> <span class='ocrx_word' id='word_1_615' title='bbox 3243 2784 3561 2853; x_wconf 81' lang='lat' dir='ltr'><strong>splendidus</strong></span> <span class='ocrx_word' id='word_1_616' title='bbox 3581 2784 3800 2853; x_wconf 89' lang='lat' dir='ltr'><strong>quidam</strong></span> <span class='ocrx_word' id='word_1_617' title='bbox 3824 2783 4077 2845; x_wconf 86' lang='lat' dir='ltr'><strong>clericus,</strong></span> <span class='ocrx_word' id='word_1_618' title='bbox 4094 2792 4149 2837; x_wconf 89' lang='lat' dir='ltr'><strong>et</strong></span> <span class='ocrx_word' id='word_1_619' title='bbox 4176 2783 4341 2837; x_wconf 85' lang='lat' dir='ltr'><strong>dixit:</strong></span> 
     </span>
    </p>
   </div>
   <div class='ocr_carea' id='block_1_89' title="bbox 2744 2872 4346 2941">
    <p class='ocr_par' dir='ltr' id='par_1_89' title="bbox 2744 2872 4346 2941">
     <span class='ocr_line' id='line_1_89' title="bbox 2744 2872 4346 2941; baseline 0.001 -12"><span class='ocrx_word' id='word_1_620' title='bbox 2744 2874 2940 2929; x_wconf 86' lang='lat' dir='ltr'><strong>Frater</strong></span> <span class='ocrx_word' id='word_1_621' title='bbox 2966 2872 3229 2941; x_wconf 85' lang='lat' dir='ltr'><strong>Joannes,</strong></span> <span class='ocrx_word' id='word_1_622' title='bbox 3262 2875 3343 2929; x_wconf 91' lang='lat' dir='ltr'><strong>sic</strong></span> <span class='ocrx_word' id='word_1_623' title='bbox 3368 2874 3514 2929; x_wconf 91' lang='lat' dir='ltr'><strong>enim</strong></span> <span class='ocrx_word' id='word_1_624' title='bbox 3547 2876 3863 2939; x_wconf 87' lang='lat' dir='ltr'><strong>vocabatur,</strong></span> <span class='ocrx_word' id='word_1_625' title='bbox 3894 2875 3977 2930; x_wconf 91' lang='lat' dir='ltr'><strong>vis</strong></span> <span class='ocrx_word' id='word_1_626' title='bbox 4007 2876 4192 2930; x_wconf 92' lang='lat' dir='ltr'><strong>venire</strong></span> <span class='ocrx_word' id='word_1_627' title='bbox 4216 2874 4346 2930; x_wconf 87' lang='lat' dir='ltr'><strong>Hie-</strong></span> 
     </span>
    </p>
   </div>
   <div class='ocr_carea' id='block_1_90' title="bbox 2745 2963 4353 3034">
    <p class='ocr_par' dir='ltr' id='par_1_90' title="bbox 2745 2963 4353 3034">
     <span class='ocr_line' id='line_1_90' title="bbox 2745 2963 4353 3034; baseline -0.001 -15"><span class='ocrx_word' id='word_1_628' title='bbox 2745 2964 3119 3033; x_wconf 85' lang='lat' dir='ltr'><strong>rosolymam?</strong></span> <span class='ocrx_word' id='word_1_629' title='bbox 3146 2963 3244 3019; x_wconf 87' lang='lat' dir='ltr'><strong>Cui</strong></span> <span class='ocrx_word' id='word_1_630' title='bbox 3274 2979 3399 3019; x_wconf 91' lang='lat' dir='ltr'><strong>cum</strong></span> <span class='ocrx_word' id='word_1_631' title='bbox 3428 2963 3567 3019; x_wconf 89' lang='lat' dir='ltr'><strong>velle</strong></span> <span class='ocrx_word' id='word_1_632' title='bbox 3595 2980 3683 3019; x_wconf 92' lang='lat' dir='ltr'><strong>me</strong></span> <span class='ocrx_word' id='word_1_633' title='bbox 3726 2965 4146 3034; x_wconf 68' lang='lat' dir='ltr'><strong>respondissem,</strong></span> <span class='ocrx_word' id='word_1_634' title='bbox 4178 2964 4353 3033; x_wconf 88' lang='lat' dir='ltr'><strong>proti-</strong></span> 
     </span>
    </p>
   </div>
   <div class='ocr_carea' id='block_1_91' title="bbox 2746 3053 4353 3124">
    <p class='ocr_par' dir='ltr' id='par_1_91' title="bbox 2746 3053 4353 3124">
     <span class='ocr_line' id='line_1_91' title="bbox 2746 3053 4353 3124; baseline 0.004 -17"><span class='ocrx_word' id='word_1_635' title='bbox 2746 3069 2850 3109; x_wconf 72' lang='lat' dir='ltr'><strong>nus</strong></span> <span class='ocrx_word' id='word_1_636' title='bbox 2881 3068 2968 3109; x_wconf 94' lang='lat' dir='ltr'><strong>me</strong></span> <span class='ocrx_word' id='word_1_637' title='bbox 2996 3053 3124 3109; x_wconf 90' lang='lat' dir='ltr'><strong>illuc</strong></span> <span class='ocrx_word' id='word_1_638' title='bbox 3155 3070 3252 3124; x_wconf 87' lang='lat' dir='ltr'><strong>per</strong></span> <span class='ocrx_word' id='word_1_639' title='bbox 3284 3057 3555 3109; x_wconf 90' lang='lat' dir='ltr'><strong>somnium</strong></span> <span class='ocrx_word' id='word_1_640' title='bbox 3604 3056 3758 3110; x_wconf 82' lang='lat' dir='ltr'><strong>duxit</strong></span> <span class='ocrx_word' id='word_1_641' title='bbox 3784 3095 3798 3119; x_wconf 96' lang='lat'><strong>,</strong></span> <span class='ocrx_word' id='word_1_642' title='bbox 3825 3056 4102 3124; x_wconf 87' lang='lat' dir='ltr'><strong>multaque</strong></span> <span class='ocrx_word' id='word_1_643' title='bbox 4133 3064 4353 3114; x_wconf 80' lang='lat' dir='ltr'><strong>sanctu-</strong></span> 
     </span>
    </p>
   </div>
   <div class='ocr_carea' id='block_1_92' title="bbox 2669 3145 4353 3237">
    <p class='ocr_par' dir='ltr' id='par_1_92' title="bbox 2669 3145 4353 3237">
     <span class='ocr_line' id='line_1_92' title="bbox 2669 3145 4353 3237; baseline 0.004 -39"><span class='ocrx_word' id='word_1_644' title='bbox 2669 3175 2717 3237; x_wconf 63' lang='grc' dir='ltr'>ο</span> <span class='ocrx_word' id='word_1_645' title='bbox 2748 3160 2867 3237; x_wconf 70' lang='lat' dir='ltr'><strong>runt</strong></span> <span class='ocrx_word' id='word_1_646' title='bbox 2894 3145 3146 3237; x_wconf 75' lang='lat' dir='ltr'><strong>sepulcra</strong></span> <span class='ocrx_word' id='word_1_647' title='bbox 3174 3147 3502 3237; x_wconf 88' lang='lat' dir='ltr'><strong>circumiens</strong></span> <span class='ocrx_word' id='word_1_648' title='bbox 3528 3185 3543 3210; x_wconf 89' lang='lat'><strong>,</strong></span> <span class='ocrx_word' id='word_1_649' title='bbox 3569 3147 3821 3216; x_wconf 87' lang='lat' dir='ltr'><strong>quodque</strong></span> <span class='ocrx_word' id='word_1_650' title='bbox 3864 3149 4019 3216; x_wconf 88' lang='lat' dir='ltr'><strong>cujus</strong></span> <span class='ocrx_word' id='word_1_651' title='bbox 4063 3159 4209 3204; x_wconf 76' lang='lat' dir='ltr'><strong>esset</strong></span> <span class='ocrx_word' id='word_1_652' title='bbox 4230 3162 4353 3218; x_wconf 83' lang='lat' dir='ltr'><strong>spe-</strong></span> 
     </span>
    </p>
   </div>
   <div class='ocr_carea' id='block_1_93' title="bbox 2748 3235 4349 3307">
    <p class='ocr_par' dir='ltr' id='par_1_93' title="bbox 2748 3235 4349 3307">
     <span class='ocr_line' id='line_1_93' title="bbox 2748 3235 4349 3307; baseline 0.001 -14"><span class='ocrx_word' id='word_1_653' title='bbox 2748 3235 2961 3293; x_wconf 84' lang='lat' dir='ltr'><strong>cialiter</strong></span> <span class='ocrx_word' id='word_1_654' title='bbox 3011 3236 3345 3305; x_wconf 78' lang='lat' dir='ltr'><strong>designavit;</strong></span> <span class='ocrx_word' id='word_1_655' title='bbox 3386 3238 3601 3291; x_wconf 88' lang='lat' dir='ltr'><strong>tandem</strong></span> <span class='ocrx_word' id='word_1_656' title='bbox 3650 3237 3715 3292; x_wconf 92' lang='lat' dir='ltr'><strong>ad</strong></span> <span class='ocrx_word' id='word_1_657' title='bbox 3778 3237 4087 3307; x_wconf 88' lang='lat' dir='ltr'><strong>sepulcrum</strong></span> <span class='ocrx_word' id='word_1_658' title='bbox 4134 3239 4349 3295; x_wconf 88' lang='lat' dir='ltr'><strong>Domini</strong></span> 
     </span>
    </p>
   </div>
   <div class='ocr_carea' id='block_1_94' title="bbox 2746 3326 4355 3396">
    <p class='ocr_par' dir='ltr' id='par_1_94' title="bbox 2746 3326 4355 3396">
     <span class='ocr_line' id='line_1_94' title="bbox 2746 3326 4355 3396; baseline 0.003 -16"><span class='ocrx_word' id='word_1_659' title='bbox 2746 3326 2937 3381; x_wconf 90' lang='lat' dir='ltr'><strong>eodem</strong></span> <span class='ocrx_word' id='word_1_660' title='bbox 2968 3326 3104 3380; x_wconf 87' lang='lat' dir='ltr'><strong>duce</strong></span> <span class='ocrx_word' id='word_1_661' title='bbox 3130 3326 3353 3396; x_wconf 86' lang='lat' dir='ltr'><strong>perveni</strong></span> <span class='ocrx_word' id='word_1_662' title='bbox 3384 3366 3399 3390; x_wconf 93' lang='lat'><strong>,</strong></span> <span class='ocrx_word' id='word_1_663' title='bbox 3425 3334 3480 3384; x_wconf 91' lang='lat' dir='ltr'><strong>et</strong></span> <span class='ocrx_word' id='word_1_664' title='bbox 3502 3341 3630 3381; x_wconf 88' lang='lat' dir='ltr'><strong>ecce</strong></span> <span class='ocrx_word' id='word_1_665' title='bbox 3675 3336 3794 3396; x_wconf 85' lang='lat' dir='ltr'><strong>post</strong></span> <span class='ocrx_word' id='word_1_666' title='bbox 3826 3328 4134 3396; x_wconf 89' lang='lat' dir='ltr'><strong>sepulcrum</strong></span> <span class='ocrx_word' id='word_1_667' title='bbox 4169 3330 4355 3385; x_wconf 86' lang='lat' dir='ltr'><strong>stabat</strong></span> 
     </span>
    </p>
   </div>
   <div class='ocr_carea' id='block_1_95' title="bbox 2748 3412 4351 3488">
    <p class='ocr_par' dir='ltr' id='par_1_95' title="bbox 2748 3412 4351 3488">
     <span class='ocr_line' id='line_1_95' title="bbox 2748 3412 4351 3488; baseline 0.002 -21"><span class='ocrx_word' id='word_1_668' title='bbox 2748 3413 2968 3483; x_wconf 78' lang='lat' dir='ltr'><strong>quidam</strong></span> <span class='ocrx_word' id='word_1_669' title='bbox 3006 3414 3238 3470; x_wconf 84' lang='lat' dir='ltr'><strong>clericus</strong></span> <span class='ocrx_word' id='word_1_670' title='bbox 3268 3429 3463 3470; x_wconf 89' lang='lat' dir='ltr'><strong>serena</strong></span> <span class='ocrx_word' id='word_1_671' title='bbox 3515 3412 3676 3478; x_wconf 86' lang='lat' dir='ltr'><strong>facie,</strong></span> <span class='ocrx_word' id='word_1_672' title='bbox 3726 3423 3783 3469; x_wconf 87' lang='lat' dir='ltr'><strong>et</strong></span> <span class='ocrx_word' id='word_1_673' title='bbox 3828 3414 4056 3485; x_wconf 83' lang='lat' dir='ltr'><strong>pulcher</strong></span> <span class='ocrx_word' id='word_1_674' title='bbox 4106 3429 4351 3488; x_wconf 87' lang='lat' dir='ltr'><strong>aspectu,</strong></span> 
     </span>
    </p>
   </div>
   <div class='ocr_carea' id='block_1_96' title="bbox 2749 3503 4354 3577">
    <p class='ocr_par' dir='ltr' id='par_1_96' title="bbox 2749 3503 4354 3577">
     <span class='ocr_line' id='line_1_96' title="bbox 2749 3503 4354 3577; baseline 0.003 -19"><span class='ocrx_word' id='word_1_675' title='bbox 2749 3504 3127 3565; x_wconf 84' lang='lat' dir='ltr'><strong>cervicetenus</strong></span> <span class='ocrx_word' id='word_1_676' title='bbox 3175 3503 3593 3558; x_wconf 78' lang='lat' dir='ltr'><strong>stola‘candida</strong></span> <span class='ocrx_word' id='word_1_677' title='bbox 3654 3504 3909 3559; x_wconf 88' lang='lat' dir='ltr'><strong>decenter</strong></span> <span class='ocrx_word' id='word_1_678' title='bbox 3961 3515 4226 3569; x_wconf 88' lang='lat' dir='ltr'><strong>ornatus,</strong></span> <span class='ocrx_word' id='word_1_679' title='bbox 4260 3505 4354 3577; x_wconf 84' lang='lat' dir='ltr'><strong>qui</strong></span> 
     </span>
    </p>
   </div>
   <div class='ocr_carea' id='block_1_97' title="bbox 2750 3591 4351 3661">
    <p class='ocr_par' dir='ltr' id='par_1_97' title="bbox 2750 3591 4351 3661">
     <span class='ocr_line' id='line_1_97' title="bbox 2750 3591 4351 3661; baseline 0 -12"><span class='ocrx_word' id='word_1_680' title='bbox 2750 3594 2893 3649; x_wconf 83' lang='lat' dir='ltr'><strong>dixit</strong></span> <span class='ocrx_word' id='word_1_681' title='bbox 2942 3593 3075 3647; x_wconf 90' lang='lat' dir='ltr'><strong>mihi</strong></span> <span class='ocrx_word' id='word_1_682' title='bbox 3111 3606 3126 3646; x_wconf 87' lang='lat'><strong>:</strong></span> <span class='ocrx_word' id='word_1_683' title='bbox 3158 3592 3238 3647; x_wconf 87' lang='lat' dir='ltr'><strong>Tu</strong></span> <span class='ocrx_word' id='word_1_684' title='bbox 3276 3594 3474 3647; x_wconf 87' lang='lat' dir='ltr'><strong>nudius</strong></span> <span class='ocrx_word' id='word_1_685' title='bbox 3524 3592 3721 3647; x_wconf 89' lang='lat' dir='ltr'><strong>tertius</strong></span> <span class='ocrx_word' id='word_1_686' title='bbox 3764 3591 4034 3648; x_wconf 82' lang='lat' dir='ltr'><strong>vivificam</strong></span> <span class='ocrx_word' id='word_1_687' title='bbox 4087 3609 4306 3650; x_wconf 85' lang='lat' dir='ltr'><strong>crucem</strong></span> <span class='ocrx_word' id='word_1_688' title='bbox 4334 3634 4351 3661; x_wconf 87' lang='lat'><strong>,</strong></span> 
     </span>
    </p>
   </div>
   <div class='ocr_carea' id='block_1_98' title="bbox 2749 3684 4353 3756">
    <p class='ocr_par' dir='ltr' id='par_1_98' title="bbox 2749 3684 4353 3756">
     <span class='ocr_line' id='line_1_98' title="bbox 2749 3684 4353 3756; baseline 0.002 -16"><span class='ocrx_word' id='word_1_689' title='bbox 2749 3685 3005 3741; x_wconf 82' lang='lat' dir='ltr'><strong>hesterno</strong></span> <span class='ocrx_word' id='word_1_690' title='bbox 3051 3699 3266 3755; x_wconf 90' lang='lat' dir='ltr'><strong>quoque</strong></span> <span class='ocrx_word' id='word_1_691' title='bbox 3317 3686 3402 3740; x_wconf 89' lang='lat' dir='ltr'><strong>die</strong></span> <span class='ocrx_word' id='word_1_692' title='bbox 3432 3684 3764 3756; x_wconf 88' lang='lat' dir='ltr'><strong>sepulturam</strong></span> <span class='ocrx_word' id='word_1_693' title='bbox 3813 3686 4191 3753; x_wconf 89' lang='lat' dir='ltr'><strong>Dominieam,</strong></span> <span class='ocrx_word' id='word_1_694' title='bbox 4223 3687 4353 3744; x_wconf 91' lang='lat' dir='ltr'><strong>dum</strong></span> 
     </span>
    </p>
   </div>
   <div class='ocr_carea' id='block_1_99' title="bbox 2744 3774 4348 3845">
    <p class='ocr_par' dir='ltr' id='par_1_99' title="bbox 2744 3774 4348 3845">
     <span class='ocr_line' id='line_1_99' title="bbox 2744 3774 4348 3845; baseline 0.004 -17"><span class='ocrx_word' id='word_1_695' title='bbox 2744 3774 2999 3845; x_wconf 88' lang='lat' dir='ltr'><strong>jejunasti</strong></span> <span class='ocrx_word' id='word_1_696' title='bbox 3026 3814 3041 3839; x_wconf 94' lang='lat'><strong>,</strong></span> <span class='ocrx_word' id='word_1_697' title='bbox 3074 3775 3345 3829; x_wconf 87' lang='lat' dir='ltr'><strong>veraciter</strong></span> <span class='ocrx_word' id='word_1_698' title='bbox 3372 3775 3635 3828; x_wconf 90' lang='lat' dir='ltr'><strong>adorasti.</strong></span> <span class='ocrx_word' id='word_1_699' title='bbox 3667 3775 3745 3829; x_wconf 78' lang='lat' dir='ltr'><strong>Ex</strong></span> <span class='ocrx_word' id='word_1_700' title='bbox 3778 3776 3880 3830; x_wconf 90' lang='lat' dir='ltr'><strong>hoc</strong></span> <span class='ocrx_word' id='word_1_701' title='bbox 3905 3816 3919 3841; x_wconf 97' lang='lat'><strong>,</strong></span> <span class='ocrx_word' id='word_1_702' title='bbox 3960 3787 4169 3833; x_wconf 72' lang='lat' dir='ltr'><strong>remoto</strong></span> <span class='ocrx_word' id='word_1_703' title='bbox 4200 3779 4348 3834; x_wconf 89' lang='lat' dir='ltr'><strong>omni</strong></span> 
     </span>
    </p>
   </div>
   <div class='ocr_carea' id='block_1_100' title="bbox 2750 3863 4351 3934">
    <p class='ocr_par' dir='ltr' id='par_1_100' title="bbox 2750 3863 4351 3934">
     <span class='ocr_line' id='line_1_100' title="bbox 2750 3863 4351 3934; baseline 0.001 -15"><span class='ocrx_word' id='word_1_704' title='bbox 2750 3864 3003 3934; x_wconf 86' lang='lat' dir='ltr'><strong>scrupulo</strong></span> <span class='ocrx_word' id='word_1_705' title='bbox 3051 3863 3343 3918; x_wconf 87' lang='lat' dir='ltr'><strong>dubietatis</strong></span> <span class='ocrx_word' id='word_1_706' title='bbox 3370 3903 3384 3926; x_wconf 92' lang='lat'><strong>,</strong></span> <span class='ocrx_word' id='word_1_707' title='bbox 3443 3879 3679 3933; x_wconf 86' lang='lat' dir='ltr'><strong>agnosce</strong></span> <span class='ocrx_word' id='word_1_708' title='bbox 3710 3904 3725 3927; x_wconf 97' lang='lat'><strong>,</strong></span> <span class='ocrx_word' id='word_1_709' title='bbox 3778 3865 3903 3934; x_wconf 88' lang='lat' dir='ltr'><strong>quia</strong></span> <span class='ocrx_word' id='word_1_710' title='bbox 3938 3873 3993 3919; x_wconf 91' lang='lat' dir='ltr'><strong>et</strong></span> <span class='ocrx_word' id='word_1_711' title='bbox 4030 3875 4184 3920; x_wconf 85' lang='lat' dir='ltr'><strong>sexta</strong></span> <span class='ocrx_word' id='word_1_712' title='bbox 4218 3865 4351 3921; x_wconf 84' lang='lat' dir='ltr'><strong>feria</strong></span> 
     </span>
    </p>
   </div>
   <div class='ocr_carea' id='block_1_101' title="bbox 2750 3951 4350 4020">
    <p class='ocr_par' dir='ltr' id='par_1_101' title="bbox 2750 3951 4350 4020">
     <span class='ocr_line' id='line_1_101' title="bbox 2750 3951 4350 4020; baseline 0.003 -13"><span class='ocrx_word' id='word_1_713' title='bbox 2750 3966 2985 4012; x_wconf 85' lang='lat' dir='ltr'><strong>crucem.</strong></span> <span class='ocrx_word' id='word_1_714' title='bbox 3018 3962 3071 4006; x_wconf 89' lang='lat' dir='ltr'><strong>et</strong></span> <span class='ocrx_word' id='word_1_715' title='bbox 3098 3951 3341 4007; x_wconf 71' lang='lat' dir='ltr'><strong>S.;bbato</strong></span> <span class='ocrx_word' id='word_1_716' title='bbox 3366 3953 3676 4020; x_wconf 65' lang='lat' dir='ltr'><strong>sepulcrum</strong></span> <span class='ocrx_word' id='word_1_717' title='bbox 3704 3954 3903 4009; x_wconf 83' lang='lat' dir='ltr'><strong>Christi</strong></span> <span class='ocrx_word' id='word_1_718' title='bbox 3950 3955 4232 4010; x_wconf 86' lang='lat' dir='ltr'><strong>verissime</strong></span> <span class='ocrx_word' id='word_1_719' title='bbox 4258 3971 4350 4012; x_wconf 87' lang='lat' dir='ltr'><strong>ce-</strong></span> 
     </span>
    </p>
   </div>
   <div class='ocr_carea' id='block_1_102' title="bbox 2750 4042 4349 4117">
    <p class='ocr_par' dir='ltr' id='par_1_102' title="bbox 2750 4042 4349 4117">
     <span class='ocr_line' id='line_1_102' title="bbox 2750 4042 4349 4117; baseline 0.003 -21"><span class='ocrx_word' id='word_1_720' title='bbox 2750 4042 2927 4098; x_wconf 85' lang='lat' dir='ltr'><strong>lebras</strong></span> <span class='ocrx_word' id='word_1_721' title='bbox 2952 4053 3006 4096; x_wconf 91' lang='lat' dir='ltr'><strong>et</strong></span> <span class='ocrx_word' id='word_1_722' title='bbox 3032 4042 3228 4097; x_wconf 87' lang='lat' dir='ltr'><strong>adoras</strong></span> <span class='ocrx_word' id='word_1_723' title='bbox 3248 4082 3263 4105; x_wconf 87' lang='lat'><strong>,</strong></span> <span class='ocrx_word' id='word_1_724' title='bbox 3304 4042 3348 4098; x_wconf 89' lang='lat' dir='ltr'><strong>si</strong></span> <span class='ocrx_word' id='word_1_725' title='bbox 3379 4043 3663 4113; x_wconf 84' lang='lat' dir='ltr'><strong>praedictos</strong></span> <span class='ocrx_word' id='word_1_726' title='bbox 3692 4044 3808 4099; x_wconf 87' lang='lat' dir='ltr'><strong>dies</strong></span> <span class='ocrx_word' id='word_1_727' title='bbox 3853 4047 4061 4100; x_wconf 89' lang='lat' dir='ltr'><strong>orando</strong></span> <span class='ocrx_word' id='word_1_728' title='bbox 4116 4056 4172 4101; x_wconf 89' lang='lat' dir='ltr'><strong>et</strong></span> <span class='ocrx_word' id='word_1_729' title='bbox 4199 4045 4349 4117; x_wconf 81' lang='lat' dir='ltr'><strong>psal-</strong></span> 
     </span>
    </p>
   </div>
   <div class='ocr_carea' id='block_1_103' title="bbox 2751 4130 4354 4201">
    <p class='ocr_par' dir='ltr' id='par_1_103' title="bbox 2751 4130 4354 4201">
     <span class='ocr_line' id='line_1_103' title="bbox 2751 4130 4354 4201; baseline 0.006 -16"><span class='ocrx_word' id='word_1_730' title='bbox 2751 4131 2911 4185; x_wconf 90' lang='lat' dir='ltr'><strong>lcndo</strong></span> <span class='ocrx_word' id='word_1_731' title='bbox 2955 4130 3189 4199; x_wconf 85' lang='lat' dir='ltr'><strong>jejunas.</strong></span> <span class='ocrx_word' id='word_1_732' title='bbox 3224 4130 3343 4198; x_wconf 86' lang='lat' dir='ltr'><strong>Quo</strong></span> <span class='ocrx_word' id='word_1_733' title='bbox 3374 4130 3625 4186; x_wconf 90' lang='lat' dir='ltr'><strong>videlicet</strong></span> <span class='ocrx_word' id='word_1_734' title='bbox 3664 4131 3962 4188; x_wconf 84' lang='lat' dir='ltr'><strong>instructus</strong></span> <span class='ocrx_word' id='word_1_735' title='bbox 4011 4136 4268 4201; x_wconf 85' lang='lat' dir='ltr'><strong>oraculo,</strong></span> <span class='ocrx_word' id='word_1_736' title='bbox 4296 4145 4354 4194; x_wconf 88' lang='lat' dir='ltr'><strong>et</strong></span> 
     </span>
    </p>
   </div>
   <div class='ocr_carea' id='block_1_104' title="bbox 2752 4222 4351 4297">
    <p class='ocr_par' dir='ltr' id='par_1_104' title="bbox 2752 4222 4351 4297">
     <span class='ocr_line' id='line_1_104' title="bbox 2752 4222 4351 4297; baseline 0.005 -21"><span class='ocrx_word' id='word_1_737' title='bbox 2752 4223 3067 4277; x_wconf 86' lang='lat' dir='ltr'><strong>scandalum</strong></span> <span class='ocrx_word' id='word_1_738' title='bbox 3096 4262 3112 4288; x_wconf 91' lang='lat'><strong>,</strong></span> <span class='ocrx_word' id='word_1_739' title='bbox 3157 4222 3302 4292; x_wconf 91' lang='lat' dir='ltr'><strong>quod</strong></span> <span class='ocrx_word' id='word_1_740' title='bbox 3353 4222 3641 4279; x_wconf 89' lang='lat' dir='ltr'><strong>adversum</strong></span> <span class='ocrx_word' id='word_1_741' title='bbox 3673 4233 3725 4279; x_wconf 91' lang='lat' dir='ltr'><strong>te</strong></span> <span class='ocrx_word' id='word_1_742' title='bbox 3750 4266 3765 4291; x_wconf 93' lang='lat'><strong>,</strong></span> <span class='ocrx_word' id='word_1_743' title='bbox 3796 4224 3957 4281; x_wconf 84' lang='lat' dir='ltr'><strong>Pater</strong></span> <span class='ocrx_word' id='word_1_744' title='bbox 3981 4268 3995 4292; x_wconf 93' lang='lat'><strong>,</strong></span> <span class='ocrx_word' id='word_1_745' title='bbox 4029 4226 4351 4297; x_wconf 87' lang='lat' dir='ltr'><strong>habueram,</strong></span> 
     </span>
    </p>
   </div>
   <div class='ocr_carea' id='block_1_105' title="bbox 2751 4314 4343 4389">
    <p class='ocr_par' dir='ltr' id='par_1_105' title="bbox 2751 4314 4343 4389">
     <span class='ocr_line' id='line_1_105' title="bbox 2751 4314 4343 4389; baseline 0.006 -20"><span class='ocrx_word' id='word_1_746' title='bbox 2751 4315 2979 4383; x_wconf 89' lang='lat' dir='ltr'><strong>perdidi,</strong></span> <span class='ocrx_word' id='word_1_747' title='bbox 3006 4324 3061 4369; x_wconf 90' lang='lat' dir='ltr'><strong>et</strong></span> <span class='ocrx_word' id='word_1_748' title='bbox 3082 4314 3336 4384; x_wconf 84' lang='lat' dir='ltr'><strong>deinceps</strong></span> <span class='ocrx_word' id='word_1_749' title='bbox 3361 4315 3657 4370; x_wconf 89' lang='lat' dir='ltr'><strong>Sabbatum</strong></span> <span class='ocrx_word' id='word_1_750' title='bbox 3684 4332 3792 4372; x_wconf 92' lang='lat' dir='ltr'><strong>non</strong></span> <span class='ocrx_word' id='word_1_751' title='bbox 3817 4320 4011 4374; x_wconf 92' lang='lat' dir='ltr'><strong>minori</strong></span> <span class='ocrx_word' id='word_1_752' title='bbox 4035 4322 4343 4389; x_wconf 90' lang='lat' dir='ltr'><strong>devotione,</strong></span> 
     </span>
    </p>
   </div>
   <div class='ocr_carea' id='block_1_106' title="bbox 2753 4404 4350 4484">
    <p class='ocr_par' dir='ltr' id='par_1_106' title="bbox 2753 4404 4350 4484">
     <span class='ocr_line' id='line_1_106' title="bbox 2753 4404 4350 4484; baseline 0.008 -26"><span class='ocrx_word' id='word_1_753' title='bbox 2753 4422 2917 4475; x_wconf 89' lang='lat' dir='ltr'><strong>quam</strong></span> <span class='ocrx_word' id='word_1_754' title='bbox 2952 4414 3165 4461; x_wconf 86' lang='lat' dir='ltr'><strong>sextam</strong></span> <span class='ocrx_word' id='word_1_755' title='bbox 3196 4406 3411 4473; x_wconf 88' lang='lat' dir='ltr'><strong>feriam,</strong></span> <span class='ocrx_word' id='word_1_756' title='bbox 3448 4407 3493 4461; x_wconf 91' lang='lat' dir='ltr'><strong>si</strong></span> <span class='ocrx_word' id='word_1_757' title='bbox 3523 4404 3753 4470; x_wconf 83' lang='lat' dir='ltr'><strong>facultas</strong></span> <span class='ocrx_word' id='word_1_758' title='bbox 3803 4420 4075 4480; x_wconf 86' lang='lat' dir='ltr'><strong>suppetat,</strong></span> <span class='ocrx_word' id='word_1_759' title='bbox 4104 4411 4350 4484; x_wconf 84' lang='lat' dir='ltr'><strong>jejunavi</strong></span> 
     </span>
    </p>
   </div>
   <div class='ocr_carea' id='block_1_107' title="bbox 2755 4496 4352 4569">
    <p class='ocr_par' dir='ltr' id='par_1_107' title="bbox 2755 4496 4352 4569">
     <span class='ocr_line' id='line_1_107' title="bbox 2755 4496 4352 4569; baseline 0.01 -22"><span class='ocrx_word' id='word_1_760' title='bbox 2755 4496 3076 4569; x_wconf 72' lang='lat' dir='ltr'><strong>[jejunabo].</strong></span> <span class='ocrx_word' id='word_1_761' title='bbox 3098 4497 3226 4553; x_wconf 63' lang='lat' dir='ltr'><strong>Haec</strong></span> <span class='ocrx_word' id='word_1_762' title='bbox 3252 4497 3383 4551; x_wconf 90' lang='lat' dir='ltr'><strong>mihi</strong></span> <span class='ocrx_word' id='word_1_763' title='bbox 3415 4507 3636 4554; x_wconf 83' lang='lat' dir='ltr'><strong>sanctus</strong></span> <span class='ocrx_word' id='word_1_764' title='bbox 3662 4498 3832 4555; x_wconf 81' lang='lat' dir='ltr'><strong>frater</strong></span> <span class='ocrx_word' id='word_1_765' title='bbox 3857 4502 4061 4568; x_wconf 90' lang='lat' dir='ltr'><strong>retulit,</strong></span> <span class='ocrx_word' id='word_1_766' title='bbox 4084 4520 4206 4559; x_wconf 91' lang='lat' dir='ltr'><strong>cum</strong></span> <span class='ocrx_word' id='word_1_767' title='bbox 4233 4504 4352 4563; x_wconf 70' lang='lat' dir='ltr'><strong>hanc</strong></span> 
     </span>
    </p>
   </div>
   <div class='ocr_carea' id='block_1_108' title="bbox 2757 4588 4352 4657">
    <p class='ocr_par' dir='ltr' id='par_1_108' title="bbox 2757 4588 4352 4657">
     <span class='ocr_line' id='line_1_108' title="bbox 2757 4588 4352 4657; baseline 0.013 -23"><span class='ocrx_word' id='word_1_768' title='bbox 2757 4603 2878 4656; x_wconf 69' lang='lat' dir='ltr'><strong>qum</strong></span> <span class='ocrx_word' id='word_1_769' title='bbox 2913 4588 3200 4642; x_wconf 87' lang='lat' dir='ltr'><strong>scribimus</strong></span> <span class='ocrx_word' id='word_1_770' title='bbox 3245 4595 3301 4643; x_wconf 93' lang='lat' dir='ltr'><strong>et</strong></span> <span class='ocrx_word' id='word_1_771' title='bbox 3333 4599 3463 4643; x_wconf 92' lang='lat' dir='ltr'><strong>tunc</strong></span> <span class='ocrx_word' id='word_1_772' title='bbox 3510 4589 3733 4644; x_wconf 91' lang='lat' dir='ltr'><strong>omnino</strong></span> <span class='ocrx_word' id='word_1_773' title='bbox 3765 4593 4041 4657; x_wconf 88' lang='lat' dir='ltr'><strong>nesciret,</strong></span> <span class='ocrx_word' id='word_1_774' title='bbox 4079 4603 4134 4648; x_wconf 93' lang='lat' dir='ltr'><strong>et</strong></span> <span class='ocrx_word' id='word_1_775' title='bbox 4176 4596 4352 4654; x_wconf 90' lang='lat' dir='ltr'><strong>adhuc</strong></span> 
     </span>
    </p>
   </div>
   <div class='ocr_carea' id='block_1_109' title="bbox 2760 4677 4357 4757">
    <p class='ocr_par' dir='ltr' id='par_1_109' title="bbox 2760 4677 4357 4757">
     <span class='ocr_line' id='line_1_109' title="bbox 2760 4677 4357 4757; baseline 0.009 -30"><span class='ocrx_word' id='word_1_776' title='bbox 2760 4693 2985 4747; x_wconf 84' lang='lat' dir='ltr'><strong>prorsus</strong></span> <span class='ocrx_word' id='word_1_777' title='bbox 3033 4678 3263 4747; x_wconf 89' lang='lat' dir='ltr'><strong>ignoret.</strong></span> <span class='ocrx_word' id='word_1_778' title='bbox 3311 4677 3421 4733; x_wconf 85' lang='lat' dir='ltr'><strong>Hoc</strong></span> <span class='ocrx_word' id='word_1_779' title='bbox 3453 4687 3633 4735; x_wconf 91' lang='lat' dir='ltr'><strong>autem</strong></span> <span class='ocrx_word' id='word_1_780' title='bbox 3688 4682 3989 4738; x_wconf 86' lang='lat' dir='ltr'><strong>rescribere</strong></span> <span class='ocrx_word' id='word_1_781' title='bbox 4027 4696 4131 4739; x_wconf 87' lang='lat' dir='ltr'><strong>non</strong></span> <span class='ocrx_word' id='word_1_782' title='bbox 4161 4687 4357 4757; x_wconf 85' lang='lat' dir='ltr'><strong>piguit,</strong></span> 
     </span>
    </p>
   </div>
   <div class='ocr_carea' id='block_1_110' title="bbox 2759 4766 4352 4844">
    <p class='ocr_par' dir='ltr' id='par_1_110' title="bbox 2759 4766 4352 4844">
     <span class='ocr_line' id='line_1_110' title="bbox 2759 4766 4352 4844; baseline 0.005 -24"><span class='ocrx_word' id='word_1_783' title='bbox 2759 4776 2818 4820; x_wconf 90' lang='lat' dir='ltr'><strong>ut</strong></span> <span class='ocrx_word' id='word_1_784' title='bbox 2846 4767 2890 4821; x_wconf 90' lang='lat' dir='ltr'><strong>si</strong></span> <span class='ocrx_word' id='word_1_785' title='bbox 2920 4767 3236 4836; x_wconf 86' lang='lat' dir='ltr'><strong>opusculum</strong></span> <span class='ocrx_word' id='word_1_786' title='bbox 3267 4766 3394 4822; x_wconf 89' lang='lat' dir='ltr'><strong>illud</strong></span> <span class='ocrx_word' id='word_1_787' title='bbox 3422 4770 3571 4824; x_wconf 88' lang='lat' dir='ltr'><strong>vobis</strong></span> <span class='ocrx_word' id='word_1_788' title='bbox 3600 4784 3890 4825; x_wconf 86' lang='lat' dir='ltr'><strong>occurrere</strong></span> <span class='ocrx_word' id='word_1_789' title='bbox 3923 4787 4027 4825; x_wconf 90' lang='lat' dir='ltr'><strong>non</strong></span> <span class='ocrx_word' id='word_1_790' title='bbox 4052 4774 4352 4844; x_wconf 80' lang='lat' dir='ltr'><strong>contingat,</strong></span> 
     </span>
    </p>
   </div>
   <div class='ocr_carea' id='block_1_111' title="bbox 2760 4858 4351 4925">
    <p class='ocr_par' dir='ltr' id='par_1_111' title="bbox 2760 4858 4351 4925">
     <span class='ocr_line' id='line_1_111' title="bbox 2760 4858 4351 4925; baseline 0.008 -12"><span class='ocrx_word' id='word_1_791' title='bbox 2760 4860 2859 4913; x_wconf 88' lang='lat' dir='ltr'><strong>hoc</strong></span> <span class='ocrx_word' id='word_1_792' title='bbox 2886 4858 3076 4912; x_wconf 80' lang='lat' dir='ltr'><strong>saltem</strong></span> <span class='ocrx_word' id='word_1_793' title='bbox 3108 4859 3467 4915; x_wconf 84' lang='lat' dir='ltr'><strong>fraternitatis</strong></span> <span class='ocrx_word' id='word_1_794' title='bbox 3494 4871 3690 4917; x_wconf 77' lang='lat' dir='ltr'><strong>vestra:</strong></span> <span class='ocrx_word' id='word_1_795' title='bbox 3719 4864 3967 4919; x_wconf 90' lang='lat' dir='ltr'><strong>notitiam</strong></span> <span class='ocrx_word' id='word_1_796' title='bbox 3996 4882 4102 4921; x_wconf 90' lang='lat' dir='ltr'><strong>non</strong></span> <span class='ocrx_word' id='word_1_797' title='bbox 4135 4867 4351 4925; x_wconf 83' lang='lat' dir='ltr'><strong>evadat.</strong></span> 
     </span>
    </p>
   </div>
   <div class='ocr_carea' id='block_1_112' title="bbox 3368 4971 3739 5027">
    <p class='ocr_par' dir='ltr' id='par_1_112' title="bbox 3368 4971 3739 5027">
     <span class='ocr_line' id='line_1_112' title="bbox 3368 4971 3739 5027; baseline 0.003 -1"><span class='ocrx_word' id='word_1_798' title='bbox 3368 4972 3600 5027; x_wconf 73' lang='lat' dir='ltr'><strong>CAPUT</strong></span> <span class='ocrx_word' id='word_1_799' title='bbox 3651 4971 3739 5027; x_wconf 78' lang='lat' dir='ltr'><strong>iV.</strong></span> 
     </span>
    </p>
   </div>
   <div class='ocr_carea' id='block_1_113' title="bbox 2795 5084 4319 5161">
    <p class='ocr_par' dir='ltr' id='par_1_113' title="bbox 2795 5084 4319 5161">
     <span class='ocr_line' id='line_1_113' title="bbox 2795 5084 4319 5161; baseline 0.007 -21"><span class='ocrx_word' id='word_1_800' title='bbox 2795 5084 3065 5150; x_wconf 70' lang='lat' dir='ltr'><strong>Hajorum</strong></span> <span class='ocrx_word' id='word_1_801' title='bbox 3094 5084 3405 5157; x_wconf 82' lang='lat' dir='ltr'><strong>negligentia</strong></span> <span class='ocrx_word' id='word_1_802' title='bbox 3436 5087 3670 5158; x_wconf 71' lang='lat' dir='ltr'><strong>exemplo</strong></span> <span class='ocrx_word' id='word_1_803' title='bbox 3702 5090 3860 5143; x_wconf 81' lang='lat' dir='ltr'><strong>etiam</strong></span> <span class='ocrx_word' id='word_1_804' title='bbox 3895 5092 4117 5161; x_wconf 74' lang='lat' dir='ltr'><strong>posteris</strong></span> <span class='ocrx_word' id='word_1_805' title='bbox 4149 5105 4319 5150; x_wconf 83' lang='lat' dir='ltr'><strong>nocet.</strong></span> 
     </span>
    </p>
   </div>
   <div class='ocr_carea' id='block_1_114' title="bbox 2830 5174 4355 5248">
    <p class='ocr_par' dir='ltr' id='par_1_114' title="bbox 2830 5174 4355 5248">
     <span class='ocr_line' id='line_1_114' title="bbox 2830 5174 4355 5248; baseline 0.006 -17"><span class='ocrx_word' id='word_1_806' title='bbox 2830 5174 3142 5231; x_wconf 89' lang='lat' dir='ltr'><strong>Cavendum</strong></span> <span class='ocrx_word' id='word_1_807' title='bbox 3170 5188 3253 5232; x_wconf 88' lang='lat' dir='ltr'><strong>est</strong></span> <span class='ocrx_word' id='word_1_808' title='bbox 3281 5178 3485 5248; x_wconf 90' lang='lat' dir='ltr'><strong>itaque,</strong></span> <span class='ocrx_word' id='word_1_809' title='bbox 3511 5178 3870 5246; x_wconf 90' lang='lat' dir='ltr'><strong>dilectissimi,</strong></span> <span class='ocrx_word' id='word_1_810' title='bbox 3903 5198 3972 5237; x_wconf 91' lang='lat' dir='ltr'><strong>ne</strong></span> <span class='ocrx_word' id='word_1_811' title='bbox 4002 5192 4190 5241; x_wconf 91' lang='lat' dir='ltr'><strong>nostro</strong></span> <span class='ocrx_word' id='word_1_812' title='bbox 4221 5195 4355 5240; x_wconf 83' lang='lat' dir='ltr'><strong>tem-</strong></span> 
     </span>
    </p>
   </div>
   <div class='ocr_carea' id='block_1_115' title="bbox 2762 5269 4358 5343">
    <p class='ocr_par' dir='ltr' id='par_1_115' title="bbox 2762 5269 4358 5343">
     <span class='ocr_line' id='line_1_115' title="bbox 2762 5269 4358 5343; baseline 0.006 -21"><span class='ocrx_word' id='word_1_813' title='bbox 2762 5283 2893 5339; x_wconf 89' lang='lat' dir='ltr'><strong>pore</strong></span> <span class='ocrx_word' id='word_1_814' title='bbox 2920 5276 3107 5323; x_wconf 86' lang='lat' dir='ltr'><strong>sancta</strong></span> <span class='ocrx_word' id='word_1_815' title='bbox 3138 5269 3247 5322; x_wconf 89' lang='lat' dir='ltr'><strong>vita</strong></span> <span class='ocrx_word' id='word_1_816' title='bbox 3280 5271 3381 5323; x_wconf 88' lang='lat' dir='ltr'><strong>ista</strong></span> <span class='ocrx_word' id='word_1_817' title='bbox 3422 5279 3661 5339; x_wconf 86' lang='lat' dir='ltr'><strong>tepescat</strong></span> <span class='ocrx_word' id='word_1_818' title='bbox 3689 5311 3700 5338; x_wconf 63' lang='grc' dir='ltr'><em>ρ</em></span> <span class='ocrx_word' id='word_1_819' title='bbox 3744 5274 4056 5343; x_wconf 86' lang='lat' dir='ltr'><strong>sensimque</strong></span> <span class='ocrx_word' id='word_1_820' title='bbox 4092 5290 4150 5330; x_wconf 92' lang='lat' dir='ltr'><strong>se</strong></span> <span class='ocrx_word' id='word_1_821' title='bbox 4180 5277 4358 5332; x_wconf 84' lang='lat' dir='ltr'><strong>immi-</strong></span> 
     </span>
    </p>
   </div>
   <div class='ocr_carea' id='block_1_116' title="bbox 2766 5360 4359 5431">
    <p class='ocr_par' dir='ltr' id='par_1_116' title="bbox 2766 5360 4359 5431">
     <span class='ocr_line' id='line_1_116' title="bbox 2766 5360 4359 5431; baseline 0.005 -16"><span class='ocrx_word' id='word_1_822' title='bbox 2766 5362 2998 5424; x_wconf 89' lang='lat' dir='ltr'><strong>nuendo,</strong></span> <span class='ocrx_word' id='word_1_823' title='bbox 3032 5360 3176 5431; x_wconf 90' lang='lat' dir='ltr'><strong>quod</strong></span> <span class='ocrx_word' id='word_1_824' title='bbox 3203 5362 3367 5427; x_wconf 87' lang='lat' dir='ltr'><strong>absit,</strong></span> <span class='ocrx_word' id='word_1_825' title='bbox 3395 5366 3619 5419; x_wconf 91' lang='lat' dir='ltr'><strong>omnino</strong></span> <span class='ocrx_word' id='word_1_826' title='bbox 3658 5364 3895 5420; x_wconf 79' lang='lat' dir='ltr'><strong>deﬁciat.</strong></span> <span class='ocrx_word' id='word_1_827' title='bbox 3930 5366 4191 5423; x_wconf 85' lang='lat' dir='ltr'><strong>Novimus</strong></span> <span class='ocrx_word' id='word_1_828' title='bbox 4215 5368 4359 5423; x_wconf 89' lang='lat' dir='ltr'><strong>enim</strong></span> 
     </span>
    </p>
   </div>
   <div class='ocr_carea' id='block_1_117' title="bbox 2764 5448 4358 5527">
    <p class='ocr_par' dir='ltr' id='par_1_117' title="bbox 2764 5448 4358 5527">
     <span class='ocr_line' id='line_1_117' title="bbox 2764 5448 4358 5527; baseline 0.006 -22"><span class='ocrx_word' id='word_1_829' title='bbox 2764 5450 2830 5505; x_wconf 90' lang='lat' dir='ltr'><strong>de</strong></span> <span class='ocrx_word' id='word_1_830' title='bbox 2864 5465 3058 5520; x_wconf 81' lang='lat' dir='ltr'><strong>magna</strong></span> <span class='ocrx_word' id='word_1_831' title='bbox 3087 5448 3213 5505; x_wconf 88' lang='lat' dir='ltr'><strong>olim</strong></span> <span class='ocrx_word' id='word_1_832' title='bbox 3254 5461 3305 5506; x_wconf 90' lang='lat' dir='ltr'><strong>et</strong></span> <span class='ocrx_word' id='word_1_833' title='bbox 3356 5454 3520 5507; x_wconf 84' lang='lat' dir='ltr'><strong>ardua</strong></span> <span class='ocrx_word' id='word_1_834' title='bbox 3572 5455 3660 5508; x_wconf 81' lang='lat' dir='ltr'><strong>vix</strong></span> <span class='ocrx_word' id='word_1_835' title='bbox 3697 5454 3807 5523; x_wconf 88' lang='lat' dir='ltr'><strong>jam</strong></span> <span class='ocrx_word' id='word_1_836' title='bbox 3851 5464 4038 5510; x_wconf 89' lang='lat' dir='ltr'><strong>tenues</strong></span> <span class='ocrx_word' id='word_1_837' title='bbox 4072 5470 4358 5527; x_wconf 87' lang='lat' dir='ltr'><strong>superesse</strong></span> 
     </span>
    </p>
   </div>
   <div class='ocr_carea' id='block_1_118' title="bbox 2768 5542 4355 5613">
    <p class='ocr_par' dir='ltr' id='par_1_118' title="bbox 2768 5542 4355 5613">
     <span class='ocr_line' id='line_1_118' title="bbox 2768 5542 4355 5613; baseline 0.004 -18"><span class='ocrx_word' id='word_1_838' title='bbox 2768 5542 3055 5611; x_wconf 84' lang='lat' dir='ltr'><strong>reliquias;</strong></span> <span class='ocrx_word' id='word_1_839' title='bbox 3090 5550 3144 5597; x_wconf 89' lang='lat' dir='ltr'><strong>et</strong></span> <span class='ocrx_word' id='word_1_840' title='bbox 3179 5543 3349 5605; x_wconf 89' lang='lat' dir='ltr'><strong>sicut,</strong></span> <span class='ocrx_word' id='word_1_841' title='bbox 3388 5547 3529 5613; x_wconf 89' lang='lat' dir='ltr'><strong>quod</strong></span> <span class='ocrx_word' id='word_1_842' title='bbox 3561 5560 3588 5596; x_wconf 89' lang='lat' dir='ltr'><strong>a</strong></span> <span class='ocrx_word' id='word_1_843' title='bbox 3624 5543 3921 5613; x_wconf 90' lang='lat' dir='ltr'><strong>majoribus</strong></span> <span class='ocrx_word' id='word_1_844' title='bbox 3947 5555 4032 5600; x_wconf 89' lang='lat' dir='ltr'><strong>est</strong></span> <span class='ocrx_word' id='word_1_845' title='bbox 4056 5547 4318 5602; x_wconf 89' lang='lat' dir='ltr'><strong>omissum</strong></span> <span class='ocrx_word' id='word_1_846' title='bbox 4340 5588 4355 5613; x_wconf 86' lang='lat'><strong>,</strong></span> 
     </span>
    </p>
   </div>
   <div class='ocr_carea' id='block_1_119' title="bbox 2768 5633 4360 5707">
    <p class='ocr_par' dir='ltr' id='par_1_119' title="bbox 2768 5633 4360 5707">
     <span class='ocr_line' id='line_1_119' title="bbox 2768 5633 4360 5707; baseline 0.004 -21"><span class='ocrx_word' id='word_1_847' title='bbox 2768 5649 2874 5686; x_wconf 88' lang='lat' dir='ltr'><strong>non</strong></span> <span class='ocrx_word' id='word_1_848' title='bbox 2909 5640 3189 5701; x_wconf 77' lang='lat' dir='ltr'><strong>reparatur</strong></span> <span class='ocrx_word' id='word_1_849' title='bbox 3229 5647 3260 5685; x_wconf 86' lang='lat' dir='ltr'><strong>a</strong></span> <span class='ocrx_word' id='word_1_850' title='bbox 3308 5633 3495 5698; x_wconf 84' lang='lat' dir='ltr'><strong>nobis;</strong></span> <span class='ocrx_word' id='word_1_851' title='bbox 3551 5635 3621 5688; x_wconf 87' lang='lat' dir='ltr'><strong>ita</strong></span> <span class='ocrx_word' id='word_1_852' title='bbox 3671 5636 3814 5703; x_wconf 90' lang='lat' dir='ltr'><strong>quod</strong></span> <span class='ocrx_word' id='word_1_853' title='bbox 3849 5636 3988 5705; x_wconf 91' lang='lat' dir='ltr'><strong>apud</strong></span> <span class='ocrx_word' id='word_1_854' title='bbox 4019 5652 4116 5692; x_wconf 92' lang='lat' dir='ltr'><strong>nos</strong></span> <span class='ocrx_word' id='word_1_855' title='bbox 4146 5652 4242 5707; x_wconf 85' lang='lat' dir='ltr'><strong>per</strong></span> <span class='ocrx_word' id='word_1_856' title='bbox 4270 5652 4360 5694; x_wconf 85' lang='lat' dir='ltr'><strong>ne-</strong></span> 
     </span>
    </p>
   </div>
   <div class='ocr_carea' id='block_1_120' title="bbox 2769 5726 4350 5796">
    <p class='ocr_par' dir='ltr' id='par_1_120' title="bbox 2769 5726 4350 5796">
     <span class='ocr_line' id='line_1_120' title="bbox 2769 5726 4350 5796; baseline 0.008 -21"><span class='ocrx_word' id='word_1_857' title='bbox 2769 5726 3079 5795; x_wconf 64' lang='lat' dir='ltr'><strong>gligentiam</strong></span> <span class='ocrx_word' id='word_1_858' title='bbox 3112 5726 3313 5793; x_wconf 80' lang='lat' dir='ltr'><strong>deperit</strong></span> <span class='ocrx_word' id='word_1_859' title='bbox 3341 5769 3352 5789; x_wconf 94' lang='lat'><strong>,</strong></span> <span class='ocrx_word' id='word_1_860' title='bbox 3381 5743 3719 5796; x_wconf 71' lang='lat' dir='ltr'><strong>nequaquam</strong></span> <span class='ocrx_word' id='word_1_861' title='bbox 3752 5743 4129 5786; x_wconf 85' lang='lat' dir='ltr'><strong>successorum</strong></span> <span class='ocrx_word' id='word_1_862' title='bbox 4160 5740 4350 5787; x_wconf 72' lang='lat' dir='ltr'><strong>nostro</strong></span> 
     </span>
    </p>
   </div>
  </div>
