5882 6660
2388 418 2490 478 799

2383 547 2505 589 rum
2528 534 2815 602 posteritas
2846 536 3189 602 instaurabit,
3212 547 3269 592 ut
3296 554 3482 594 verum
3504 541 3577 596 sit
3600 541 3727 597 illud
3755 543 3963 598 lioratii
3996 547 4041 605 Α

2382 619 2522 690 (Lib.
2558 637 2615 677 ιιι
2659 623 2859 689 σανα..
2889 626 2976 680 od.
3009 627 3104 694 6.).

2561 735 2698 802 @tas
2723 745 3000 798 parentum,
3030 740 3167 800 pejor
3188 743 3308 802 avis,
3346 741 3456 793 tulit

2559 795 2659 846 Nos
2679 795 2963 855 nequiores,
2989 795 3105 849 moi
3122 795 3320 853 daturos

2568 858 2873 921 Progeniem
2895 864 3217 914 vitiosiorem.

2374 958 2466 1030 Sic
2495 963 2682 1032 utique
2715 964 2790 1018 rei
2822 966 3024 1021 erimus
3058 983 3161 1021 non
3187 969 3347 1024 modo
3371 979 3568 1024 nostra
3591 969 3952 1041 negligentiae,

2369 1044 2399 1106 ἐ
2432 1050 2465 1105 d
2486 1062 2541 1106 et
2563 1052 2750 1108 aliena:
2775 1054 2930 1120 vitae;
2961 1055 3087 1110 dum
3109 1067 3161 1111 et
3190 1058 3291 1126 ipsi
3319 1057 3628 1114 lacessendo
3650 1059 3948 1126 deficimus,

2367 1146 2422 1193 et
2449 1139 2691 1196 delectus
2745 1156 2966 1198 causam
3015 1146 3244 1213 posteris
3289 1160 3639 1215 generamus.
3663 1145 3797 1200 Nam
3827 1163 3949 1203 cum

2367 1243 2556 1283 eorum
2591 1230 2750 1287 deses
2765 1232 2884 1286 vita
2927 1234 3202 1288 notabitur
3223 1273 3238 1299 ,
3279 1235 3362 1288 ad‘
3395 1250 3493 1290 nos
3523 1247 3723 1306 prtesto
3768 1253 3948 1294 recur-

2364 1329 2503 1380 rent,
2535 1335 2633 1376 nos
2661 1322 2761 1376 sibi
2791 1322 3036 1392 clypeum
3069 1321 3397 1380 defensionis
3441 1338 3738 1397 opponent;
3770 1338 3828 1384 ut
3856 1330 3944 1400 qui

2361 1405 2440 1460 fui
2465 1423 2565 1462 ;.us
2593 1423 2951 1478 praecessores
2979 1413 3029 1467 in
3059 1414 3189 1476 vita,
3228 1415 3398 1470 simus
3429 1430 3826 1488 consequenter
3855 1435 3947 1475 au-

2358 1502 2537 1552 ctores
2569 1498 2620 1551 in
2657 1498 2831 1568 culpa.
2864 1500 3047 1568 Nealce
3076 1505 3232 1558 enim
3280 1506 3531 1562 meliores
3583 1524 3768 1564 sumus
3795 1550 3809 1574 ,
3863 1511 3943 1564 in-

2357 1584 2544 1654 quietat
2565 1627 2578 1649 ,
2609 1602 2768 1656 quam
2818 1598 3000 1658 patres
3025 1593 3230 1658 nostri;
3259 1596 3400 1662 quod
3433 1590 3773 1660 invenimus,
3804 1599 3942 1652 arri-

2849 423 2906 479 S.
2945 423 3149 480 PETRI
3190 424 3470 481 DAMIANI
3509 427 3658 484 Ol’P.
3737 428 3976 488 TOM'US
4013 429 4146 490 δεῖ]
4179 431 4359 491 PARS
4397 433 4482 491 Ill.
4519 465 4592 478 —
4627 434 4987 497 OPUSCULA
5031 438 5258 497 VARIA.

4697 549 4925 608 CAPUT
4963 553 5027 609 ν.

4067 654 4220 721 Quod
4250 657 4353 712 vita
4379 669 4555 714 nostra
4583 659 4867 716 Sabbatum
4897 673 4974 718 est
5004 633 5202 720 ultima
5231 669 5632 728 resurrectionis.

4133 763 4267 820 Tota
4309 768 4470 836 plane
4499 771 4605 826 vita
4646 772 4747 827 ista
4786 774 5504 842 quodammodo-Sabbatum
5551 791 5634 838 est

4061 857 4204 913 illius
4261 859 4464 916 ultima:
4521 864 4963 927 resurrectionis.
5017 877 5072 922 et
5125 871 5278 940 quasi
5342 871 5633 942 profestum

4058 965 4220 1014 nunc,
4259 961 4422 1022 atque
4451 955 4663 1026 vigilias
4694 957 4919 1012 colimus
4938 999 4950 1020 ,
4992 963 5059 1014 ad
5089 977 5250 1030 quam
5280 965 5627 1034 suspiramus,

4055 1038 4416 1097 solemnitatis
4453 1054 4690 1100 aeternae.
4736 1045 4841 1102 Sed
4872 1049 4963 1117 qui
4994 1048 5060 1104 ad
5102 1053 5318 1119 nuptias
5359 1064 5625 1122 properat,

4053 1129 4136 1183 vel
4173 1131 4360 1200 epulas
4390 1133 4680 1202 cuiuslibet
4729 1152 4938 1208 magna:
4985 1138 5300 1198 festivitatis
5328 1153 5633 1213 exspectat,

4050 1222 4117 1275 ad
4145 1224 4551 1294 anticipandum
4594 1230 4958 1296 prmcedentis
4982 1231 5129 1287 horae
5164 1233 5490 1304 ientaculum
5521 1251 5624 1292 non

4047 1313 4297 1368 anhelat.
4338 1313 4444 1370 Nos
4493 1319 4560 1372 ad
4609 1318 4738 1373 illud
4785 1320 5098 1377 refectionis
5139 1334 5354 1380 eterna:
5393 1325 5624 1397 nuptiale

4045 1403 4347 1458 convivium
4374 1405 4608 1471 invitati,
4639 1408 4896 1465 festinare
4913 1409 5026 1478 jam
5053 1413 5350 1482 capimus;
5378 1423 5432 1472 et
5453 1418 5622 1474 adhuc

4043 1493 4276 1550 molliter
4308 1511 4373 1552 ac
4409 1498 4665 1554 deliciose
4706 1501 4979 1567 viventes,
5021 1505 5169 1560 velut
5207 1507 5394 1564 horam
5433 1509 5617 1567 edendi

4038 1580 4201 1654 85.2
4227 1583 4519 1654 legitimam
4543 1589 5061 1660 praevenimus.Quid
5087 1596 5368 1662 prandenti
5391 1613 5508 1654 cum
5532 1608 5618 1656 tu-

2353 1679 2597 1746 puimus;
2651 1680 2794 1748 quod
2837 1681 3125 1736 didicimus
3152 1723 3164 1746 ,
3197 1685 3295 1739 hoc
3338 1694 3389 1740 et
3423 1695 3685 1740 tenemus.
3740 1689 3938 1761 Sicque
4039 1672 4217 1726 ιηυιυῗ
4249 1673 4387 1741 Qum
4426 1676 4599 1746 99"“3
4620 1693 4676 1732 ευ

3294 1708 3295 1715 η
3338 1694 3389 1740 ει
3423 1695 3685 1740 tenemus.
3740 1689 3938 1761 Sicque
4039 1672 4217 1726 mulo?
4249 1673 4387 1741 Quid
4426 1676 4599 1746 epulis
4620 1693 4743 1732 eum
4774 1680 5060 1752 sepulcro?
5084 1682 5139 1738 Si
5169 1687 5496 1756 sepulturam
5521 1688 5617 1746 Bo-

2352 1767 2558 1823 eiisuus
2585 1768 2635 1822 al
2657 1770 2743 1824 eui
2787 1766 3018 1840 t‘orporis
3043 1773 3292 1841 apostoli,
3319 1785 3372 1829 ot
3402 1791 3507 1829 non
3535 1776 3814 1843 doctrinae,
3839 1781 3934 1835 sed

4038 1763 4167 1818 mini
4199 1779 4320 1818 cum
4345 1765 4641 1836 discipulis,
4676 1783 4781 1823 non
4825 1761 4947 1825 cum
4972 1772 5230 1830 militibus
5269 1777 5611 1843 custodimus,

2321 1849 2638 1915 'obliv’onis
2674 1862 2952 1930 magistri;
3005 1879 3110 1918 non
3163 1861 3326 1920 duces
3373 1867 3440 1921 ad
3494 1869 3803 1933 victoriam,
3838 1872 3931 1925 sed
3966 1896 4007 1954 Β
4037 1851 4328 1954 θπεησδυίξ
4391 1856 4644 1954 πηίδίξηίθη

3286 1880 3326 1920 ,ε
3373 1867 3440 1921 ad
3494 1869 3803 1933 victm-iam,
3838 1872 3931 1925 sed
3966 1896 4007 1954 Β
4037 1851 4328 1908 aderamus
4391 1856 4672 1926 misturarn
4720 1861 4952 1931 myrrha:
4993 1870 5048 1917 et
5079 1863 5224 1919 aloes
5270 1865 5448 1934 (Joan.
5475 1869 5609 1939 xu),

2339 1961 2695 2015 praecessores
2716 1951 2781 2004 ad
2804 1951 3004 2022 fugam.
3020 1952 3345 2009 Mementote
3360 1955 3503 2024 quod
3529 1957 3790 2025 scriptum
3804 1969 3882 2014 est
3902 1976 3914 2011 :

2347 2055 2365 2087 ι
2399 2035 2490 2092 Va:
2517 2039 2599 2092 his
2629 2040 2719 2108 qui
2768 2043 3120 2110 perdiderunt
3151 2047 3527 2102 sustinentiam
3562 2049 3748 2119 (Eccli.
3781 2053 3859 2120 ιι).
3893 2071 3914 2104 ι

2339 2127 2451 2182 Et:
2483 2149 2501 2180 ι
2539 2129 2667 2200 Ego.
2719 2132 2917 2201 inquit,
2967 2135 3192 2204 dispono
3244 2139 3420 2201 vobis,
3464 2141 3603 2193 sicut
3652 2142 3916 2210 disposuit

2339 2219 2469 2272 mihi
2494 2218 2654 2274 Pater
2688 2237 2838 2276 meus
2871 2239 3090 2293 regnum
3133 2225 3285 2296 (Luc.
3312 2229 3463 2296 xxu).
3497 2248 3515 2279 ι
3549 2229 3770 2296 Quare?
3799 2231 3914 2286 Non

2337 2306 2523 2377 utique
2561 2312 2688 2379 quia
2744 2314 2980 2382 cmpisti,
3002 2317 3094 2369 sed
3126 2335 3137 2369 :
3177 2334 3194 2368 ι
3236 2318 3342 2372 Vos
3367 2320 3516 2379 estis,
3542 2321 3655 2382 ait,
3677 2322 3768 2390 qui
3793 2336 3915 2391 per-

2335 2402 2611 2456 mansistis
2656 2418 2864 2458 mecum
2916 2407 2969 2458 in
3003 2409 3388 2463 tentationihus
3435 2411 3568 2465 meis
3621 2411 3832 2483 (Ibid.).
3888 2435 3904 2466 ι

2335 2490 2720 2558 Quamobrem,
2749 2497 3106 2562 dilectissimi,
3155 2499 3259 2554 boc
3289 2502 3355 2575 ab
3380 2512 3534 2556 (etate
3561 2514 3741 2558 nostra
3777 2522 3911 2575 pra:-

2332 2584 2576 2639 cidamus
2616 2588 3000 2656 opprobrium;
3044 2599 3097 2643 et
3149 2574 3367 2646 virtutis
3410 2595 3617 2664 insigne
3644 2635 3659 2658 ,
3719 2574 3908 2664 quoda

2329 2678 2578 2746 patribus
2625 2681 2823 2734 nostris
2872 2684 3194 2751 accepimus,
3252 2685 3516 2740 illibatum
3549 2698 3602 2742 et
3639 2689 3907 2758 integrum

2326 2769 2562 2824 ﬁdeliter
2615 2772 2666 2824 in
2719 2772 2856 2827 filios
2887 2774 3349 2832 transfundamus.
3389 2777 3443 2833 Si
3492 2781 3598 2833 vita
3627 2783 3904 2836 eremitica

2325 2861 2616 2915 minuenda
2657 2873 2760 2928 est,
2793 2880 2886 2920 oer
2908 2864 3042 2920 alios
3067 2867 3288 2936 incipiat
3323 2867 3488 2923 minui
3521 2887 3535 2936 ;
3563 2885 3662 2925 nec
3699 2887 3797 2926 nos
3826 2872 3904 2926 in—

2322 2951 2608 3004 veniamur
2654 2954 2703 3004 in
2757 2953 2912 3021 hujus
2941 2955 3102 3026 841
3137 2957 3343 3011 fraudis
3371 2960 3654 3029 sacrilegio
3695 2962 3853 3028 primi
3888 2979 3901 3025 ;

2325 3054 2538 3094 ne'curn
2590 3051 2772 3110 patres
2799 3046 2990 3108 nostri,
3023 3045 3180 3112 hujus
3223 3047 3473 3103 videlicet
3497 3052 3758 3118 propositi
3790 3051 3903 3106 fun-

2320 3129 2563 3195 datores,
2592 3133 2907 3201 pervenient
2929 3135 2995 3187 ad
3025 3150 3308 3200 coronam,
3338 3153 3456 3202 nos,
3490 3140 3621 3207 ipsis
3643 3158 3904 3196 occursan-

4037 1958 4142 1998 uon
4179 1947 4409 2002 cacabos
4441 1957 4496 2001 et
4528 1948 4749 2005 lebetes.
4792 1951 4850 2005 lu
4887 1951 4990 2008 illis
5017 1953 5285 2022 siquidem
5315 1958 5613 2015 amaritudo

4030 2036 4312 2099 mentium,
4347 2037 4398 2091 in
4434 2038 4552 2093 istis
4587 2049 4768 2094 autem
4799 2050 4927 2096 sunt
4971 2043 5229 2099 illieebrte
5253 2045 5604 2116 voluptatum.

4025 2123 4106 2177 Ad
4133 2125 4467 2194 sepulturam
4497 2144 4631 2182 sane
4657 2129 4914 2185 debemus
4943 2141 5161 2200 pectora
5204 2135 5449 2201 tundere,
5501 2151 5604 2192 non

4026 2214 4248 2284 dapibus
4294 2226 4510 2272 ventres
4557 2217 4773 2285 inﬂare;
4821 2221 5080 2278 debemus
5123 2233 5312 2279 mmsta
5359 2225 5606 2297 lacrymis

4022 2319 4116 2357 ora
4149 2305 4494 2373 perfundere,
4528 2324 4633 2362 nou
4663 2311 4949 2378 epotaudis
4978 2313 5239 2369 calicibus
5290 2315 5599 2386 indulgere;

4021 2410 4127 2449 nou
4166 2396 4483 2468 ingurgitari
4515 2415 4682 2465 mero,
4716 2400 4809 2455 sed
4840 2411 5024 2471 potum
5057 2419 5180 2458 cum
5211 2405 5422 2462 fletibus
5467 2417 5600 2463 tem-

4019 2501 4210 2554 perare
4232 2487 4403 2557 (Psal.
4429 2491 4523 2558 Cl).
4554 2489 4664 2545 Nec
4696 2501 4873 2545 tamen
4903 2493 5018 2547 haec
5047 2495 5416 2560 inconsultius,
5445 2506 5496 2551 et
5521 2497 5599 2554 sic

4018 2576 4224 2645 absque
4256 2579 4584 2633 discretione
4628 2573 4952 2646 statuimus,
4996 2593 5052 2635 ut
5082 2569 5468 2640 humanitatem
5501 2585 5595 2642 de-

4015 2666 4258 2731 bilibus,
4311 2679 4364 2722 et
4414 2669 4772 2723 valetudinem
4825 2670 5200 2729 laborantibus
5253 2677 5591 2747 denegemus.

4015 2753 4399 2812 Verumtamen
4428 2759 4505 2813 sic
4533 2759 4634 2814 sibi
4665 2760 5046 2816 discretionem
5079 2764 5123 2818 is
5150 2765 5240 2833 qui
5272 2766 5589 2834 infirmatur,

4010 2843 4306 2914 indulgeat,
4337 2856 4393 2900 ut
4425 2847 4696 2902 salubrem
4737 2852 5144 2908 consuetudinis
5182 2855 5438 2924 regulam,
5466 2871 5587 2912 cum

4008 2937 4367 3002 Convaluerit,
4415 2954 4518 2992 non
4550 2941 4785 2994 omittat.
4821 2941 4913 2997 Sic
4961 2944 5074 3012 ipse
5119 2947 5397 3000 remissius
5423 2949 5586 3010 vivat,

4009 3036 4064 3077 ut
4097 3027 4142 3079 is
4169 3029 4257 3095 qui
4290 3027 4574 3082 incolumis
4601 3037 4701 3092 est,
4736 3029 4793 3102 in.
4816 3032 5159 3086 continentia:
5188 3048 5298 3088 sua:
5324 3035 5587 3110 nihilomi-

4007 3130 4105 3169 nus
4137 3117 4312 3186 rigorc
4349 3128 4683 3185 permaneat.
4715 3117 4827 3173 Non
4860 3121 5044 3190 igitur,
5071 3123 5426 3188 dilectissimi,
5459 3139 5584 3195 gra-

2321 3221 2464 3275 tibus
2491 3230 2546 3276 et
2573 3222 2776 3276 acriter
2818 3223 3213 3289 insistentibus,
3257 3229 3648 3298 compellamur
3682 3232 3901 3287 ultionis
3924 3241 3964 3299 ι]
4005 3222 4192 3299 νθιηιιτ
4222 3207 4446 3264 sabbati
4486 3223 4708 3262 servare
4732 3209 5027 3279 jejunium;
5063 3221 5120 3266 ω
5157 3213 5281 3267 dum
5309 3229 5447 3268 nunc
5481 3212 5582 3268 sub

2317 3307 2499 3364 subire
2547 3312 2888 3365 sententiam.
2943 3312 3076 3366 Nam
3109 3316 3330 3370 cumilli
3377 3317 3895 3392 beatorum'marly-

2316 3413 2437 3452 rum
2468 3399 2577 3454 siut
2608 3402 2798 3455 imitati
2831 3418 2951 3456 cum
3006 3405 3175 3458 multo
3206 3406 3403 3460 sudore
3447 3411 3766 3474 certamina,
3797 3426 3897 3466 nos

2316 3487 2384 3541 de
2428 3487 2558 3542 solis
2601 3499 2899 3559 martyrum
2939 3491 3215 3548 solenmiis
3267 3495 3647 3563 disputamus;
3690 3508 3744 3553 et
3800 3501 3892 3569 qui

2316 3590 2425 3629 non
2454 3576 2795 3633 interfuimus
2828 3580 3044 3650 pmliis,
3088 3582 3155 3638 de
3183 3584 3420 3653 peractis
3440 3585 3730 3656 gliscimus
3757 3603 3893 3660 gau-

2314 3664 2444 3720 dere
2469 3667 2772 3737 triumphis.

2293 3826 2550 3852 ~—

2555 3835 2732 3850 —

2791 3839 3934 3868 Ἦ

3995 3298 4349 3366 castigatione
4423 3313 4709 3368 corporum
4788 3299 5132 3370 Redemptori
5203 3312 5386 3358 nostro
5453 3317 5580 3358 con-

3993 3385 4282 3452 sepelimur
4334 3387 4386 3440 in
4441 3397 4633 3451 morte,
4678 3397 4732 3442 et
4763 3388 4859 3456 ipsi
4900 3400 5242 3461 resurgentes
5299 3407 5418 3446 cum
5459 3392 5575 3461 ipso

3993 3475 4332 3542 postmodum
4392 3477 4673 3544 epulemur
4729 3479 4783 3532 in
4836 3479 5072 3535 cmlestis
5121 3482 5303 3551 gloria:
5336 3481 5576 3537 claritate

3993 3560 4171 3630 (Ilom.
4197 3563 4295 3635 vt).

4319 3675 4402 3732 Sit
4445 3693 4632 3733 nomen
4670 3678 4883 3735 Domini
4915 3681 5260 3737 benedictum.

3958 3855 5186 3880 -——_—_________

2351 3927 2708 4010 ⁸4³⁸4⁸
2760 3956 3542 4070 OPUSCULUM
3605 3970 4805 4097 QUINQUAGESIMUM
4869 3981 5496 4106 QUINTUM.

3340 4176 3445 4236 DE
3485 4177 4028 4246 CELEBRANDIS
4061 4184 4407 4246 VIGILIIS.

2287 4482 3072 4578 Ausitatissimi._:_hliinacltos
3098 4507 3226 4578 suos
3251 4496 3316 4550 ad
3344 4497 3697 4578 celebrandas
3720 4511 3842 4578 octo
3868 4501 4217 4578 festivitatum
4247 4506 4481 4578 vigilias,
4511 4523 4649 4577 quas
4677 4525 4774 4578 per
4804 4511 5201 4568 indevotionem
5249 4525 5303 4569 et
5329 4516 5547 4573 abusum

2356 4569 2385 4606 a
2420 4555 2689 4652 plerisq‘ue
2723 4569 3502 4652 suo‘ru'mktemporu‘m.negligi
3539 4555 4048 4652 conqueriturghac
4079 4555 4707 4652 epistola'_’adhumatur;r
4731 4595 4853 4634 cum
4887 4583 5141 4646 rationes,
5177 4598 5296 4652 qua:
5332 4585 5382 4640 in
5418 4603 5547 4644 con-

2351 4625 2577 4678 trarium
2608 4625 2790 4680 facere
2813 4625 3152 4698 videbantur,
3184 4636 3251 4688 ab
3283 4625 3589 4691 horninibus
3622 4625 3811 4708 parum
3839 4625 4676 4712 piis—allatas,facile—diluisset.

2345 4757 2562 4815 Sanctis
2620 4760 2878 4819 fratribus
2938 4765 2992 4820 in
3043 4782 3227 4825 eremo
3279 4771 3612 4840 constitutis,
3643 4772 3857 4834 PETRUS
3886 4782 3936 4842 D
3953 4781 4108 4861 junia
4131 4822 4146 4846 ,
4172 4797 4292 4852 qua
4319 4783 4856 4842 videlicet‘hactenus
4889 4788 4940 4842 in
4967 4789 5187 4859 antiqua
5235 4791 5541 4862 progenito-

2269 4858 2524 4917 peccator
2549 4855 3116 4912 monachus-salutem.
3954 4855 4084 4925 'rum
4109 4883 4414 4928 nostrorum
4439 4876 4727 4932 traditione
4741 4877 5027 4943 coluimus,
5047 4896 5188 4934 nunc
5201 4882 5539 4950 quibusdam,

2339 4936 2674 4998 Naturaliter
2696 4956 2874 5002 autem
2905 4950 3009 5004 hoc
3037 4953 3226 5008 morbo
3255 4954 3488 5010 humana
3526 4957 3738 5016 laborat
3767 4961 3852 5015 in-
3963 4976 4134 5016 novas
4159 4963 4300 5017 velut
4330 4973 4510 5018 sectas
4539 4965 5038 5030 introducentilms,
5069 4936 5268 5038 passiin
5313 4971 5538 5042 negligi,

2268 5026 2529 5096 firmitas,
2558 5042 2616 5086 ut
2643 5051 2708 5089 ex
2737 5039 3083 5096 continentia:
3113 5045 3291 5115 rigore
3319 5047 3476 5102 facile
3503 5060 3757 5116 corruat;
3783 5053 3850 5108 ad
3960 5059 4015 5106 et
4046 5051 4098 5106 in
4126 5054 4471 5122 prandiorum
4502 5057 4687 5126 epulas
4717 5066 4922 5112 nmtata
4971 5059 5233 5115 dolemus.
5282 5061 5410 5128 Quae
5453 5065 5534 5120 ni-

2263 5117 2527 5174 virtutum
2563 5136 2691 5180 vero
2720 5137 2917 5183 statum
2967 5131 3414 5206 disciplinamque
3468 5139 3684 5195 vivendi
3714 5139 3849 5195 ditii-
3956 5142 4151 5197 mirum
4185 5143 4272 5198 hic
4301 5160 4624 5201 enumerare
4663 5148 4896 5201 otiosum
4937 5164 5059 5204 esse
5107 5165 5213 5204 non
5254 5151 5530 5219 ducimus;

2262 5208 2439 5264 culter
2466 5224 2738 5284 assurgat.
2765 5214 2920 5273 Unde
2945 5220 3005 5274 ﬁt
3028 5232 3087 5276 ut
3114 5239 3235 5280 cum
3255 5227 3564 5282 districtum
3595 5230 3722 5298 quid
3747 5247 3846 5300 pro
3952 5231 4024 5285 ita
4073 5241 4132 5287 ut
4174 5235 4342 5288 etiam
4390 5236 4631 5291 rationes
4679 5238 5010 5307 singulorum
5031 5280 5045 5305 ,
5095 5255 5192 5295 cur
5219 5243 5390 5297 omitti
5427 5260 5531 5299 non

2263 5296 2374 5354 Deo
2400 5301 2645 5370 arripere
2668 5305 2914 5373 nitimur,
2943 5309 3040 5364 soli
3076 5313 3211 5368 viam
3240 5316 3442 5374 laboris
3472 5296 3696 5376 necesse
3720 5296 3803 5376 est
3825 5363 3840 5386 ,
3950 5320 4203 5389 debeant,
4251 5335 4412 5396 prout
4441 5326 4680 5395 epistola:
4722 5330 5098 5400 compendium
5127 5333 5350 5401 patitur.
5399 5335 5528 5391 ale-

2259 5386 2348 5440 vix
2383 5388 2563 5458 aliquo
2591 5395 2913 5461 comitante,
2944 5415 3262 5471 carpamus;
3289 5409 3433 5476 quod
3459 5410 3502 5465 si
3536 5425 3634 5466 nos
3663 5427 3841 5482 quau-
3954 5426 4156 5482 ramus.

2259 5476 2598 5535 tumlibet'ad
2629 5484 2920 5555 voluptatis
2965 5487 3108 5546 ﬂuxa
3161 5497 3522 5564 remittimus,
3566 5476 3844 5558 ultroncos

2255 5575 2452 5635 priesto
2481 5570 2547 5624 ad
2576 5571 2896 5632 imitandum
2922 5595 3020 5636 nos
3049 5585 3393 5654 quamplures
3423 5591 3600 5646 socios
3631 5593 3836 5648 inveni-

2257 5667 2375 5751 mus
2426 5656 2560 5728 Hoc,
2583 5662 2920 5723 dilectissimi
2952 5670 3168 5742 fratres,
3199 5675 3400 5734 idcirco
3427 5684 3832 5751 conquerimur.

2258 5741 2380 5810 quia
2417 5745 2674 5821 pleraque
2700 5768 2794 5823 per
2840 5760 3087 5816 annalem
3134 5763 3394 5822 circulum
3432 5773 3740 5827 veneranda
3764 5773 3838 5844 je-

4462 5505 4691 5563 CAPUT
4728 5508 5016 5566 PRIMUM.

3948 5613 4053 5669 Cur
4101 5617 4153 5670 in
4201 5617 4394 5693 uigiliis
4437 5619 4819 5693 Assnmptionis
4891 5622 5052 5693 neque
5108 5621 5331 5693 Virginis
5379 5638 5425 5682 et
5455 5627 5516 5682 Β.

4197 5687 4422 5742 Joannis
4457 5690 4709 5752 Ilaptistre
4750 5692 4916 5745 natali
4948 5687 5274 5761 jejunamt'u.

4017 5777 4128 5846 Age
4156 5777 4335 5847 igitur,
4362 5794 4460 5833 cur
4488 5780 4883 5847 Assumptiouis
4906 5780 5074 5835 beatae
5103 5779 5282 5837 Maria:
5310 5799 5521 5854 semper
