5882 6592
1104 414 1202 475 SOI

2010 401 2255 472 opusc.
2300 414 2409 470 LV.
2441 399 2510 457 —;
2543 416 2632 472 or.
2665 411 3159 472 CELEBRANDIS
3203 392 3507 468 mortus}

4259 469 4262 472 ,
4298 396 4406 455 sos

1103 525 1342 597 Virginis
1357 523 1581 598 jejuniis
1614 512 1720 578 non
1748 533 1873 582 sunt
1903 524 2242 580 celebrandae
2277 526 2508 595 vigiliae?
2538 541 2699 616 ιιιιαςη
2733 534 2776 592 Α
2807 525 3030 579 omnino
3065 521 3344 588 nescierit,
3401 519 3581 592 partui
3636 527 3815 575 tamen
3871 519 4026 575 dolor
4067 517 4411 575 familiariter

1101 615 1352 671 videlicet
1391 613 1840 669 consuetudinem
1889 627 2060 682 usque
2105 613 2174 666 ad
2221 629 2351 677 nos,
2384 615 2493 669 imo
2533 613 2704 684 iisque

1100 717 1247 762 nnuc
1277 704 1461 777 procul
1509 703 1675 758 dubio
1722 706 1971 758 novimus
2008 711 2062 757 et
2092 704 2398 772 antiquitus
2429 706 2704 760 tenuisse?

1099 794 1184 850 An
1211 797 1334 864 quia
1365 792 1459 848 Dei
1491 792 1737 848 Geultrix
1761 808 1825 848 ex
1851 793 1954 847 hac
1981 793 2091 846 vita
2117 808 2214 862 per
2241 796 2567 864 martyrium
2593 811 2699 850 non

1100 886 1517 941 transivit?‘Sed
1549 887 1592 941 si
1630 889 1744 942 lucc
1777 895 1861 940 est
1893 887 2034 941 ratio
2069 902 2169 958 cur
2193 887 2432 956 jejunari
2465 904 2573 944 non
2608 890 2702 944 de-

1096 977 1254 1042 beat;
1303 993 1438 1046 ergo
1464 978 1726 1032 nativitas
1753 977 1900 1032 beati
1933 978 2288 1046 przecursoris
2333 977 2538 1034 Christi
2583 981 2701 1036 sine

1096 1083 1260 1124 causa
1285 1068 1493 1138 jejunio
1523 1069 1872 1139 praevenitur,
1919 1070 2139 1138 quando
2181 1069 2390 1146 scilicet
2420 1087 2528 1128 nou
2574 1074 2699 1130 hinc

1095 1171 1234 1230 puer
1257 1160 1520 1231 propheta
1554 1161 1817 1229 migrasse
1848 1174 1948 1229 per
1976 1159 2350 1230 gladiutn,sed
2376 1162 2482 1217 huc
2514 1164 2698 1232 potius

1096 1250 1417 1324 agnoscitur
1460 1252 1673 1307 venisse
1719 1266 1818 1321 per
1849 1261 2084 1306 uterum.
2135 1254 2207 1305 At
2239 1252 2284 1306 si
2324 1253 2402 1308 rei
2462 1254 2701 1326 dignitas

1095 1340 1387 1414 vigilanter
1415 1341 1726 1411 inspicitur,
1755 1341 1960 1397 idcirco
1987 1351 2222 1410 utraque
2259 1343 2376 1397 haec
2423 1343 2698 1400 festivitas

1096 1434 1260 1504 digne
1287 1431 1586 1504 praemissis
1614 1440 1698 1487 est
1723 1432 2045 1503 excipienda
2088 1431 2348 1501 jejuniis;
2396 1436 2521 1503 quia
2550 1444 2602 1489 et
2633 1435 2696 1489 Β.

1094 1524 1265 1594 Virgo
1286 1523 1591 1580 molestiam
1615 1523 1798 1578 carnis
1821 1523 2060 1579 moriens
2086 1524 2335 1594 per-tulit,
2357 1534 2414 1580 et
2437 1525 2500 1579 Β.
2531 1525 2696 1582 Joan-

1093 1628 1193 1670 nes
1225 1629 1323 1683 per
1352 1614 1719 1669 conditionem
1750 1615 2006 1669 nascendi
2057 1629 2124 1669 ex
2175 1616 2440 1671 maternis
2469 1618 2710 1672 visceri;

1088 1705 1194 1761 bus
1220 1705 1485 1777 vagiendo
1517 1719 1583 1760 ae
1610 1704 1873 1774 plorando
1904 1703 2192 1775 processit.
2239 1705 2435 1761 Merito
2467 1707 2575 1762 illis
2601 1723 2699 1778 per

1085 1791 1292 1869 jejunia
1315 1797 1572 1867 pridiana
1619 1797 2003 1866 conipatimur,
2032 1805 2092 1851 ut
2130 1795 2578 1854 illucescentibus
2607 1814 2697 1855 eo-

2805 626 2888 673 est
2919 616 3262 686 coniunctus,
3301 623 3540 670 testante
3566 611 3808 668 Veritate
3861 627 3983 682 qua:
4012 612 4122 665 ait:
4154 628 4174 662 ι
4216 609 4412 664 Mulier
4505 633 4508 639 -

2807 723 2930 762 cum
2984 707 3130 776 parit
3165 705 3444 760 tristitiam
3476 705 3666 767 habet,
3713 704 3839 773 quia
3892 703 4042 759 venit
4072 702 4227 774 bona
4254 701 4405 770 ejus;

2806 814 2927 854 cum
2984 807 3167 852 autem
3213 795 3488 867 pepererit
3534 809 3787 866 puerum,
3830 794 3945 865 jam
3996 808 4104 847 non
4156 791 4408 847 meminit

2805 903 3073 961 pressurae
3103 897 3326 959 pr0pter
3347 888 3632 959 gaudium,
3682 886 3808 958 quia
3852 897 4014 941 natus
4041 894 4126 941 est
4157 884 4321 940 homo
4349 884 4407 940 iu

2802 981 3062 1034 mundum
3094 979 3276 1048 (Joan.
3303 980 3436 1047 xvi).
3470 996 3487 1027 ι
3517 975 3673 1031 Unde
3695 990 3801 1030 non
3840 974 4111 1030 immerito
4138 982 4248 1028 tota
4280 987 4408 1027 san-

2800 1073 2884 1119 cta
2909 1064 3170 1132 Ecclesia,
3199 1062 3341 1117 sicut
3362 1061 3616 1116 morienti
3633 1061 3853 1116 Christo
3874 1059 4254 1124 connnoritu'r,
4279 1071 4404 1113 cum

2801 1165 3125 1224 resurgente
3178 1153 3482 1222 consurgit,
3521 1167 3644 1207 eum
3681 1151 3852 1206 cmlos
3885 1149 4219 1211 ascendente
4271 1164 4402 1204 con-

2799 1246 3007 1300 scendit
3033 1260 3048 1309 ;
3083 1243 3156 1298 ita
3186 1243 3586 1312 quodammodo
3615 1257 3740 1297 cum
3771 1243 3930 1296 beata
3965 1240 4082 1310 ejus
4125 1237 4406 1295 Geuitrice

2799 1336 3042 1406 patiente
3073 1334 3432 1404 comparturit
3454 1374 3468 1397 ,
3507 1333 3780 1402 simulque
3810 1330 3964 1400 quasi
4005 1329 4318 1400 parturiens
4348 1327 4405 1386 in

2799 1427 3000 1498 vigiliis
3044 1434 3278 1489 maeret,
3312 1433 3372 1478 ut
3418 1423 3710 1494 puerperio
3750 1421 3943 1476 salutis
3980 1419 4154 1475 effuso
4185 1434 4308 1474 cum
4337 1432 4403 1474 ea

2757 1535 2766 1540 ·
2800 1517 2962 1572 simul
2993 1518 3045 1572 in
3077 1526 3271 1572 sancta
3310 1515 3607 1571 Nativitate
3661 1512 3979 1583 conjubilet,
4035 1519 4304 1582 quatenus
4332 1510 4403 1565 ad

2800 1616 2962 1673 tanta:
3020 1608 3385 1664 solemnitatls
3445 1607 3682 1677 gloriam
3745 1621 3853 1660 non
3915 1603 4077 1658 modo
4131 1600 4406 1674 spirituali

2799 1699 3036 1771 tripudio
3080 1714 3238 1755 mens
3267 1699 3485 1770 gliscat,
3519 1698 3614 1753 sed
3644 1707 3699 1751 et
3727 1697 3842 1766 ipsa
3891 1710 4020 1750 caro
4061 1709 4183 1762 quae
4222 1694 4403 1749 allicta

2802 1788 2983 1844 fuerat
3021 1788 3366 1861 refrigerit'tm
3403 1802 3632 1844 sensu-ra
3683 1785 4038 1860 congaudent,
4069 1783 4224 1853 juxta
4271 1780 4405 1838 illud

1091 1903 1211 1943 rum
1236 1886 1535 1951 solemniis,
1559 1886 1832 1944 communi
1857 1901 1978 1940 cum
2001 1886 2083 1942 eis
2105 1885 2292 1942 laetitia
2314 1887 2684 1958 perfruamur;
2723 1873 2765 1932 Β
2795 1879 3082 1950 Propheta
3106 1899 3120 1936 :
3150 1900 3169 1932 ι
3227 1879 3412 1936 Silivil

2079 1885 2292 1942 ιιεειῑιίε
2314 1887 2684 1958 perfruamur;
2723 1873 2765 1932 Β
2795 1879 3120 1950 Prophetas:
3150 1900 3169 1932 ι
3227 1879 3412 1936 Sitivit
3435 1880 3488 1933 in
3507 1888 3585 1944 te,
3613 1877 3817 1949 inquit,
3850 1877 4033 1930 anima
4067 1883 4402 1945 numquam

1091 1985 1150 2032 ut
1179 1986 1414 2034 marore
1441 1974 1601 2032 simul
1631 1992 1758 2032 cum
1808 1973 1914 2030 illis
1941 1974 2128 2030 amicti
2150 2017 2165 2043 ,
2193 1976 2353 2031 simul
2384 1978 2688 2048 epulemur,

1087 2065 1253 2122 etiam
1303 2066 1499 2138 gaudio
1549 2066 1751 2121 feriati.
1798 2065 1868 2120 At
1913 2065 2144 2122 fortasse
2176 2066 2393 2131 dicitur,
2447 2055 2572 2139 quia
2625 2068 2687 2122 Β.

1087 2156 1285 2229 Virgo,
1319 2172 1439 2226 qnze
1477 2156 1594 2212 sine
1623 2155 1812 2212 dolore
1841 2156 1966 2211 vita:
1991 2166 2274 2213 auctorem
2303 2158 2500 2222 edidit,
2537 2159 2692 2215 dolo-

1084 2263 1204 2307 rem
1231 2247 1515 2304 moriendo
1545 2259 1651 2303 non
1681 2247 1892 2303 sensit?
1922 2247 2030 2304 Sed
2073 2263 2178 2317 qua
2209 2249 2534 2306 auctoritate
2560 2265 2682 2306 eam

1083 2340 1210 2414 quis
1244 2339 1519 2397 divinetur
1549 2338 1600 2395 in
1634 2353 1862 2410 corpore
1894 2353 2001 2395 non
2049 2338 2290 2395 doluisse
2324 2341 2686 2407 morientem,

1083 2433 1244 2503 cujus
1271 2434 1511 2490 animam
1542 2433 1924 2506 pertransierit
1953 2423 2165 2504 gladius
2208 2433 2390 2490 adhuc
2417 2436 2585 2490 etiam
2632 2435 2687 2490 in

1080 2540 1250 2584 carne
1277 2526 1624 2580 manentem?
1671 2524 1825 2594 (Luc.
1859 2525 1945 2596 ιι.)
1972 2523 2282 2579 Praesertim
2314 2539 2436 2579 cum
2481 2533 2538 2579 et
2575 2524 2690 2594 ipse

1083 2614 1353 2670 mediator
1380 2614 1472 2670 Dei
1503 2621 1557 2669 et
1585 2613 1864 2669 hominum
1888 2615 2187 2670 moriturus
2208 2614 2355 2669 dicat
2383 2631 2396 2667 :
2434 2633 2452 2666 ι
2485 2612 2690 2670 Tristis

1081 2713 1166 2776 est
1192 2706 1369 2760 anima
1397 2720 1516 2760 mea
1546 2719 1721 2776 usque
1751 2706 1818 2760 ad
1851 2713 2087 2760 mortem
2119 2703 2336 2766 (Matth.
2365 2705 2542 2776 xxvi).
2566 2725 2584 2757 ›
2613 2704 2689 2760 De

1079 2811 1190 2866 quo
1225 2805 1278 2852 et
1315 2795 1509 2851 Petrus
1539 2814 1552 2850 :
1589 2814 1607 2847 ι
1638 2794 1809 2863 Quem
1841 2797 2012 2860 Deus,
2063 2795 2267 2864 inquit,
2318 2795 2606 2850 suscitavit
2651 2813 2682 2852 a

1079 2885 1340 2950 mortuis,
1369 2885 1562 2940 solutis
1606 2885 1886 2939 doloribus
1927 2884 2124 2938 inferni
2175 2882 2367 2955 (Marc.
2409 2899 2528 2950 xw;
2565 2884 2683 2939 Act.

1007 3023 1013 3027 .
1083 2985 1124 3030 ll
1151 2975 1192 3046 ).
1233 2994 1253 3028 ι
1316 2974 1423 3030 Sed
1455 2975 1570 3029 sive
1596 2974 1837 3030 moriens
1859 2974 2103 3029 dolorem
2133 2989 2238 3028 non
2263 2975 2515 3038 senserit,
2543 2976 2687 3045 quod

1083 3063 1226 3120 Deus
1255 3064 1440 3134 utique
1470 3065 1673 3135 potuit;
1725 3065 1840 3121 sive
1891 3065 2348 3142 senseritaquod
2396 3068 2680 3136 permisit:

1082 3153 1249 3218 unde,
1281 3169 1487 3224 quaeso,
1527 3154 1627 3209 iste
1651 3163 1736 3210 est
1764 3155 2092 3225 praedicator
2120 3156 2425 3225 epularum,
2455 3167 2511 3214 et
2539 3158 2684 3214 salu-

1078 3243 1217 3299 taris
1240 3245 1584 3300 abstinentiae
1615 3246 1898 3312 inimicus,
1937 3247 2040 3302 nisi
2068 3261 2136 3301 ex
2183 3262 2372 3302 eorum
2418 3265 2678 3315 numero,
2709 3223 2756 3286 Ο

1075 3334 1150 3391 de
1195 3335 1391 3404 quibus
1433 3335 1724 3405 Apostolus
1776 3338 2154 3408 conqueritur,
2204 3339 2393 3394 dicens
2425 3357 2439 3394 :
2473 3355 2494 3391 ι
2533 3340 2680 3396 Multi

1064 3427 1226 3484 enim
1254 3428 1551 3493 ambulant,
1581 3443 1720 3500 quos
1749 3444 1893 3500 saepe
1919 3429 2167 3484 dicebam
2201 3429 2378 3496 vobis,
2413 3447 2556 3487 nunc
2581 3447 2679 3486 au-

1080 3525 1188 3572 tem
1213 3526 1267 3573 et
1297 3518 1431 3573 flens
1474 3519 1631 3585 dico,
1685 3520 1936 3575 inimicos
1965 3520 2146 3574 crucis
2190 3520 2419 3586 Christi,
2449 3537 2682 3592 quorum

1080 3609 1206 3665 linis
1234 3611 1517 3676 interitus,
1547 3620 1602 3666 et
1626 3627 1858 3682 quorum
1895 3612 2038 3668 Deus
2061 3621 2254 3669 venter
2281 3624 2366 3669 est
2385 3619 2480 3676 ,‘et
2507 3613 2681 3685 gloria

1079 3700 1133 3755 in
1169 3699 1488 3756 confusione
1514 3702 1778 3770 ipsorum,
1804 3703 1895 3770 qui
1921 3711 2138 3757 terrena
2162 3704 2381 3773 sapiunt
2413 3702 2674 3774 (Philipp.

1078 3792 1182 3862 Ill).
1225 3811 1243 3843 ι
1275 3791 1488 3862 Moyses
1530 3802 1586 3847 et
1615 3792 1796 3848 Aaron
1846 3793 2038 3848 mortis
2069 3793 2247 3854 debita
2284 3798 2678 3864 persolventes,

1080 3896 1374 3937 mensnrno
1425 3883 1505 3954 [Ῑ.
1556 3882 1870 3956 menstruo]
1921 3883 2130 3938 dierum
2178 3884 2355 3954 spatio
2402 3885 2678 3956 sigillatim

1075 3971 1304 4042 quisque
1336 3971 1404 4025 ab
1438 3971 1727 4027 Israelitica
1758 3973 1919 4042 plebe
1953 3973 2297 4044 deplangitur
2343 3973 2535 4045 (Num.
2569 3990 2673 4040 xx;

1080 4061 1238 4117 Deut.
1265 4065 1474 4135 xxxiv).
1503 4063 1825 4120 Defunctum
1855 4080 2070 4135 quoque
2094 4063 2263 4122 Jacob
2285 4065 2678 4141 totaﬁigyptus

1077 4149 1288 4222 lugubri
1311 4154 1652 4223 septuaginta
1674 4155 1884 4209 dierum
1911 4154 2304 4212 lamentatione
2325 4160 2677 4228 prosequitur

1082 4239 1238 4311 (Gen.
1271 4240 1345 4312 L).
1377 4239 1458 4296 Tu
1486 4241 1711 4296 obeunti
1745 4241 2012 4298 Genitriei
2050 4244 2165 4308 Dei,
2196 4260 2304 4298 uno
2335 4246 2531 4301 saltem
2562 4248 2670 4313 die,

1078 4328 1282 4398 refugis
1303 4330 1564 4399 compati,
1590 4340 1648 4386 ut
1669 4334 1812 4386 inter
1831 4332 1947 4404 ejus
1970 4332 2234 4388 solemnia
2254 4335 2454 4390 merito
2475 4337 2673 4393 debeas

1071 4422 1336 4495 gloriari?

1147 4510 1319 4567 Porro
1348 4513 1415 4568 de
1439 4511 1733 4570 Nativitate
1762 4514 2063 4571 Salvatoris
2094 4532 2201 4572 non
2232 4518 2414 4574 minus
2440 4521 2670 4576 inhone-

1076 4613 1220 4662 stum
1263 4605 1396 4674 quid
1437 4615 1491 4659 et
1533 4607 1795 4663 indecens
1843 4608 2046 4678 agitur,
2078 4624 2202 4664 cum
2245 4611 2300 4664 in
2325 4611 2446 4683 ejus
2473 4613 2672 4684 vigiliis

1079 4709 1108 4748 a
1139 4694 1413 4750 nonnullis
1440 4695 1543 4751 etsi
1583 4707 1792 4750 tantum
1823 4707 2095 4763 ccenetur,
2125 4699 2252 4754 vino
2281 4708 2461 4757 tamen
2507 4713 2562 4758 et
2589 4705 2668 4760 di-

1073 4786 1252 4842 versis
1281 4787 1590 4858 coctionum
1637 4789 1989 4859 apparatibus
2025 4790 2351 4862 indulgetur.
2383 4792 2550 4848 Plane
2576 4809 2674 4848 au-

1074 4884 1183 4940 tem
1213 4874 1370 4947 panis
1397 4875 1485 4930 ille
1513 4876 1580 4930 ad
1609 4877 1714 4931 hoc
1742 4878 1808 4933 de
1833 4877 1970 4933 caelo
1989 4877 2155 4951 845
2178 4880 2463 4938 descendit
2487 4881 2672 4954 (Joan.

1073 4965 1178 5038 vt),
1209 4975 1267 5020 ut
1287 4965 1401 5034 jam
1435 4968 1742 5023 communis
1772 4968 1928 5024 cibus
1951 4969 2023 5023 sit
2047 4971 2211 5024 etiam
2240 4971 2545 5037 hominum,
2575 4976 2672 5044 qui

1069 5063 1300 5113 eatenus
1352 5056 1601 5125 specialis
1657 5066 1866 5112 tantum
1914 5057 2090 5113 fuerat
2136 5060 2481 5130 angelorum;
2535 5065 2670 5118 satis

1069 5147 1368 5202 absurdum
1383 5155 1487 5213 est,
1506 5148 1551 5204 si
1576 5147 1872 5204 reiectione
1885 5149 2104 5204 caelitus
2124 5164 2444 5222 erumpente
2460 5155 2639 5208 divina
2652 5195 2666 5220 ,

1070 5239 1251 5293 locum
1279 5247 1480 5309 prmsto
1525 5253 1632 5294 non
1667 5242 1965 5310 praebeant.
1995 5241 2253 5297 alimenta
2307 5253 2543 5300 terrena.
2601 5247 2669 5302 Et

1077 5337 1206 5385 tunc
1228 5331 1341 5384 vini
1382 5329 1655 5386 faeculenti
1689 5333 2052 5402 ingurgitatio
2090 5336 2352 5388 utentium
2386 5351 2545 5391 nares
2571 5337 2669 5398 ob-

1079 5419 1274 5481 tundit,
1309 5435 1429 5472 cum
1455 5418 1569 5488 jam
1597 5422 1731 5475 odor
1777 5423 2019 5476 etelestis
2044 5425 2232 5492 gratiae
2261 5425 2514 5480 melliflua
2541 5442 2666 5481 sua-

1078 5508 1244 5563 vitate
1273 5511 1522 5580 respirat.
1547 5509 1680 5565 Nam
1709 5524 1761 5567 et
1787 5514 2021 5566 amicum
2043 5529 2200 5568 suum
2225 5516 2479 5586 quisque,
2503 5533 2666 5588 quem

1079 5601 1144 5654 de
1180 5598 1473 5669 longinquo
1503 5601 1805 5656 venientem
1833 5603 1992 5657 unice
2020 5604 2204 5660 videre
2231 5608 2528 5673 desiderat,
2557 5625 2664 5663 non

1078 5690 1253 5762 epulis
1273 5707 1496 5757 vacans,
1515 5693 1607 5747 sed
1635 5693 2115 5764 alacriterjejunus
2143 5706 2446 5766 exspectat.
2481 5698 2666 5765 Quan-

1080 5795 1244 5846 quam
1295 5780 1440 5836 enitn
1489 5791 1679 5850 partus
1734 5783 1822 5838 ille
1873 5783 2168 5854 singularis
2199 5785 2407 5841 doloris
2445 5787 2665 5842 taedium

2796 1971 3181 2060 multipliciter.
3201 1981 3256 2028 et
3278 1987 3410 2027 caro
3440 1972 3596 2026 mea?
3618 1991 3642 2024 τι
3673 1967 3849 2040 (Psal.
3884 1968 4056 2040 uti.)

3437 2082 3668 2139 CAPUT
3693 2082 3753 2137 ll.

2793 2153 3101 2224 Aliquorum
3124 2155 3320 2210 abusus
3341 2153 3394 2208 in
3417 2155 3698 2208 ntnlcenda
3721 2169 3862 2222 vare,
3883 2162 3938 2206 ut
3961 2151 4148 2207 melius
4173 2161 4396 2208 canant.

2863 2244 3119 2302 Nonnulli
3149 2229 3343 2317 plane,
3372 2245 3515 2316 quod
3547 2246 3986 2316 praetereundum
4020 2260 4126 2299 non
4153 2253 4257 2310 est,
4289 2243 4403 2316 spi-

2793 2336 3004 2392 ritualis
3033 2337 3238 2392 militite
3267 2336 3466 2392 fratres
3495 2337 3597 2392 sub
3641 2337 3743 2392 hac
3775 2337 4067 2392 occasione
4099 2338 4153 2390 in
4197 2336 4398 2407 praedi-

2791 2426 2896 2482 ctis
2916 2425 3114 2496 vigiliis
3144 2426 3411 2492 victitant,
3442 2433 3502 2480 ut
3528 2428 3596 2481 ad
3625 2425 4002 2496 personandas
4031 2424 4399 2480 ecclesiastici

2794 2518 3060 2574 melodias
3096 2518 3260 2574 olllcii
3295 2519 3572 2575 robustius
3623 2518 4033 2574 convalescant.
4069 2518 4175 2572 Sed
4201 2518 4251 2573 si
4287 2532 4396 2574 non

2793 2617 2901 2663 tam
2927 2609 3192 2664 humanas
3227 2625 3390 2681 qnam
3414 2609 3626 2664 divinas
3647 2624 3810 2664 aures
3832 2610 4084 2679 cupimus
4106 2625 4171 2664 ex
4196 2625 4388 2665 vocum

2791 2711 3100 2756 nostrarum
3124 2700 3524 2771 quantumlibet
3547 2709 3800 2757 accurata
3824 2700 4095 2755 suavitate
4127 2701 4390 2768 mulcere,

2789 2791 3042 2862 corporis
3071 2778 3259 2846 nostri
3279 2799 3598 2862 tympanum
3628 2790 3827 2845 celsius
3857 2789 4130 2844 intonabit
4161 2790 4389 2856 siccum,

2788 2894 2952 2949 quam
2995 2879 3206 2950 liquore
3254 2880 3365 2934 vini
3409 2879 3492 2934 vel
3527 2879 3632 2935 olei
3685 2879 4015 2950 pinguedine
4062 2880 4390 2936 delibututtt.

2789 2970 3091 3041 Meliusque
3119 2979 3206 3026 est
3254 2979 3314 3025 ut
3357 2985 3455 3041 pro
3505 2969 3692 3026 labore
3730 2969 3923 3040 jejunii
3956 2971 4225 3025 cantilena
4278 2969 4383 3025 sui:

2788 3064 2977 3120 sobrio
3032 3063 3380 3118 discretionis
3412 3061 3790 3117 moderamine
3822 3070 4178 3133 temperetur,
4223 3077 4391 3132 quant

2786 3165 2848 3211 ut
2876 3170 2974 3226 pro
3001 3156 3390 3224 superstitione
3404 3155 3660 3218 canendi,
3693 3153 4045 3210 smcnlaribus
4070 3170 4099 3208 a
4119 3152 4389 3225 spirituali

2786 3249 2979 3304 ordine
3031 3245 3416 3304 dissolutionis
3468 3248 3780 3317 prmheatur
3813 3246 4147 3315 exemplum.
4201 3247 4388 3302 Plane.

2785 3357 2908 3396 cum
2947 3348 3056 3394 tam
3096 3340 3315 3409 longum
3365 3335 3812 3408 Qu‘adragesima:
3851 3337 4107 3406 spatium,
4165 3337 4309 3406 quod
4357 3353 4387 3391 a

2786 3431 3043 3490 Patribus
3072 3439 3156 3488 est
3185 3429 3490 3499 praefixum,
3545 3427 3827 3481 Nativitati
3888 3426 4101 3481 Domini
4153 3429 4391 3482 militare

2786 3524 3169 3594 cognoscitur.
3229 3523 3426 3575 mirum
3478 3529 3563 3575 est
3593 3519 3883 3590 quomodo
3940 3528 4050 3574 tam
4124 3519 4386 3590 przecllra

2786 3615 3057 3672 festivitas
3095 3614 3210 3670 solo
3242 3614 3550 3685 vigiliarum
3584 3627 3806 3669 suarum
3855 3611 4067 3668 honore
4120 3614 4389 3682 privetur.

2785 3703 2954 3758 l‘orro
2985 3712 3170 3760 autem
3199 3703 3474 3772 quomodo
3520 3718 3628 3756 non
3684 3701 4084 3768 erubescimus,
4129 3703 4276 3772 quia,
4331 3712 4393 3758 ut

2775 3793 2893 3862 jam
2946 3790 3152 3849 dictum
3197 3801 3304 3859 est,
3345 3792 3686 3848 nativitatem
3739 3791 3907 3858 servi,
3936 3791 4080 3848 beati
4133 3790 4392 3848 videlicet

2781 3884 3007 3941 Joannis
3045 3884 3326 3955 Baptista,
3359 3899 3558 3955 aquam
3595 3885 3833 3939 bibendo
3863 3884 4294 3954 praecurrimus;
4328 3885 4384 3941 in

2781 3975 2979 4046 vigiliis
3005 3989 3138 4031 vero
3163 3975 3463 4029 Dominica:
3487 3974 3799 4029 Nativitatis
3820 3977 3946 4030 vina
3976 3975 4390 4032 incontinenter

2779 4067 3027 4122 olemus?
3052 4065 3382 4120 Praesertim
3401 4080 3525 4120 cum
3555 4065 3672 4120 dies
3721 4064 3810 4121 ille
3838 4079 3948 4136 pra:
3976 4066 4191 4121 cunctis
4227 4066 4389 4122 annis

2779 4157 2992 4228 diebus,
3037 4166 3093 4213 et
3142 4157 3638 4213 :estivo-caumate
3680 4154 3923 4212 fervidus
3989 4165 4044 4212 et
4100 4159 4275 4228 spatio
4315 4159 4392 4216 sit

2777 4247 3052 4319 prolixus;
3098 4248 3204 4304 iste
3257 4263 3390 4303 vero
3426 4256 3482 4302 et
3520 4246 3706 4303 brevis
3757 4247 3832 4302 sit
3877 4260 3933 4302 et
3975 4247 4284 4304 humectus.
4317 4249 4389 4307 Et

2777 4349 2929 4396 certe
2950 4339 2996 4394 si
3022 4339 3327 4410 vigiliarum
3365 4337 3544 4408 placet
3569 4338 3854 4404 instantia,
3913 4338 4142 4395 liberius
4183 4341 4384 4411 vigila-

2778 4447 2899 4487 mus
2948 4431 3227 4498 abstemii,
3259 4446 3423 4502 quam
3451 4431 3564 4485 vini
3597 4431 3909 4502 soporantis
3958 4432 4227 4490 ebrietate
4254 4448 4383 4506 gra-

2777 4524 2906 4578 vati.

2853 4611 3276 4684 Epiphaniarum
3317 4628 3534 4684 quoque
3573 4613 3786 4684 vigilias
3824 4614 3895 4670 ob
3947 4614 4382 4686 magnitudinem

2779 4705 3160 4769 solemnitatis,
3191 4705 3248 4757 in
3305 4720 3410 4774 qua
3455 4703 3708 4760 videlicet
3758 4712 3838 4760 tot
3884 4707 3941 4758 in
3985 4705 4152 4759 unum
4194 4719 4382 4761 sacra-

2781 4802 2958 4848 menta
2990 4804 3345 4858 concurrunt,
3374 4793 3596 4864 dignum
3631 4801 3714 4847 est
3733 4791 4014 4863 jejunare:
4053 4791 4222 4865 θῇς
4257 4793 4383 4850 licet

2780 4883 2836 4946 ii,
2865 4881 3064 4952 quibus
3098 4881 3260 4936 aliter
3304 4882 3526 4936 suaderi
3575 4890 3778 4952 potest,
3829 4897 3938 4937 non
3987 4881 4384 4952 prohibeantur

2775 4987 2900 5027 cum
2933 4970 3322 5040 liquaminibns
3342 4980 3397 5027 et
3429 4971 3553 5025 vina
3580 4963 3882 5042 percipere.
3904 4970 4025 5036 Hic,
4047 4981 4104 5025 ut
4120 4972 4380 5037 arbitror,

2770 5061 3204 5117 stomachabitur
3258 5062 3384 5115 vita:
3447 5060 3712 5116 mollioris
3751 5071 4019 5126 assertor,
4076 5061 4166 5118 hic
4217 5077 4382 5136 rugas

2773 5152 3060 5207 contrahet
3082 5149 3343 5206 fumantis
3369 5151 3533 5205 edulii
3582 5153 3912 5220 disputator,
3963 5151 4256 5206 clamitans
4290 5165 4380 5208 ttt'J

2772 5245 3056 5314 peregrina
3091 5241 3288 5313 jejunia
3315 5245 3526 5298 noviter
3549 5243 3919 5308 introducere,
3953 5259 4076 5313 qua:
4101 5243 4244 5297 nulla
4275 5242 4380 5299 Ps-

2776 5344 2919 5390 trum
2957 5333 3165 5388 valeam
3218 5333 3821 5388 auctoritateﬁrmare.
3852 5333 3961 5389 Sed
3999 5343 4055 5388 nt
4093 5350 4198 5387 non
4250 5349 4376 5390 cum

2772 5441 2840 5480 eo
2875 5424 3045 5478 lutum
3091 5425 3296 5480 diutius
3327 5433 3523 5489 teram,
3553 5424 3648 5480 sed
3681 5425 3809 5480 hinc
3858 5440 3946 5478 me
3995 5426 4378 5482 incunctanter

2772 5516 3082 5586 expediam,
3114 5516 3262 5571 dicat
3289 5516 3422 5570 mihi
3451 5532 3550 5571 cur
3579 5516 3770 5572 beatus
3802 5516 4100 5587 Gregorius
4126 5515 4178 5570 in
4222 5517 4373 5572 ordi-

2775 5607 2993 5662 natione
3019 5607 3314 5661 missarum
3345 5606 3636 5676 specialem
3679 5605 3848 5675 hujus
3871 5605 3976 5660 diei
4018 5605 4240 5659 missam
4271 5620 4374 5676 po-

2775 5697 2905 5762 suit,
2935 5705 2986 5752 et
3018 5697 3330 5767 vigiliarum
3358 5697 3675 5768 Epiphaniae
3728 5697 3946 5752 nomine
3974 5695 4240 5751 titulavit?
4264 5694 4376 5751 Cur

2777 5789 2960 5859 itaque
2991 5787 3206 5857 vigilias
3236 5789 3502 5853 nominat,
3533 5789 3586 5843 in
3617 5789 3815 5859 quibus
3847 5787 4096 5844 ciborum
4144 5788 4372 5846 liberta-
