5882 6576
214 41 1936 267 ,-

38 6431 479 6561 >›

2425 463 2532 550 βθῖ

2891 464 2948 518 s.
2974 444 3177 518 parin
3223 441 3505 517 manu!
3554 459 3709 536 ore.
3751 456 3989 547 TOMUS
4020 456 4954 531 suu-mns,1tt.—oruscu..i
4995 463 5222 519 VARIA.

5572 469 5672 526 804

2424 588 2532 635 tem
2560 591 2788 630 censura
2808 574 2995 642 jejunii
3023 590 3126 628 non
3155 573 3425 645 castigat?
3457 569 3665 627 Etcum
3691 571 3998 641 vigiliarum
4035 585 4079 643 Α
4113 573 4218 644 tjus
4242 575 4444 648 vivere,
4487 569 4852 643 Spiritualibus
4875 579 4977 633 hoc
5018 578 5291 635 ferendum
5321 589 5420 644 est,
5454 594 5556 637 non
5585 599 5670 640 se-

2422 669 2603 722 miesae
2627 681 2840 735 semper
2862 667 2992 718 hora
3041 654 3273 720 nona‘ex
3311 663 3679 719 ecclesiastica
3719 671 4007 741 consuetu-

2420 758 2545 812 dine
2577 756 2936 818 celebrentur,
2989 765 3049 808 ut
3083 757 3338 810 nimirum
3381 755 3448 809 ad
3478 754 3860 823 subsequentis
3897 753 4002 808 diei

2425 847 2711 902 videantur
2736 828 2996 901 solemnia
3035 833 3336 916 pertinere;
3383 862 3484 901 cur
3515 845 3650 922 haec
3695 846 4000 916 vigiliarum

2417 938 2584 992 missa
2607 939 2841 1002 dicatur,
2865 954 2985 1007 qurc
3016 941 3149 993 hora
3168 941 3322 992 tertia
3341 939 3550 994 scilicet
3567 947 3691 993 ante
3714 939 4000 1007 prandium

2418 1027 2713 1090 celebrata,
2746 1011 3082 1096 nequaquam
3109 1030 3350 1097 sequenti
3381 1028 3486 1082 diei
3526 1027 3760 1082 militare
3785 1030 4001 1098 conspi-

2416 1117 2591 1170 citt'nr?
2629 1118 2953 1188 Perqnirant
2976 1120 3148 1188 igitur
3199 1120 3564 1176 manducones
3600 1120 3771 1174 nostri
3833 1122 3999 1175 totius

2416 1208 2627 1262 annalis
2656 1209 2842 1262 circuli
2874 1209 3113 1278 singulos
3139 1210 3278 1274 dies,
3302 1217 3355 1264 et
3389 1224 3511 1263 cum
3546 1224 3813 1278 nusquam
3847 1225 3998 1280 repe-

2416 1296 2585 1350 rerint
2609 1297 2820 1367 vigilias
2848 1297 2978 1361 dici,
3017 1300 3068 1352 in
3097 1299 3291 1368 quibus
3329 1301 3504 1355 missa:
3532 1301 3766 1356 debeant
3795 1301 3998 1370 absque

2409 1383 2614 1458 jejunio
2665 1388 2950 1454 celebrari,
3004 1390 3312 1444 necessario
3361 1389 3660 1455 fateantur,
3713 1393 3764 1446 in
3799 1394 3996 1464 vigiliis

2414 1473 2725 1543 Epiphania:
2754 1491 2874 1531 cum
2893 1477 3256 1533 celebratione
3273 1480 3580 1541 missarum,
3598 1479 3988 1538 celebrandum

2409 1576 2651 1633 quoque,
2673 1573 2880 1620 remota
2907 1567 3051 1620 omni
3076 1567 3371 1632 dubietate,
3395 1569 3684 1640 jejunium.

2528 1670 2551 1681 ’
3027 1676 3255 1734 CAPUT
3281 1678 3368 1732 lll.
3461 1679 3464 1681 ’

2407 1739 2581 1797 Curi»
2607 1743 2836 1799 Sabbato
2848 1762 2912 1800 ea:
2933 1747 3067 1800 benti
3091 1746 3326 1802 Silvestri
3341 1751 3592 1804 sententia
3606 1751 3984 1821 jejunandum.

2476 1831 2777 1898 Praeterea,
2820 1836 2887 1889 de
2933 1829 3170 1904 paschali
3194 1852 3406 1907 quoque
3434 1837 3668 1906 Sabbato
3697 1841 3838 1910 quod
3877 1842 3988 1896 Do-

4109 664 4420 733 quendum;
4451 680 4517 720 ne
4541 666 4584 719 si
4615 675 4741 722 tunc
4774 669 4859 722 isti
4905 673 5180 726 sumendis
5205 672 5426 741 dapibus
5465 685 5669 739 vacant,

4107 769 4227 808 cum
4267 757 4446 811 adhuc
4501 757 4724 826 apostoli
4780 774 4968 815 omnes
5013 764 5242 831 plorant,
5293 762 5359 818 ab
5387 777 5569 819 eorum
5613 779 5670 820 se

4104 855 4272 913 castu,
4295 848 4456 917 _quod
4487 849 4644 913 absit,
4683 861 4926 905 exsortes
4959 854 5262 908 ostendant.

4717 959 4944 1016 CAPUT
4979 959 5072 1013 IV.

4102 1041 4211 1096 Cur
4239 1043 4294 1098 in
4335 1043 4513 1105 viqilia
4556 1050 4953 1102 resurrectionis
4999 1048 5205 1102 Damius
5251 1048 5428 1107 Gloria
5477 1052 5527 1108 in
5578 1068 5665 1110 ex-

4619 1118 4790 1172 celsis“
4812 1119 4918 1172 Deo
4945 1129 5183 1172 canatur.

4170 1202 4280 1260 Nec
4316 1203 4468 1261 nobis
4508 1207 4798 1277 objiciatur
4837 1210 4980 1279 quod
5015 1219 5140 1266 tunc
5174 1211 5228 1266 in
5271 1213 5553 1270 missarum
5584 1232 5664 1272 so-

4099 1296 4312 1351 lemniis
4335 1298 4537 1353 'Gloria
4569 1300 4624 1354 in
4654 1302 4871 1355 excelsis
4904 1302 5010 1356 Deo
5036 1304 5284 1358 canitur:
5333 1304 5435 1360 hoc
5474 1310 5661 1380 quippe

4099 1401 4198 1457 pro
4225 1386 4569 1457 baptizandis
4595 1393 4790 1460 agitur,
4822 1400 4878 1445 ut
4910 1394 5166 1447 nimirum
5196 1393 5533 1452 illucescente
5553 1399 5658 1467 jam

4099 1479 4523 1534 resurrectionis
4551 1479 4742 1548 gloria,
4770 1482 4823 1535 in
4855 1492 5028 1538 morte
5063 1483 5274 1540 Domini
5305 1486 5559 1556 baptizari
5587 1488 5660 1545 vl-

4096 1561 4325 1620 deantur
4353 1564 4530 1636 (Rom.
4559 1569 4670 1639 vi);
4705 1569 4929 1638 ideoque
4968 1571 5152 1636 missa,
5182 1588 5300 1642 qua:
5332 1573 5469 1629 intra
5496 1575 5657 1646 ipsum

4095 1653 4236 1710 diem
4261 1658 4597 1726 prohibetur,
4630 1671 4786 1718 nocte
4808 1659 5071 1716 celebrari
5112 1665 5440 1734 pmcipitur.
5468 1665 5538 1722 Ut
5578 1667 5656 1722 ni-

4097 1743 4291 1798 mirum
4325 1745 4377 1800 in
4403 1747 4636 1816 quodam
4688 1749 5004 1813 meditulllo,
5048 1750 5175 1805 hinc
5216 1751 5402 1807 mortis
5444 1751 5655 1818 Christi,

4096 1831 4220 1888 inde
4247 1837 4687 1905 resurrectionis,
4722 1839 4991 1910 generalis
5016 1839 5274 1909 baptismi
5306 1843 5659 1903 constituatur

2407 1921 2628 1978 minime
2656 1925 3074 1979 resurrectionis
3120 1925 3346 1995 gloriam
3379 1929 3672 1994 antecedit,
3705 1931 3986 1998 perspicua
4021 1926 4063 1984 Β
4092 1923 4331 1979 salutare
4371 1928 4712 1995 mysterium.
4765 1929 4820 1994 In
4865 1931 5121 1999 baptismi
5179 1931 5438 2001 siquidem
5485 1947 5656 1988 sacra-

2403 2002 2543 2078 ratip
2572 2021 2672 2077 est,
2725 2015 2852 2083 quia
2904 2015 3150 2070 districte
3197 2017 3391 2072 debeat
3435 2016 3691 2088 jejunari.
3755 2018 3888 2073 Nam
3935 2020 3980 2074 si

2401 2101 2608 2154 auctori
2639 2102 2762 2155 vitae
2796 2111 3007 2156 mortuo
3030 2118 3094 2156 ac
3121 2105 3330 2173 sepulto
3359 2111 3433 2176 ut!
3448 2121 3636 2160 revera
3666 2108 3783 2178 ejus
3813 2124 3981 2162 mem-

2402 2188 2497 2245 bra
2529 2192 2907 2261 cetnpatimur,
2933 2194 2980 2246 si
3014 2195 3066 2247 in
3097 2196 3481 2263 discipulorum
3510 2198 3738 2270 collegio
3773 2203 3980 2255 consti-

2402 2279 2503 2344 tuti
2532 2295 2636 2333 una
2662 2297 2785 2336 cum
2818 2283 3077 2351 apostolis
3099 2284 3482 2351 lamentamur",
3519 2298 3674 2357 turpe
3704 2292 3851 2345 estsi
3884 2307 3984 2347 nos

2397 2368 2565 2438 pleno
2602 2379 2874 2426 ructemus
2904 2372 3106 2428 ferculo
3165 2391 3285 2428 cum
3332 2377 3444 2441 ille,
3499 2393 3659 2446 quem
3710 2361 3976 2446 ﬂevitnus,

2398 2459 2574 2514 adhuc
2597 2459 2778 2529 jaceat
2802 2463 2854 2515 in
2885 2464 3150 2533 sepulcro.
3200 2466 3447 2536 Apostoli
3489 2470 3776 2538 siquidem,
3832 2470 3980 2526 Scri-

2397 2557 2551 2619 ptura
2587 2559 2838 2615 testante,
2872 2554 3057 2607 tandiu
3094 2567 3308 2608 mortuo
3370 2557 3597 2611 Domino
3629 2561 3975 2628 compatiun-

2397 2649 2485 2692 tur
2508 2641 2560 2694 in
2592 2640 2758 2706 luctu,-
2791 2658 3074 2712 quousque
3098 2660 3384 2717 resurgens
3410 2651 3533 2716 pust
3552 2649 3806 2714 triduum,
3839 2665 3978 2704 novo

2393 2727 2801 2786 imtiﬁcarentnr
2854 2744 3072 2801 aspectu
3125 2734 3339 2802 (Matth.
3375 2752 3578 2797 xxvm;
3629 2737 3799 2791 Marc.
3850 2756 3972 2803 xvt;

2391 2817 2524 2871 Luc.
2564 2835 2722 2886 xxtv;
2751 2820 2910 2876 Joan.
2948 2826 3058 2888 xx).
3085 2822 3191 2879 Sed
3225 2841 3344 2889 nos,
3380 2837 3437 2880 ut
3467 2828 3533 2881 ab
3562 2828 3720 2897 hujus
3754 2838 3975 2884 contro-

2388 2909 2597 2964 versia!
2624 2911 2866 2966 molestia
2892 2909 3167 2976 ferientur,
3199 2914 3519 2969 advocatum
3555 2918 3760 2970 ventris
3809 2920 3874 2970 ad
3909 2919 3968 2972 Β.

2391 2997 2984 3055 Silvestritestimnnia
3017 3001 3290 3055 definitiva
3327 3005 3775 3058 transmittimus:
3817 3007 3972 3074 cujus

2390 3087 2578 3156 utique
2609 3088 2845 3143 verbissi
2863 3087 2998 3144 fides
3021 3090 3323 3152 adhibetur,
3349 3102 3542 3146 cuncta
3573 3094 3820 3161 protinus
3835 3096 3973 3152 iuu-r

2389 3192 2488 3231 nos
2509 3176 2688 3247 jurgja
2731 3180 3141 3249 conquiescunt.
3197 3181 3445 3236 Silvestri
3494 3184 3760 3250 siquidem
3809 3187 3970 3241 verba

4088 2025 4286 2079 mento,
4304 2017 4371 2070 ad
4396 2017 4753 2074 imitationem
4775 2021 4975 2076 Christi
4996 2031 5050 2077 et
5074 2023 5334 2078 morimur
5352 2035 5407 2080 et
5429 2027 5656 2098 resurgi-

4085 2119 4224 2164 mus.
4242 2105 4522 2171 lrlorimur,
4538 2108 4664 2162 dum
4685 2110 4737 2162 in
4759 2125 4950 2180 aquam
4969 2114 5290 2183 mergimur;
5316 2117 5650 2186 resurgimus,

4085 2194 4211 2247 dum
4239 2195 4504 2250 lavamur.
4524 2196 4677 2253 Unde
4691 2200 4816 2254 dicit
4833 2199 5151 2270 Apostolus:
5175 2223 5192 2254 ι
5213 2203 5522 2274 Quicunque
5533 2205 5652 2272 bap-

4085 2283 4232 2336 tizati
4262 2285 4513 2339 sumusin
4543 2285 4918 2363 Christoiesu,
4948 2289 5003 2344 in
5029 2300 5202 2346 morte
5218 2291 5383 2362 ipsius
5405 2293 5650 2363 baptizati

4080 2386 4285 2428 sumus.
4303 2374 4611 2446 Consepulti
4627 2362 4767 2432 enim
4783 2394 4969 2434 sumus
4986 2395 5108 2434 cum
5125 2381 5214 2436 illo
5229 2397 5324 2451 per
5335 2362 5649 2454 baptismum

4077 2467 4136 2524 in
4159 2478 4353 2531 morte,
4375 2477 4434 2522 ut
4473 2471 4740 2539 quomodo
4779 2466 5276 2530 surrexitChristus
5312 2491 5408 2545 per
5433 2477 5649 2548 gloriam

4081 2559 4280 2624 Patris,
4304 2560 4374 2612 ita
4411 2570 4465 2615 et
4489 2548 4591 2617 nos
4619 2564 4671 2615 in
4698 2565 4932 2618 novitate
4955 2565 5077 2620 vita:
5114 2567 5445 2621 ambulemus
5477 2567 5646 2637 (Rom.

4081 2652 4178 2720 vn).
4206 2671 4224 2704 ι
4259 2653 4338 2705 Ad
4372 2654 4473 2707 hoc
4500 2653 4655 2722 plane
4686 2657 4737 2709 in
4769 2656 5002 2712 salutare
5024 2657 5293 2714 lavacrum
5341 2661 5646 2730 mergimur,

4078 2748 4132 2791 ut
4163 2740 4399 2808 peccatis
4428 2743 4678 2795 omnibus
4709 2745 5040 2808 moriamur;
5071 2747 5135 2798 ad
5170 2747 5272 2800 hoc
5295 2748 5564 2817 erigimur,
5587 2760 5646 2802 ut

4075 2839 4464 2899 consurgentes
4501 2830 4735 2896 Christo,
4785 2833 4882 2888 soli
4927 2833 5156 2903 justitize
5201 2837 5266 2891 de
5316 2849 5506 2893 cetero
5536 2837 5641 2907 jam

4073 2918 4258 2973 vivere
4297 2920 4614 2986 debeamus,
4647 2923 4786 2977 sicut
4808 2923 4950 2978 idem
4973 2924 5105 2978 dicit
5140 2925 5459 2995 Apostolus:
5497 2945 5516 2979 ι
5553 2925 5640 2998 Je-

4074 3023 4170 3062 sus
4197 3010 4448 3065 Christus
4482 3023 4727 3067 mortuus
4756 3022 4838 3068 est
4871 3023 5092 3084 propter
5135 3015 5326 3070 delicta
5356 3029 5558 3091 nostra,
5589 3029 5641 3074 et

4075 3102 4376 3153 resurrexit
4401 3111 4626 3170 propter
4637 3097 5081 3170 iustificationem
5106 3115 5344 3160 nostram
5369 3105 5576 3178 (1ὸῐά.).
5614 3126 5632 3158 ι

4077 3192 4228 3248 Unde
4243 3204 4294 3248 et
4311 3195 4498 3248 eadem
4523 3195 4687 3250 missa
4711 3197 4870 3250 simul
4890 3197 5101 3252 videtur
5115 3213 5233 3253 esse
5253 3197 5638 3269 quodammodo

2385 3278 2542 3320 sunt:
2576 3263 2854 3334 Siomnis,
2888 3269 3082 3338 inquit,
3110 3270 3224 3324 dies
3255 3271 3567 3335 Dominicus
3594 3288 3755 3327 causa
3787 3290 3967 3329 resur-
3996 3262 4038 3319 (ἶ
4070 3285 4556 3355 quadragesimalis
4605 3295 4768 3356 atque
4820 3289 5122 3358 paschalis;
5177 3262 5301 3346 dum
5361 3290 5634 3361 pestquam

2388 3361 2651 3416 rectionis
2678 3362 2888 3420 Domini
2948 3372 3160 3419 tenetur
3187 3374 3243 3419 et
3273 3368 3490 3432 colitur,
3533 3366 3741 3436 justum
3773 3379 3856 3425 est
3904 3382 3963 3426 ιιι

2383 3453 2581 3509 omnis.
2619 3453 2980 3509 Sabbatorum
3041 3455 3158 3511 dies
3212 3473 3375 3511 causa
3438 3459 3728 3528 sepultura:
3769 3463 3962 3530 jejunii

2384 3542 2716 3609 suscipiatur
2767 3543 3052 3608 instantia;
3111 3543 3397 3601 utflentes
3430 3561 3553 3601 cum
3602 3551 3861 3618 apostolis
3896 3552 3963 3606 de

2383 3638 2559 3683 morte
2591 3629 2822 3693 Domini,
2846 3631 3083 3700 gaudere
3132 3647 3254 3687 eum
3311 3635 3392 3689 eis
3448 3635 3513 3690 de
3566 3641 3963 3694 resurrectione

2379 3732 2706 3772 mereamur.
2737 3720 2805 3772 Et
2832 3737 3052 3775 rursus:
3089 3722 3144 3776 Si
3181 3724 3359 3777 omnis
3384 3723 3695 3800 Dominicus
3722 3726 3839 3781 dies
3871 3744 3957 3783 re-

2379 3808 2737 3863 surrectionis
2780 3810 3023 3864 creditur
3051 3810 3219 3880 gloria
3277 3799 3585 3879 decoratus,
3638 3819 3814 3873 omnis
3866 3820 3958 3890 qui

2377 3898 2651 3952 antecedit
2675 3913 2821 3964 eum,
2850 3899 2966 3954 dies
2999 3899 3220 3956 Sabbati
3247 3904 3540 3972 sepulturae
3564 3905 3772 3975 jejunio
3802 3924 3955 3963 man-

2377 3986 2639 4053 cipandus
2665 3994 2771 4050 est.
2804 3989 3070 4043 utmerito
3087 3992 3838 4059 gaudeatderesurrectione,
3863 4001 3960 4068 qui

2374 4075 2442 4130 de
2456 4085 2628 4130 morte
2644 4076 2954 4144 ploraverit.
2975 4080 3179 4144 Quibus
3195 4082 3435 4150 profecto
3451 4085 3765 4150 verbis,tam
3783 4090 3958 4158 planis

2375 4179 2440 4217 ac
2469 4174 2688 4233 propter
2712 4165 2894 4220 tardos
2917 4166 3284 4237 multipliciter
3313 4171 3619 4238 inculcatis,
3651 4176 3782 4229 nihil
3813 4195 3840 4230 a
3871 4195 3956 4235 me

2373 4245 2730 4320 adjicienddm
2761 4252 2907 4307 aliud
2937 4255 3112 4320 video,
3145 4257 3251 4311 nisi
3303 4259 3405 4314 hoc
3456 4269 3704 4316 tantum:
3753 4266 3877 4333 quia
3906 4269 3951 4322 si

2371 4351 2590 4396 sanctus
2617 4341 2706 4397 ille
2729 4343 2812 4396 vir
2834 4353 3055 4416 prepter
3099 4346 3226 4402 illud
3255 4366 3418 4404 unum
3452 4352 3748 4408 Dominicaa
3771 4357 3924 4427 sepul

2375 4440 2508 4486 tum:
2532 4430 2850 4497 Sabbatum,
2887 4438 3070 4491 omnia
3101 4439 3267 4493 totius
3298 4443 3420 4495 anni
3479 4443 3714 4499 Sabbata
3742 4446 3948 4515 jejunio

2369 4521 2596 4580 dicanda
2619 4534 2936 4591 percenset;
2967 4525 3092 4581 dum
3121 4527 3248 4583 illud
3265 4545 3452 4595 unum,
3486 4535 3628 4601 quod
3649 4533 3947 4607 principale

4068 3373 4283 3427 ailcluia
4320 3377 4564 3440 canitur,
4594 3392 4716 3432 mox
4747 3379 4910 3432 etiam
4936 3388 5162 3445 tractus,
5197 3380 5286 3450 qui
5335 3381 5634 3452 Quadrage-

4068 3461 4218 3516 sima:
4246 3464 4498 3532 prOprius
4527 3474 4632 3530 est,
4661 3467 4972 3523 adhibetur.
5007 3467 5160 3536 Quod
5187 3470 5234 3524 si
5281 3469 5484 3526 Pascha
5515 3486 5630 3526 om-

4067 3552 4195 3606 nino
4214 3554 4538 3622 completum
4567 3569 4688 3610 esse
4713 3565 4836 3627 post
4861 3559 5106 3620 missam,
5130 3560 5438 3614 adversario
5461 3562 5632 3630 pervi-

4063 3646 4267 3702 caciter
4294 3649 4595 3714 adnitente,
4646 3651 4960 3718 persistitur
5005 3667 5149 3718 ;nos
5195 3653 5247 3706 in
5298 3652 5491 3706 lnctam
5528 3669 5628 3707 non

4027 3736 4200 3805 _nltra
4225 3738 4633 3806 protrahimur;
4667 3741 4769 3794 hoc
4791 3749 4967 3796 tamen
5018 3751 5198 3811 pacto,
5246 3750 5303 3795 ut
5345 3758 5467 3797 esus
5510 3759 5627 3797 car-

4059 3830 4206 3883 nium
4239 3830 4392 3884 laicis
4418 3831 4666 3899 protinus
4699 3832 4998 3887 invadatur.
5047 3831 5157 3886 Nec
5185 3832 5327 3887 enim
5357 3847 5518 3887 causa
5547 3842 5628 3889 est

4059 3933 4156 3972 cur
4194 3919 4417 3973 libertas
4455 3921 4728 3988 paschalis
4765 3920 4871 3976 cibi
4919 3921 5196 3976 differatur
5237 3921 5290 3976 in
5335 3932 5623 3992 posterum,

4058 4023 4180 4061 eum
4209 4008 4440 4072 Pascha,
4471 4010 4611 4064 sicut
4641 4011 4859 4075 dicitur,
4908 4013 4974 4065 sit
5014 4013 5238 4067 omnino
5282 4014 5620 4084 completum.

4058 4098 4211 4164 Quod
4241 4099 4288 4154 si
4338 4100 4722 4156 ecclesiasticae
4775 4102 5070 4172 disciplina:
5113 4104 5391 4174 perspicue
5423 4105 5624 4159 videtur

4057 4188 4370 4253 adversum,
4404 4188 4638 4245 fateatur
4668 4181 4893 4247 necesse.
4934 4201 5016 4247 est
5067 4193 5423 4253 adversarius.
5476 4194 5620 4265 illum

4053 4281 4344 4350 sepulturae
4378 4282 4670 4338 Dominicae
4695 4285 4856 4349 diem,
4885 4299 4989 4338 non
5020 4284 5245 4347 Pascha,
5283 4286 5374 4339 sed
5408 4284 5621 4340 Pascha:

4051 4369 4230 4436 potius
4255 4385 4374 4425 esse
4401 4371 4628 4442 vigilias,
4662 4387 4723 4427 ac
4759 4388 4854 4442 per
4884 4373 4987 4428 hoc
5017 4389 5082 4428 ex
5109 4373 5404 4444 vigiliarum
5430 4373 5617 4428 saltem

4052 4460 4231 4530 regula
4258 4459 4464 4531 jejunio
4497 4463 4937 4530 mancipandam.

4579 4573 4994 4645 musam
5032 4574 5096 4629 v.

2367 4617 2451 4665 est
2499 4618 2662 4710 atque
2707 4613 3066 4710 Iprteeipuum,
3101 4616 3155 4670 in
3188 4618 3373 4689 epulas
3418 4621 3664 4690 solvitur,
3710 4603 3944 4695 qualiter
3975 4603 4022 4662 D
4053 4640 4205 4706 Quod
4231 4603 4690 4710 Sabbati-jejuna:

3287 4618 3373 4674 ’³³³
3418 4621 3664 4690 ⁸ο¹νίιυ¹⁵ι
3710 4627 3944 4695 qualiter
3975 4603 4022 4662 Β
4053 4640 4205 4706 Quod
4231 4603 4944 4710 Sabbati'jeiumgcrxsii
4964 4603 5164 4698 ivisione
5189 4645 5497 4698 celebratum
5517 4656 5610 4698 est.

2364 4699 2434 4755 ab
2464 4713 2530 4752 eo
2561 4700 2612 4752 in
2641 4700 2870 4769 reliqua,
2907 4700 3101 4767 forma,
3129 4705 3216 4760 vel
3268 4709 3544 4780 exemplar
3600 4714 3940 4774 abstinentia

2367 4789 2944 4864 transferetur?847
2996 4793 3323 4851 Constanter
3375 4799 3542 4870 igitur
3587 4807 3937 4862 asset-sudum

2365 4889 2470 4944 est,
2495 4879 2620 4948 quia
2654 4880 2796 4934 sicut
2824 4881 2938 4936 dies
2963 4881 3258 4940 Parasceve
3285 4896 3468 4942 sextas
3518 4891 3680 4946 totius
3707 4895 3835 4948 anni
3864 4896 3936 4951 fe-

2365 4968 2477 5024 rias
2502 4969 2859 5025 districtionis
2891 4985 3119 5027 censura
3165 4977 3442 5045 praecedit,
3485 4979 3624 5036 sicut
3674 4982 3937 5042 Resurre-

2363 5058 2560 5114 ctionis
2573 5058 2689 5114 dies
2711 5061 3070 5117 solemnitatis
3086 5062 3260 5134 gloria
3292 5066 3528 5139 reliquos
3548 5070 3664 5126 dies
3683 5071 3933 5130 Domini-

2361 5164 2457 5206 cos
2487 5151 2785 5217 antecellit;
2817 5153 2890 5207 ita
2914 5170 3131 5226 quoque
3157 5166 3213 5213 et
3246 5144 3571 5229 Sabbatum,
3604 5166 3777 5235 quod
3797 5167 3941 5224 inter

2361 5251 2653 5315 utrumque
2682 5247 2955 5308 consistit.
2986 5250 3270 5320 plusquam
3300 5264 3497 5312 caetera
3546 5257 3786 5316 Sabbata
3838 5263 3938 5318 sub

2359 5327 2700 5392 abstinentiae
2716 5338 2892 5408 rigore
2921 5355 3144 5408 necesse
3168 5353 3252 5398 est
3277 5347 3580 5404 observari.
3606 5350 3762 5409 Sicut
3786 5355 3934 5409 enim

2359 5424 2662 5485 Paraseeve
2689 5427 2871 5484 crucis
2908 5429 3025 5485 dies
3049 5431 3282 5499 doloris,
3314 5437 3394 5492 sic
3430 5447 3486 5493 et
3511 5438 3805 5497 Sabbatum
3844 5459 3935 5499 se-

2361 5516 2592 5607 pultura
2640 5520 2756 5575 dies
2789 5522 3103 5592 agnoscitur
3146 5534 3200 5579 et
3245 5530 3514 5586 mmmris.
3555 5532 3708 5600 Quod
3755 5535 3802 5590 si
3836 5551 3948 5607 pro.

2356 5604 2541 5662 labore
2565 5608 2632 5662 de
2658 5607 2946 5682 longinquo
2973 5613 3038 5668 ad
3069 5615 3321 5685 baptismi
3358 5620 3574 5677 lavacra
3603 5604 3931 5681 concurren-

2362 5696 2515 5763 tium,
2546 5697 2630 5753 vel
2660 5701 2995 5758 diversorum
3026 5706 3301 5761 debilitate
3331 5708 3599 5783 fragilium
3623 5717 3813 5772 eodem
3843 5719 3931 5774 die

2356 5788 2492 5856 apud
2514 5791 2774 5861 quosdam
2803 5808 2931 5850 usus
2965 5795 3182 5852 inolevit
3227 5798 3611 5870 aliquantulum
3647 5807 3929 5879 indulgen-

4121 4732 4242 4786 Mnx
4271 4742 4327 4786 ut
4367 4734 4466 4786 ista
4493 4735 4940 4804 conscripseram,
4992 4737 5120 4806 quid
5151 4737 5277 4790 mihi
5330 4752 5479 4799 casu,
5533 4736 5613 4793 vel

4048 4825 4228 4892 potius
4261 4824 4442 4877 divino
4469 4835 4598 4878 nutn
4626 4841 4785 4881 nosse
4823 4830 5132 4899 contigerit,
5158 4845 5261 4884 non
5287 4829 5490 4884 celabo.
5524 4830 5590 4884 Se

4047 4915 4168 4968 nior
4193 4915 4408 4984 quidam
4456 4914 4642 4982 frater,
4676 4921 4766 4988 qni
4809 4920 4920 4987 jam
4967 4937 4996 4974 a
5035 4921 5252 4992 triginta
5301 4920 5412 4977 fere
5461 4922 5611 4975 annis

4043 5005 4318 5060 eremitica
4354 5006 4544 5063 cellula
4573 5025 4702 5064 usus
4729 5011 4922 5071 fuerat,
4975 5013 5041 5066 ad
5069 5027 5155 5066 me
5189 5012 5362 5076 'venit,
5407 5023 5461 5065 et
5512 5011 5608 5067 soli

4043 5096 4302 5152 visionem
4325 5113 4444 5168 qua
4467 5099 4568 5154 sibi
4601 5101 4890 5163 acciderat,
4916 5102 5188 5170 patefecit.
5221 5101 5395 5174 Saepe,
5415 5104 5605 5173 inquit.

4042 5186 4318 5254 magister,
4353 5188 4406 5240 in
4437 5198 4488 5241 te
4523 5183 4815 5244 simultatis
4844 5199 4898 5244 et
4938 5193 5030 5246 ira:
5077 5191 5352 5247 stimulum
5389 5193 5604 5261 pertuli,

4040 5275 4163 5344 quia
4187 5276 4328 5330 diem
4361 5276 4580 5333 Sabbati
4602 5287 4884 5348 tantopere
4899 5291 4954 5334 ut
4972 5281 5312 5352 jejunaretur
5336 5282 5600 5345 instabas;

4039 5363 4243 5420 interea
4271 5367 4552 5436 concupivi
4609 5367 5038 5444 Hierosmymam
5085 5385 5342 5442 pergere;
5377 5385 5603 5439 cumque

4039 5453 4142 5508 hoc
4180 5456 4234 5509 in
4259 5456 4376 5510 dies
4388 5457 4657 5512 desiderio
4683 5456 4974 5514 ferventius
5000 5471 5302 5523 estuarem,
5321 5461 5601 5515 dormienti

4039 5544 4169 5598 mihi
4191 5544 4472 5619 Dominica
4509 5555 4666 5602 nocte
4694 5549 4932 5603 constitit
4969 5550 5021 5604 in
5054 5550 5261 5604 visione
5297 5539 5599 5618 splendidus

4038 5637 4256 5706 quidam
4305 5638 4554 5700 clericus,
4586 5649 4639 5692 et
4666 5639 4827 5694 dixit:
4860 5640 5054 5696 Frater
5071 5639 5327 5703 Joannes,
5350 5639 5428 5694 sic
5457 5639 5595 5694 enim

4036 5727 4348 5790 vocabatur,
4379 5726 4457 5779 vis
4488 5727 4669 5782 venire
4701 5727 5160 5801 Hierosolymam?
5192 5727 5284 5782 Cui
5316 5742 5438 5782 cum
5466 5725 5598 5782 velle

4031 5828 4118 5870 me
4167 5816 4588 5887 respondissem,
4634 5818 4876 5888 protinus
4925 5833 5009 5873 me
5045 5815 5165 5872 illuc
5197 5831 5294 5887 per
5334 5817 5593 5872 somnium
