5882 6570
1023 418 1132 483 805

1925 410 2170 468 OPUSC.
2212 407 2335 462 LV:
2368 435 2438 447 -
2468 404 2556 460 DE
2595 398 3085 459 CELEBRANDIS
3132 394 3426 452 ViGlLllS.

4226 383 4334 441 806

1028 535 1205 599 duxit,
1262 527 1545 598 multaque
1597 534 1913 582 sanctorum
1973 520 2219 590 sepulcra
2268 518 2615 576 circumiens.
2651 519 2693 575 Α
2726 523 2931 581 potest,
2966 521 3017 566 et
3050 510 3190 580 apud
3231 507 3588 580 quorumdam
3623 501 3982 556 cxamcn‘sub
4021 498 4336 554 festivitatis

1030 625 1284 696 quodque
1335 621 1488 689 cujus
1515 627 1660 673 esset
1691 614 2001 685 specialiter
2034 610 2369 680 designavit;
2408 608 2623 661 tandem

1033 716 1102 770 ad
1130 713 1438 783 sepulcrum
1481 707 1691 763 Domini
1722 706 1909 760 eodem
1947 702 2079 758 duce
2108 700 2360 769 perveni,
2396 708 2450 753 et
2498 712 2626 751 ecce

1033 813 1156 879 post
1179 803 1491 873 sepulcrum
1524 800 1703 854 stabat
1734 796 1954 866 quidam
1984 793 2215 848 clericus
2240 806 2432 845 serena
2467 789 2625 851 faeie,

1033 903 1089 949 et
1117 893 1340 961 pulcher
1386 897 1631 959 aspectu,
1685 885 2064 941 cervicetenus
2096 881 2234 936 stola
2264 879 2492 933 candida
2536 879 2628 930 de-

1033 992 1220 1038 center
1245 988 1495 1043 ornatus,
1527 978 1620 1047 qui
1652 978 1790 1030 dixit
1836 971 2003 1027 mihi:
2059 970 2140 1024 Tu
2186 970 2384 1025 nudius
2436 968 2628 1022 tertius

1041 1074 1316 1128 vivificam
1354 1084 1594 1132 crucem,
1645 1068 1901 1122 hesterno
1939 1075 2157 1132 quoque
2189 1061 2275 1114 die
2296 1057 2626 1130 sepulturam

1037 1165 1395 1227 Dominicam,
1419 1163 1546 1216 dum
1574 1158 1857 1228 jejunasti,
1919 1154 2194 1209 veraciter
2234 1148 2503 1206 adorasti.’
2548 1149 2625 1202 Ex

1037 1258 1159 1320 hoc,
1188 1263 1398 1310 remoto
1423 1253 1568 1308 omni
1599 1247 1852 1318 scrupulo
1878 1245 2189 1307 dubietatis,
2220 1255 2476 1312 agnosce,
2503 1241 2628 1309 quia

1045 1356 1102 1403 et
1131 1355 1284 1402 sexta
1311 1344 1447 1400 feria
1468 1355 1709 1400 crucem,
1743 1347 1795 1392 et
1825 1336 2062 1391 Sabhato
2092 1334 2400 1403 sepulcrum
2428 1329 2628 1385 Christi

1037 1436 1322 1492 verissime
1364 1433 1610 1489 celebras
1657 1439 1712 1485 et
1785 1428 2003 1491 adoras,
2070 1427 2115 1481 si
2173 1423 2466 1492 praedictos
2515 1421 2629 1474 dies

1036 1525 1243 1582 orando
1271 1533 1326 1579 et
1349 1521 1631 1595 psallendo
1647 1519 1881 1591 jejunas.
1916 1518 2034 1584 Quo
2058 1515 2311 1570 videlicet
2335 1515 2630 1567 instructus

1035 1615 1279 1682 oraculo,
1303 1625 1357 1670 et
1381 1612 1695 1670 scandalum
1721 1609 1865 1679 quod
1893 1608 2180 1661 adversum
2210 1612 2285 1667 te,
2311 1603 2496 1667 Pater,
2527 1601 2628 1654 ha-

1037 1707 1290 1773 bueram,
1316 1702 1560 1774 perdidi;
1594 1710 1651 1756 et
1685 1700 1942 1767 deinceps
1968 1695 2269 1750 Sabbatum
2298 1708 2404 1746 non
2433 1690 2630 1745 minori
2658 1696 2661 1697 '

1037 1796 1331 1865 devotione
1353 1809 1516 1865 quam
1547 1801 1756 1849 sextam
1780 1789 1993 1853 feriam,
2021 1788 2066 1843 si
2095 1785 2324 1840 facultas
2356 1791 2628 1854 suppetat,

2731 604 3016 672 praesentia
3055 600 3318 669 jejunium
3373 599 3513 660 vires
3565 611 3668 648 nou
3727 593 3917 650 habet.
3976 591 4068 648 scd
4121 600 4336 661 semper

2731 694 2998 750 festivitas
3045 689 3319 759 praevalet.
3374 687 3694 739 auferantur
3741 684 3902 752 igitur
3931 682 3997 734 de
4036 681 4243 734 octavis
4269 680 4331 733 Β.

2728 784 2951 838 Joannis
2980 781 3236 851 Baptista:
3270 779 3465 848 vigilim
3489 774 3858 844 apostolorum
3889 773 4035 826 Petri
4064 781 4120 825 et
4145 771 4331 831 Pauli;

2732 875 2797 926 de
2846 872 3057 925 octavis
3106 882 3319 937 quoque
3371 864 3648 919 Laurentii
3705 862 3959 929 martyris
4013 859 4211 928 vigili-ee
4270 856 4334 909 Β.

2731 965 2915 1018 Marize
2949 963 3170 1034 virginis
3217 961 3544 1020 eradantur;
3599 958 3650 1010 in
3697 953 4138 1022 Quadragesima:
4169 952 4337 1006 ctiant

2733 1056 3032 1125 majoribus
3078 1055 3383 1121 quibusque
3424 1048 3811 1103 festivitatibus
3842 1044 4065 1098 refectio
4098 1043 4339 1114 gemine-

2733 1159 2841 1203 tur.
2873 1137 3025 1214 Quod
3052 1147 3094 1199 si
3123 1147 3224 1198 hoc
3248 1141 3632 1199 ecclesiastica:
3660 1137 3857 1208 regula:
3885 1152 3990 1191 non
4018 1137 4338 1197 admittunt,

2731 1249 2786 1295 e't
2816 1241 3067 1301 mundus,
3100 1238 3191 1305 qui
3241 1239 3340 1290 sub
3383 1233 3696 1304 apostolicae
3755 1229 4062 1285 traditionis
4117 1227 4337 1281 i'xstitu-

2737 1330 2881 1396 tipne
2913 1327 3023 1395 jam
3056 1328 3254 1386 senuit,
3292 1325 3582 1379 neotericis
3616 1337 3960 1391 nequaquam
3992 1318 4340 1396 dogmatibus

2733 1421 3025 1489 acquievit,
3075 1417 3354 1471 fatendum
3393 1423 3477 1470 est
3513 1414 3875 1489 festivitates,
3917 1412 4020 1466 nisi
4054 1408 4341 1479 praecipua:

2733 1488 2862 1571 sint,
2911 1522 3016 1560 non
3047 1505 3401 1574 praejudicare
3441 1488 3686 1570 jejnniis,
3716 1512 3805 1564 ut,
3855 1515 3953 1555 suo
3993 1501 4192 1568 cuique
4216 1498 4342 1567 jure

2735 1604 2973 1659 servato,
3005 1603 3063 1648 et
3084 1584 3517 1647 ecclesiastieurn
3549 1607 3646 1660 pro
3677 1591 4020 1644 solemnitate
4048 1596 4344 1658 peragatur

2735 1687 2971 1742 ollicium
3003 1695 3060 1741 ct
3107 1685 3391 1755 castigatio
3437 1682 3736 1752 corporalis
3781 1697 3939 1736 suum
3987 1695 4094 1734 non
4125 1679 4346 1734 deserat

2738 1779 3071 1834 institutum.
3109 1775 3262 1832 Unde
3286 1784 3499 1830 constat
3530 1773 3656 1843 quia
3705 1774 3951 1841 quisquis
3976 1772 4208 1825 duorum
4231 1778 4344 1824 tam

1036 1885 1276 1959 jejunavi
1306 1857 1628 1958 [jejunabo].
1658 1881 1783 1938 Hmc
1817 1880 1949 1936 mihi
1975 1888 2198 1934 sanctus
2229 1875 2400 1931 frater
2425 1874 2629 1940 retulit,
2666 1861 2709 1920 Β
2740 1868 3131 1924 venerabilium
3182 1867 3584 1938 apostolorum,
3617 1863 3806 1917 Jacobi
3853 1860 4107 1948 videlicet
4138 1868 4191 1915 et
4216 1857 4342 1913 Phi.

1039 1992 1166 2034 cum
1208 1976 1322 2031 haec
1358 1989 1478 2043 quae
1517 1972 1806 2028 scribimus
1848 1979 1903 2024 et
1941 1979 2068 2023 tunc
2109 1967 2332 2022 omnino
2373 1966 2631 2026 nesciret,

1025 2075 1102 2124 'et
1121 2064 1298 2121 adhuc
1325 2079 1546 2134 prorsus
1581 2064 1808 2132 ignoret.

1107 2156 1407 2211 Enimvero
1428 2154 1494 2208 de
1520 2153 1706 2206 litania
1737 2150 1943 2220 majore
1975 2149 2210 2219 turpiter
2257 2163 2285 2201 a
2338 2145 2633 2211 nonnullis,

1041 2259 1098 2307 et
1127 2247 1565 2304 manifestissime
1585 2255 1772 2299 contra
1797 2255 2064 2297 canonum
2080 2239 2399 2295 sententias
2421 2238 2632 2308 agitur;

1039 2337 1169 2408 quia
1195 2337 1248 2391 in
1276 2351 1338 2390 ea
1369 2350 1465 2405 per
1489 2334 1831 2390 occasionem
1856 2331 2000 2386 beati
2033 2329 2222 2408 Marci,
2247 2327 2402 2396 cujus
2433 2329 2628 2382 eodem

1041 2407 1131 2487 die
1157 2427 1424 2483 festivitas
1445 2435 1548 2489 est,
1582 2440 1712 2479 non.
1735 2431 1970 2479 tenetur.
2003 2420 2109 2475 Sed
2136 2407 2266 2489 quia
2299 2418 2639 2488 conspirato-

1043 2519 1197 2575 ribus
1228 2516 1434 2573 ventris
1457 2523 1645 2570 nostra
1673 2527 1898 2583 prorsus
1929 2511 2161 2566 assertio
2190 2508 2482 2564 ludibrium
2507 2509 2641 2562 dici-

1051 2620 1160 2674 tur,
1186 2617 1246 2663 ut
1274 2605 1672 2676 subterfugium
1701 2605 1861 2667 desit,
1893 2604 2011 2671 ipsa
2039 2601 2302 2656 canonica
2340 2601 2642 2655 auctoritas

1047 2693 1372 2768 simpliciter
1397 2696 1681 2749 inferatur.
1714 2697 1804 2748 Ait
1839 2693 1985 2748 enim
2017 2693 2406 2760 'Maguntiense
2454 2690 2640 2755 conci-

1046 2789 1179 2844 lium
1204 2788 1356 2859 (cap.
1407 2781 1481 2856 5)
1513 2805 1526 2840 :
1555 2786 1765 2842 Placuit
1796 2785 1973 2849 nobis,
2009 2793 2068 2838 ut
2105 2783 2294 2837 litania
2329 2783 2501 2852 major
2546 2785 2656 2838 ob?

1045 2870 1319 2934 servanda
1347 2877 1414 2932 sit
1447 2893 1477 2930 a
1509 2877 1720 2931 cunctis
1766 2875 2096 2930 Christianis
2127 2889 2236 2929 uno
2264 2874 2371 2939 die,
2407 2875 2642 2944 septimo

1045 2968 1318 3025 Kalendas
1349 2967 1496 3033 Maii,
1535 2968 1678 3021 sicut
1713 2967 1764 3037 in
1796 2965 2041 3019 Romana
2086 2963 2326 3019 Ecclesia
2379 2965 2644 3018 constitu-

1049 3067 1162 3113 tum
1199 3057 1522 3127 reperimus,
1551 3065 1606 3110 et
1636 3055 1981 3110 sicut-sancti
2009 3053 2200 3108 Patres
2234 3054 2404 3110 nostri
2428 3054 2636 3107 consti-

1049 3154 1269 3204 tuerunt
1287 3166 1298 3200 :
1318 3161 1424 3201 non
1443 3145 1757 3216 equitando,
1778 3158 1883 3198 non
1905 3143 2158 3214 pretiosis
2169 3142 2414 3197 vestibus
2430 3142 2603 3196 induti
2621 3160 2636 3207 ;

2736 1964 2888 2036 lippi,
2936 1965 3150 2034 Vigilias
3193 1963 3439 2034 jejunare
3475 1963 3758 2018 detrectat,
3795 1943 3996 2012 nonad
4029 1955 4130 2010 hoc
4161 1967 4347 2008 amore

2738 2056 3049 2110 festivitatis
3097 2054 3392 2115 inducitur,
3428 2061 3521 2106 Sed
3567 2051 3722 2120 juxta
3772 2046 4160 2102 rhetoricantis
4207 2041 4348 2110 gula:

2738 2157 2851 2200 sua:
2894 2145 3184 2200 consilium
3229 2142 3466 2197 molliter
3499 2139 3711 2217 viven‘di
3745 2138 4014 2199 suavitate
4053 2135 4347 2189 mulcetur.

3368 2249 3597 2305 CAPL'T
3643 2249 3725 2302 Vl.

2887 2322 3162 2391 Quomodo
3194 2323 3254 2377 Β.
3286 2322 3519 2375 Jacobus
3552 2317 3818 2389 apostolus
3848 2327 4087 2371 mortuus
4113 2315 4199 2369 sit.

2813 2417 3086 2472 Praeterea
3137 2425 3192 2471 et
3232 2415 3372 2469 beati
3405 2413 3615 2479 Jacobi,
3647 2413 3736 2482 qui
3773 2411 3942 2464 frater
3985 2417 4071 2465 est
4115 2421 4351 2478 evange-

2744 2510 2878 2565 lista:
2909 2497 3158 2572 Joannis,
3196 2508 3441 2578 plerique
3490 2506 3700 2577 vigilias
3730 2503 4148 2574 parvipendunt,
4181 2511 4236 2555 et
4277 2501 4351 2555 ir-

2744 2609 3063 2656 reverenter
3093 2614 3156 2653 ac
3187 2598 3589 2652 inconsiderate
3618 2595 3952 2649 transiliunt.
3985 2592 4049 2646 Et
4091 2594 4193 2647 hoc
4225 2591 4348 2645 ideo

2744 2691 2976 2746 fortasse
3024 2690 3390 2761 praesumitur,
3421 2689 3548 2756 quia
3581 2703 3688 2741 non
3727 2701 3826 2740 suo
3868 2675 4350 2752 tempore'cadcm

2745 2785 3013 2840 festivitas
3043 2783 3373 2837 celebratur.
3421 2780 3578 2834 Sicut
3621 2779 3762 2833 enim
3797 2778 3850 2830 in
3877 2776 4105 2830 Actibus
4135 2781 4351 2842 apostov

2745 2872 3145 2938 lorum,‘Luca
3207 2881 3476 2935 testante,
3531 2872 3849 2933 didicimus,
3905 2870 4049 2923 circa
4097 2864 4350 2936 paschale

2747 2977 2964 3036 tempus
2992 2963 3053 3016 Β.
3081 2964 3317 3019 Jacobus
3347 2964 3412 3017 ad
3460 2962 3670 3016 Herode
3695 2970 3778 3014 est
3805 2961 4184 3028 interemptus.
4216 2955 4348 3011 Nam

2746 3072 2869 3111 cum
2915 3056 3269 3126 praemisisset
3301 3073 3315 3108 :
3352 3073 3368 3105 ‹
3405 3054 3542 3120 Quia
3590 3053 3788 3110 occidit
3839 3050 4083 3105 Herodes
4124 3049 4350 3102 fratrem

2746 3146 2972 3212 Joannis
3014 3146 3223 3216 gladio;
3273 3165 3291 3198 ›
3341 3144 3501 3214 paulo
3544 3153 3668 3214 post
3709 3142 3933 3197 intulit:
3966 3160 3984 3192 ι
4013 3141 4144 3195 Erat
4170 3148 4351 3195 autem

1054 3238 1154 3294 sed
1185 3236 1368 3292 cinere
1398 3233 1605 3303 aspcrsi
1652 3243 1707 3287 ct
1747 3211 1926 3285 cilicio
1974 3230 2146 3284 induti
2171 3228 2498 3298 jejunemus,
2531 3229 2633 3284 nisi
2667 3211 2711 3271 (ἶ
2742 3211 2859 3296 dies
2886 3211 3218 3307 Azymornm
3249 3211 3389 3307 (Act.
3426 3211 3600 3303 “1)::
3631 3231 3790 3288 Circa
3819 3232 3960 3286 idem
3982 3245 4111 3286 vero
4143 3239 4357 3301 tempus

1053 3326 1346 3382 infirmitas
1369 3311 1698 3395 impedierit.
1728 3322 1797 3374 At
1825 3322 1868 3376 si
1893 3321 1978 3375 cui
2003 3320 2302 3374 adhucista
2342 3321 2640 3375 auctoritas

1048 3417 1192 3473 forte
1218 3431 1324 3472 non
1356 3415 1575 3480 suﬂicit,
1608 3413 1843 3468 subiciat
1867 3412 2024 3466 sedes
2068 3411 2384 3480 apostolica,
2409 3409 2644 3466 sufficiat

1048 3519 1106 3566 et
1134 3509 1310 3580 ampla
1347 3507 1538 3572 Roma,
1562 3522 1683 3577 qum
1707 3506 1810 3560 hoc
1827 3505 2095 3575 jejunium
2128 3519 2236 3558 non
2262 3504 2423 3558 modo
2447 3504 2639 3558 decre-

1051 3600 1179 3656 talis
1207 3601 1415 3669 paginae
1441 3596 1876 3668 promulgatione
1922 3583 2271 3655 corroborat,
2302 3594 2394 3649 sed
2430 3605 2488 3650 et
2517 3596 2637 3649 viva

1047 3691 1331 3747 annuatim
1353 3689 1703 3759 veneratione
1718 3697 2024 3741 conservat.
2052 3685 2152 3741 Ubi
2191 3685 2490 3739 notandum
2516 3687 2641 3754 quia

1055 3781 1289 3852 gemina:
1348 3778 1652 3842 festivitati,
1707 3777 1880 3832 sancti
1931 3775 2184 3829 videlicet
2244 3773 2430 3837 Marci,
2483 3783 2646 3843 atque

1047 3872 1426 3936 Pentecostes,
1462 3870 1602 3923 intra
1656 3866 1806 3935 cujus
1860 3865 2094 3934 spatium
2146 3865 2345 3934 saepius
2390 3864 2506 3918 dies
2543 3865 2644 3918 ista

1047 3961 1417 4025 concluditur,
1451 3958 1716 4029 jejunium
1752 3957 1925 4012 sancti
1955 3956 2148 4011 Patres
2174 3956 2472 4025 praevalere
2517 3972 2642 4011 san-

1049 4062 1288 4118 xerunt;
1338 4053 1414 4106 ita
1469 4048 1647 4106 tamen
1699 4061 1756 4104 ut
1809 4050 2239 4106 ecclesiasticum
2296 4050 2650 4106 nihilominus

1057 4141 1295 4199 cilicium
1319 4141 1636 4196 solemniter
1659 4141 1968 4211 impleatur.

1129 4230 1283 4288 Unde
1327 4240 1384 4286 et
1428 4220 1556 4285 illud
1612 4231 1852 4300 graviter
1906 4231 2165 4296 ferimus,
2222 4233 2347 4300 quia
2401 4231 2648 4302 plerique

1050 4320 1469 4395 ωτι-ειπερ,
1501 4320 1627 4374 dum
1656 4321 1905 4390 jejunare
1952 4322 2006 4375 in
2050 4324 2332 4377 beatorum
2379 4324 2649 4393 apostolo-

1052 4427 1178 4468 rum
1204 4410 1436 4480 Philippi
1466 4418 1523 4465 et
1541 4409 1728 4466 Jacobi
1756 4410 1953 4480 vigiliis
1982 4401 2423 4481 perhorrescunt,
2455 4415 2650 4469 solem-

1053 4507 1285 4574 nitatem
1324 4504 1674 4561 Pentccostes
1722 4505 1776 4559 in
1815 4506 2224 4560 excusationem
2269 4519 2383 4560 sua:
2420 4503 2652 4560 dissolu-

1054 4599 1222 4655 tionis
1245 4605 1545 4668 opponunt,
1569 4596 1811 4652 dicentes
1838 4610 1943 4652 non
1971 4598 2167 4663 debere
2194 4612 2521 4667 quemquam
2551 4597 2651 4652 sub

1048 4690 1399 4762 jejuniorum
1436 4699 1561 4746 tunc
1608 4704 1836 4745 censura
1895 4690 2186 4762 constrigi,
2250 4706 2374 4745 cum
2439 4701 2653 4761 tempus

1056 4782 1228 4838 dictet
1274 4780 1621 4852 paschalibus
1673 4782 1851 4850 potius
1899 4781 2109 4850 gaudiis
2160 4782 2392 4851 epulari.
2446 4781 2655 4849 Quibus

1056 4874 1334 4929 succincte
1365 4884 1429 4924 ac
1457 4870 1693 4924 breviter
1721 4886 1820 4941 ego
1849 4871 2149 4940 respondeo
2181 4872 2462 4940 quoniam,
2501 4872 2547 4926 si
2575 4871 2653 4927 sic

1059 4963 1278 5019 inimica
1311 4971 1440 5018 sunt
1480 4962 1712 5016 invicem
1740 4971 1795 5018 et
1834 4960 2158 5020 festivitates
2196 4962 2452 5018 Ecclesia:
2479 4973 2535 5017 et
2561 4978 2641 5019 ec-

1057 5052 1600 5123 clesiastiae‘jcjunia
1621 5053 1937 5124 disciplima,
1973 5062 2032 5109 ut
2060 5055 2220 5110 simul
2251 5055 2515 5112 celebrari
2546 5072 2653 5111 non

1057 5147 1481 5217 possint,'ergo
1526 5139 1627 5199 nec
1675 5145 1880 5200 litania:
1912 5144 2166 5212 majores.
2209 5149 2439 5216 q’uarnm
2493 5164 2654 5218 supra

1060 5235 1432 5298 meminimus,
1471 5249 1648 5302 neque
1693 5242 1805 5287 tres
1843 5234 1916 5288 illi
1965 5234 2324 5306 [legationum
2372 5235 2489 5290 dies
2528 5247 2655 5292 ante

1061 5323 1439 5379 ascensionem
1485 5321 1719 5386 Domini,
1751 5338 1850 5377 nec
1873 5323 2085 5394 vigilias
2115 5322 2465 5380 Pentecostes
2502 5333 2659 5394 pote-

1062 5420 1193 5468 runt
1215 5411 1422 5484 jejunio
1464 5409 1778 5481 mancipari.
1807 5410 1873 5466 Et
1916 5426 1983 5466 ne
2029 5409 2133 5468 hoc
2162 5425 2353 5482 parum
2380 5413 2653 5481 videatur,

1059 5501 1228 5558 etiam
1269 5498 1534 5571 jejunium
1580 5498 1710 5554 illud
1766 5499 1973 5555 tollitur
2017 5502 2162 5571 quod
2209 5507 2332 5571 pust
2359 5502 2655 5559 adventum

1065 5591 1237 5646 sancti
1269 5590 1504 5661 Spiritus
1548 5590 1601 5645 in
1645 5590 1834 5645 eadem
1862 5589 2198 5647 hebdomada
2228 5590 2345 5646 fieri
2377 5607 2409 5646 a
2452 5592 2660 5649 sanctis

1065 5680 1319 5737 Patrihus
1368 5677 1712 5734 concorditer
1742 5688 1824 5734 est
1872 5680 2201 5735 institutum.
2235 5680 2298 5735 Et
2333 5682 2482 5751 quia,
2520 5681 2661 5738 sieut

1073 5773 1291 5839 dicitur,
1339 5788 1460 5828 cum
1510 5774 1851 5835 solemnitate
1893 5776 2160 5846 jejunium
2217 5779 2506 5835 convenire
2551 5794 2658 5835 non

2728 3322 2802 3380 Β.
2833 3326 3028 3381 Petrus
3057 3337 3140 3380 est
3183 3342 3212 3378 a
3255 3324 3485 3379 vinculis
3527 3325 3825 3388 absolutus,
3856 3338 3963 3392 quo
3990 3322 4091 3376 iste
4118 3319 4354 3376 Jacobus

2742 3416 2902 3486 paulo
2949 3426 3076 3470 ante
3122 3415 3429 3470 lierodiano
3461 3414 3636 3469 fuerat
3673 3414 3855 3483 gladio
3881 3414 4257 3466 detruncatus.
4286 3410 4356 3466 Et

2744 3509 2872 3577 quia
2897 3509 3040 3562 intra
3069 3507 3206 3560 festa
3235 3506 3510 3576 paschalia
3543 3515 3772 3574 utraque
3802 3506 4071 3559 festivitas
4101 3503 4356 3559 absolute

2745 3615 2808 3655 ac
2833 3599 3000 3653 libere
3030 3597 3294 3653 celebrari
3328 3613 3432 3650 non
3481 3604 3718 3665 poterat,
3767 3595 3819 3649 in
3866 3595 4009 3649 aliud
4042 3595 4356 3650 necessario

2749 3695 2960 3757 tcm‘pus
2985 3711 2998 3741 t
3019 3704 3051 3740 Χ
3085 3688 3437 3756 antiquorum
3466 3685 3686 3739 Patrum
3709 3696 3795 3740 est
3820 3685 4150 3740 discretione
4177 3695 4358 3739 trans-

2745 3782 2876 3836 lata.
2911 3781 3064 3848 Quod
3102 3781 3146 3834 si
3195 3790 3419 3850 propter
3454 3782 3563 3835 hoc.
3597 3779 3857 3834 solemnis
3887 3780 3974 3834 ille
4002 3781 4118 3835 dics
4146 3781 4360 3851 vigilia-

2748 3885 2870 3924 rum
2914 3884 3135 3923 suarum
3169 3869 3330 3923 debet
3381 3870 3588 3923 honore
3631 3869 3867 3938 privari,
3917 3885 4047 3939 ergo
4093 3885 4194 3924 nec
4244 3871 4359 3940 ipsa

2749 3959 3019 4015 festivitas
3063 3959 3221 4015 debet
3263 3959 3386 4014 coli.
3413 3959 3486 4014 At
3521 3961 3564 4015 si
3613 3960 4039 4017 festivitas.ha:c
4061 3962 4356 4032 apostolica

2749 4066 2851 4121 pro
2871 4052 3202 4105 necessitate
3229 4051 3470 4120 paschali
3498 4051 3550 4104 in
3577 4060 3789 4122 tempus
3823 4052 3969 4106 aliud
3995 4053 4156 4122 digne
4182 4063 4365 4110 trans-

2753 4139 2994 4208 ponitur,
3030 4138 3200 4210 850
3248 4140 3468 4210 dignum
3499 4141 3699 4210 quippe
3724 4151 3808 4195 est
3854 4154 3912 4195 ut
3941 4158 4050 4196 sua:
4086 4145 4251 4198 etiam
4284 4145 4365 4198 vi-

2751 4232 2891 4301 gilite
2924 4219 3359 4299 inseparabiliter
3397 4223 3745 4286 comitentur.
3782 4233 4044 4287 Absoluta
4089 4235 4360 4305 siquidem

2751 4331 2835 4377 est
2882 4322 3177 4378 auctoritas
3228 4338 3524 4386 canonum,
3577 4339 3698 4393 qua:
3747 4325 4073 4394 generaliter
4117 4325 4367 4396 prazcipit

2752 4427 2944 4466 omnes
2993 4411 3360 4479 apostolorum
3413 4411 3626 4482 vigilias
3666 4413 3952 4467 celebrari.
3991 4414 4146 4481 Quod
4187 4415 4232 4470 si
4262 4415 4362 4470 ad-

2755 4502 3032 4557 versarius
3062 4501 3239 4557 adhuc
3273 4503 3325 4556 in
3358 4517 3470 4556 suae
3501 4502 3842 4574 allegationis
3887 4504 4145 4557 instantia
4182 4503 4365 4574 pervi-

2758 4610 2856 4649 cax
2891 4594 3186 4661 invenitur,
3217 4594 3345 4649 illud
3369 4595 3536 4650 etiam
3560 4595 3789 4650 inferam
3821 4597 3970 4665 quia,
4004 4597 4046 4651 si
4072 4609 4362 4667 prapterea

2757 4683 3028 4737 festivitas
3064 4684 3150 4736 illa
3173 4724 3186 4748 ,
3237 4685 3495 4752 quoniam
3545 4695 3790 4739 mutatur
3821 4696 4085 4755 tempore,
4111 4685 4234 4754 jure
4263 4702 4364 4743 suo

2757 4775 3004 4842 privatur
3035 4774 3258 4839 honore,
3294 4790 3423 4844 ergo
3454 4789 3556 4829 nec
3597 4775 3869 4844 paschalis
3918 4791 4115 4846 magna
4165 4777 4363 4832 solem-

2760 4865 2901 4939 nitas
2936 4864 3253 4918 honoranda
3293 4863 3407 4932 jam
3449 4866 3575 4930 erit,
3606 4882 3728 4935 qua:
3761 4866 4012 4922 videlicet
4058 4883 4166 4922 non
4197 4868 4362 4922 fixam

2759 4956 3019 5024 temporis
3043 4956 3448 5020 certitudinem,
3474 4958 3567 5011 sed
3601 4957 3880 5026 plenilunii
3905 4958 4086 5026 potius
4115 4960 4364 5029 sequitur

2763 5045 3050 5100 rationem.
3086 5045 3470 5101 Ecclesiastica
3517 5047 3783 5117 siquidem
3833 5045 3968 5103 fides
4015 5047 4197 5111 habet,
4234 5049 4364 5119 quia

2761 5146 2957 5192 octavo
2998 5135 3271 5191 Kalendas
3313 5137 3513 5207 Aprilis
3548 5138 3875 5206 Redemptor
3906 5147 4092 5194 noster
4128 5149 4212 5194 est
4240 5154 4366 5196 cru-

2761 5228 2976 5292 cifixus,
3006 5244 3115 5298 quo
3145 5215 3397 5282 videlicet
3424 5228 3512 5283 die
3540 5237 3593 5284 et
3622 5229 3675 5282 in
3705 5227 3954 5299 virginali
3987 5239 4144 5284 utero
4186 5228 4367 5286 fuerat

2761 5329 2891 5376 ante
2941 5329 3256 5389 conceptus.
3307 5317 3462 5386 Quod
3510 5319 3558 5375 si
3600 5319 3739 5376 hanc
3787 5320 4049 5390 temporis
4095 5320 4364 5376 rationem

2764 5410 2918 5481 sequi
2954 5409 3225 5474 volumus,
3261 5420 3420 5465 sexto
3456 5408 3727 5466 Kalendas
3758 5410 4004 5480 ejusdem
4037 5410 4241 5466 mensis
4268 5423 4369 5482 per

2765 5500 3008 5573 singulos
3046 5515 3223 5556 annos
3261 5501 3718 5556 resurrectionem
3762 5499 4098 5555 Dominicam
4141 5513 4371 5556 necesse

2768 5601 2853 5648 est
2877 5590 3235 5647 celebremus.
3274 5589 3428 5658 Quod
3473 5589 3720 5660 profecto
3749 5587 3953 5643 idcirco
3981 5602 4087 5643 non
4121 5585 4203 5652 fit,
4239 5589 4368 5658 quia

2769 5685 2990 5754 dignum
3018 5693 3098 5737 est
3131 5689 3380 5751 quartam
3419 5682 3685 5736 decimam
3721 5680 3904 5733 lunam
3934 5693 4057 5733 cum
4085 5677 4383 5764 Azymita-w

2773 5791 2892 5830 rum
2922 5774 3074 5846 prius
3099 5772 3308 5835 Pascha
3339 5773 3731 5835 transmittere,
3763 5781 3818 5825 ut
3842 5771 3909 5826 ad
3939 5784 4138 5825 novum
4160 5767 4369 5829 Pascha
