5882 6634
2432 431 2538 491 807
2893 434 2946 490 S.
2980 436 3183 492 PETRI
3222 435 3502 493 DAMIANI
3539 437 3690 496 OPP.
3727 431 3963 492 τοιιυε
3998 435 4130 494 SEU
4172 437 4354 498 PARS
4389 439 4475 498 Ill.
4517 473 4584 484 —
4621 440 4755 499 OPU

3358 437 3502 493 μΝι
3539 437 3690 496 OPP.
3727 431 3963 492 τοιιυε
3998 435 4130 494 εει]
4172 437 4354 498 PARS
4389 439 4475 498 Ill.
4517 473 4584 484 —
4621 440 4985 499 οΡυεουιιΑ
5034 439 5260 497 VARIA.
5574 441 5681 500 808

2430 552 2704 607 valeamus
2743 551 2880 606 sicut
2907 565 2972 605 ex
3007 551 3192 604 umbra
3229 551 3361 622 legis
3401 553 3467 606 ad
3510 550 3752 607 veritatis
3779 550 4004 620 gratiam
4035 558 4082 617 Α
4112 550 4280 616 misit,
4317 567 4413 622 per
4459 560 4623 607 totam
4675 551 4815 606 diem
4854 550 4999 606 illam
5043 565 5111 606 ne
5150 549 5258 604 vini
5283 547 5493 619 quidem
5523 552 5656 606 vesti

2431 643 2733 714 pervenire.
4111 641 4254 710 gium
4301 642 4476 711 potuit
4520 642 4790 707 invenire,
4835 641 5020 709 sicque
5066 640 5243 696 divina
5287 637 5679 708 dispensatione

3019 728 3246 792 CAPUT
3297 727 3406 783 γη.
4105 740 4327 786 coactus
4352 741 4438 787 est
4458 731 4648 801 jejunii
4674 732 4910 786 debitum
4940 731 4992 785 in
5023 731 5134 800 ipsa
5162 729 5451 786 festivitate
5477 728 5678 799 persol-

2427 841 2536 898 Eur
2579 839 2644 895 Β.
2691 841 2914 896 Joannis
2968 839 3221 963 Βαριῗιιῗ
3273 840 3556 963 Decollatio
3615 831 3843 912 vigiliam
3899 857 4005 898 non

3151 929 3181 962 a
3217 927 3275 963 ea
3305 949 3321 963 .

3151 927 3321 964 αυεαι.

2498 1000 2638 1055 Eant
2676 1015 2804 1071 ergo
2848 1009 3156 1053 sanctarum
3188 999 3488 1067 vigiliarum
3540 1001 3724 1055 hostes
3771 1008 3825 1055 et
3863 1000 4005 1071 jeju-

2425 1091 2637 1145 niorum
2687 1088 3073 1142 venerabilium
3115 1087 3499 1152 destructores,
3549 1100 3611 1142 ac
3639 1087 4002 1158 dogmatizent

2425 1179 2665 1252 paschali
2713 1177 3035 1233 solemnitati
3087 1176 3442 1231 reverentiam
3487 1191 3591 1230 non
3641 1177 3996 1242 servandam,

2424 1278 2507 1333 ut,
2541 1270 2793 1338 quoniam
2839 1267 3081 1320 variatur
3127 1274 3404 1333 tempore,
3437 1264 3722 1320 devotione
3762 1266 3995 1320 ﬁdelium

2421 1367 2477 1410 et
2513 1355 2711 1409 assueti
2739 1353 2912 1408 cultus
2940 1363 3124 1407 careat
3148 1352 3426 1421 dignitate,
3452 1362 3508 1407 et
3527 1353 3667 1422 quod
3704 1353 3770 1408 de
3793 1353 3997 1413 Pascha

2420 1445 2560 1500 male
2604 1445 2891 1510 senserint,
2923 1453 3314 1513 consequenter
3352 1454 3413 1498 et
3454 1444 3522 1498 de
3552 1444 3902 1508 Ascensione,
3932 1460 3996 1500 ac

2412 1533 2736 1590 Pentecoste
2797 1534 3103 1588 necessario
3172 1531 3458 1586 fateantur.
3523 1532 3675 1598 Quod
3739 1535 3782 1587 si
3843 1535 3997 1588 nobis

2416 1622 2727 1690 objecerint.
2757 1621 3174 1676 Decollationem
3201 1623 3373 1676 sancti
3404 1614 3626 1676 Joannis
3655 1622 3854 1676 idcirco
3887 1639 3993 1677 non

2417 1713 2618 1769 habere
2648 1713 2872 1784 vigilias,
2920 1712 3045 1782 quia
3073 1713 3140 1767 de
3179 1721 3416 1782 tempore
3463 1713 3730 1781 passionis
3760 1713 3992 1778 Domini,

2416 1820 2526 1875 quo
2568 1805 2819 1858 videlicet
2849 1800 2909 1857 S.
2957 1803 3196 1872 Baptista
3240 1811 3547 1873 peremptus
3595 1812 3699 1868 est,
3733 1806 3784 1858 in
3818 1805 3993 1874 Augu-

4104 839 4253 888 vere,
4282 826 4442 895 cujus
4477 840 4586 880 non
4632 824 4810 879 timuit
4836 823 5045 892 vigilias
5072 831 5258 877 contra
5303 819 5675 877 ecclesiastica

4105 913 4458 969 institutionis
4507 914 4747 984 regulam
4785 922 5080 976 temerare;
5127 920 5200 978 et,
5247 919 5307 965 ut
5338 911 5412 966 ita
5461 910 5666 980 loquar,

4102 1003 4200 1058 luit
4225 1005 4276 1058 in
4311 1005 4450 1060 festo
4469 1006 4612 1076 quod
4641 1001 4939 1074 deliquerat
4964 1003 5015 1057 in
5046 1001 5303 1072 profesto.

4175 1093 4298 1150 Haec
4331 1095 4511 1165 igitur,
4545 1094 4913 1157 dilectissimi,
4945 1093 5012 1148 de
5039 1103 5163 1149 ceto
5206 1091 5401 1163 vigiliis
5427 1101 5673 1148 examus-

4101 1185 4203 1240 sim
4250 1200 4349 1240 suo
4398 1193 4639 1254 tempore
4672 1183 5009 1239 celebrandis
5051 1171 5322 1238 sanctitati
5350 1190 5535 1236 vestra:
5569 1180 5671 1234 illi-

4100 1283 4246 1330 mato
4274 1275 4412 1344 ston
4438 1274 4742 1343 conscripta
4773 1274 5090 1337 direximus,
5116 1280 5169 1328 et
5198 1271 5355 1342 851
5387 1279 5444 1325 ut
5480 1285 5573 1324 vos
5599 1270 5668 1323 ad

4099 1380 4160 1419 ea
4211 1365 4528 1436 corrigenda
4573 1378 4692 1434 quae
4724 1378 4865 1418 nunc
4897 1363 5190 1417 insolenter
5235 1370 5512 1430 emergunt
5541 1359 5670 1413 viri.

4097 1453 4220 1507 liter
4253 1452 4633 1524 accingamini,
4672 1460 4732 1506 ut
4760 1465 4946 1505 revera
4977 1450 5176 1506 Christi
5225 1449 5440 1512 milites,
5468 1448 5666 1504 adhor-

4099 1549 4295 1594 tamur.
4325 1539 4599 1594 Teneatur
4621 1540 4801 1608 itaque
4824 1554 4919 1608 per
4942 1554 5034 1592 vos
5061 1537 5434 1593 eccleslasticze
5453 1536 5666 1606 genium

4097 1627 4414 1698 disciplinae,
4467 1635 4708 1697 paterna
4757 1627 5060 1681 traditionis
5103 1641 5291 1681 norma
5337 1633 5660 1695 permaneat,

4100 1718 4376 1787 religionis
4424 1727 4598 1773 status
4626 1733 4655 1770 a
4686 1733 4780 1772 sua
4817 1717 5073 1790 dignitate
5113 1731 5218 1772 non
5255 1724 5489 1780 corruat,
5518 1715 5665 1785 vigor

4098 1805 4496 1860 ecclesiasticus
4524 1819 4629 1860 non
4660 1805 4957 1860 mollescat.
4984 1804 5269 1860 Enimvero
5309 1819 5411 1857 non
5455 1803 5660 1874 ambigo

2416 1904 2558 1951 stum
2602 1905 2840 1948 mensem
2883 1908 2951 1947 ex
3005 1908 3154 1948 more
3207 1892 3559 1957 transfertur,
3603 1896 3992 1966 respondemus
4028 1890 4068 1950 Β
4099 1893 4418 1964 scripturam
4447 1892 4606 1957 hanc,
4640 1893 4684 1949 si
4716 1894 4766 1948 in
4795 1908 4980 1948 eorum
5007 1908 5195 1947 manus
5225 1892 5512 1955 devenerit,
5545 1894 5663 1962 qui-

2415 1999 2522 2040 non
2571 1991 2790 2054 propter
2834 1982 3184 2038 mutationem
3235 1982 3540 2040 festivitatis
3587 1986 3690 2042 hoc
3724 1987 3869 2052 fieri,
3901 1991 3992 2044 sed

2413 2076 2666 2144 quoniam
2708 2089 2828 2128 cum
2867 2073 3062 2144 vigiliis
3096 2084 3340 2129 sanctam
3387 2077 3721 2130 nativitatem
3751 2077 3865 2144 ejus
3895 2095 3990 2132 ex-

2415 2163 2674 2232 cepimus,
2704 2176 2770 2214 ne
2797 2160 3070 2230 popularis
3114 2173 3368 2232 gravetur
3415 2163 3716 2223 inﬁrmitas.
3761 2167 3812 2218 in
3851 2164 3993 2232 ejus-

2414 2250 2537 2305 dem
2560 2247 2910 2304 decollatione
2938 2249 3050 2303 sola
3082 2251 3239 2306 unius
3261 2251 3368 2307 diei
3391 2251 3729 2308 solemnitate
3751 2256 3990 2309 contenti

2483 2429 2762 2485 Postremo
2807 2431 2873 2486 de
2903 2431 3044 2486 beati
3092 2445 3306 2501 quoque
3333 2430 3714 2487 Bartholomaai
3761 2433 3988 2504 vigiliis,

2413 2534 2548 2590 quas
2590 2519 2824 2574 nonnulli
2866 2520 2978 2590 jam
3012 2519 3209 2575 violare
3253 2521 3511 2593 paulatim
3546 2523 3840 2590 incipiunt,
3882 2539 3987 2578 non

2410 2613 2621 2667 diversa
2652 2611 2914 2666 sententia
2960 2622 3061 2666 est.
3113 2613 3230 2678 Quo
3278 2613 3531 2666 nimirum
3579 2613 3664 2667 die
3701 2613 3989 2682 aliquando

2409 2701 2576 2757 abbas
2621 2702 2869 2769 quidam,
2920 2715 3025 2756 non
3076 2703 3274 2757 inlimis
3316 2703 3695 2760 comitantibus
3742 2704 3894 2767 viris,
3922 2705 3988 2758 de

2407 2789 2714 2861 longinquis
2759 2791 2953 2846 finibus
2991 2793 3056 2845 ad
3104 2808 3202 2846 nos
3247 2793 3296 2845 in
3321 2807 3511 2847 eremo
3545 2793 3798 2863 degentes
3826 2809 3988 2861 pran-

2407 2895 2500 2936 sus
2546 2889 2601 2934 et
2631 2889 2945 2935 cmnaturus
2972 2882 3216 2945 advenit;
3251 2882 3357 2935 alia
3388 2897 3515 2936 vero
3541 2881 3647 2947 die,
3677 2881 3985 2937 festivitatis

2407 2971 2617 3027 scilicet
2644 2971 2971 3042 apostolicae,
3006 2983 3245 3043 rogatus,
3275 2982 3337 3027 ut
3365 2973 3707 3042 digressurus
3742 2975 3987 3043 jentacu-

2407 3060 2519 3115 lum
2565 3069 2815 3129 caperet,
2857 3063 3035 3115 renuit
3081 3061 3346 3132 nullisque
3399 3063 3649 3132 precibus
3698 3063 3983 3131 acquievit.

2408 3149 2547 3212 Sed,
2579 3167 2612 3205 o
2649 3151 2806 3221 digna
2853 3153 3140 3206 restituens
3189 3154 3366 3207 divina
3419 3154 3716 3210 sententia!
3763 3154 3876 3208 sive
3929 3156 3979 3208 in

4094 1985 4211 2039 bus-
4235 1995 4358 2039 sum
4399 1999 4590 2054 perosa
4629 1983 4853 2052 jejunia,
4885 1983 5113 2052 turpiter
5141 1982 5551 2051 conspuendam.
5580 1981 5661 2038 Ab

4093 2073 4177 2126 his
4205 2073 4433 2136 scilicet,
4461 2073 4664 2142 quibus
4686 2080 4854 2126 tumet
4882 2079 5042 2125 uncta
5062 2071 5206 2128 cutis
5228 2082 5389 2140 atque
5417 2069 5656 2135 nitidula,

4092 2162 4180 2231 qui
4230 2162 4507 2217 sobrietati
4553 2161 4683 2215 dum
4735 2160 5134 2228 infinderabiles
5174 2175 5377 2231 pugnas
5405 2159 5655 2225 inferunt,

4092 2252 4336 2307 rubentia
4366 2250 4706 2330 pinguesora
4727 2252 4890 2323 853
4911 2252 5302 2308 ﬂammescunt.
5334 2251 5456 2307 “ibi
5482 2254 5656 2307 autem

4091 2343 4293 2398 nullius
4319 2359 4526 2409 amore,
4559 2343 4640 2399 vel
4666 2345 4789 2399 odio
4822 2353 5028 2400 rectum
5058 2344 5183 2400 licet
5214 2343 5481 2399 occultare
5517 2343 5656 2412 quod

4087 2433 4294 2496 sentio;
4346 2440 4396 2487 et
4448 2433 4536 2502 qui
4581 2431 4849 2487 lulianum
4906 2432 5171 2488 Cxesarem
5235 2441 5356 2487 octo
5404 2432 5656 2487 adversus

4089 2522 4433 2592 Evangelium
4465 2523 4666 2577 Christi
4695 2522 4975 2592 scripsisse
5015 2522 5284 2588 volumina
5312 2521 5652 2592 non'ignoro,

4090 2613 4158 2666 ab
4189 2613 4272 2686 his
4298 2615 4458 2668 etiam
4494 2615 4584 2682 qui
4615 2613 4937 2684 evangelica:
4964 2623 5089 2668 sunt
5121 2612 5410 2682 disciplina
5437 2618 5652 2665 contra-

4091 2703 4176 2765 rii,
4201 2705 4638 2773 scriptiunculam
4662 2719 4835 2759 meam
4860 2706 5038 2760 verbis
5066 2705 5402 2760 mordacibus
5433 2701 5651 2758 lacerari

4088 2795 4393 2849 nullatenus
4433 2797 4714 2851 erubesco.
4762 2797 4949 2852 Dicant
4977 2797 5116 2849 enim
5149 2795 5220 2848 illi
5250 2809 5369 2848 cum
5414 2791 5646 2861 antiquis

4086 2885 4503 2940 obsonatoribus
4578 2887 4690 2940 suis
4741 2905 4753 2940 :
4806 2905 4824 2938 ι
4872 2885 5250 2940 Manducemus
5288 2893 5340 2938 et
5388 2882 5648 2944 bibamus,

4085 2989 4204 3027 cras
4231 2975 4373 3027 enim
4405 2975 4695 3028 moriemur
4722 2973 4857 3043 (Isa.
4895 2974 5059 3036 nu);
5092 2991 5109 3022 ι
5135 2981 5189 3027 et
5217 2985 5314 3025 nos
5339 2985 5460 3024 cum
5483 2967 5651 3023 servis

4087 3062 4285 3116 Christi
4337 3062 4750 3129 respondeamus
4778 3081 4791 3116 :
4826 3082 4843 3113 ι
4879 3060 5188 3132 Jejunemns
5215 3070 5268 3115 et
5296 3074 5476 3114 sacras
5513 3056 5644 3127 vigi-

4087 3152 4188 3206 lias
4232 3152 4591 3210 celebremus.
4625 3161 4680 3206 ut
4721 3151 4771 3206 iu
4818 3149 5108 3205 festivitate
5152 3148 5356 3204 caelesti
5400 3147 5512 3200 sine
5547 3143 5650 3199 “ne

2405 3240 2709 3295 coenobium
2760 3243 3278 3306 sanctimonialium,
3325 3244 3466 3311 quod
3534 3255 3661 3305 tunc
3718 3245 3980 3308 visitavit,
4009 3225 4052 3284 (ἶ
4087 3241 4278 3306 victuri
4327 3241 4552 3295 feliciter
4579 3240 4855 3308 epulemur
4885 3239 4934 3308 (1
4967 3241 5084 3293 Cor.
5113 3240 5220 3308 xv).
5257 3258 5276 3291 ι

2403 3327 2519 3383 sive
2541 3315 3309 3398 apud'aliquem'scecularium
3339 3332 3404 3386 ad
3433 3348 3782 3403 quoscunque
3815 3343 3966 3387 trans

4428 3331 4507 3387 Sit
4537 3347 4718 3384 nomen
4751 3329 4961 3384 Domini
4982 3329 5300 3384 benedictum

2417 3509 5632 3540 MM

2454 3665 2810 3742 ⁸⁵³⁸⁵⁸
2864 3690 3638 3795 OPUSCULUM
3710 3688 4905 3818 QUINQUAGESIMUM
5005 3676 5569 3790 SEXTUM.

2958 3938 3066 4000 DE
3091 3938 3361 4001 FLUXA
3402 3938 3658 4003 MUNDI
3694 3939 3996 4000 GLORIA
4032 3938 4135 3999 ET
4171 3936 4474 3999 SECULI
4532 3933 5095 3999 DESPECTIONE.

3788 4102 4155 4121 ﬂ

2405 4223 3177 4294 Ascuussrnar-j—Agnetem
3210 4224 3608 4294 imperatricem
3652 4223 3878 4279 Romam
3924 4239 4031 4292 non
4063 4225 4297 4294 superbo
4334 4232 4620 4294 apparatu,
4653 4223 4744 4278 sed
4774 4223 4940 4294 cultu
4975 4222 5122 4294 infra
5172 4220 5389 4292 privata:
5432 4220 5644 4281 femina

2472 4306 2758 4364 personam
2783 4292 2989 4364 dejecto
3027 4292 3450 4364 ingredientem,
3489 4296 3555 4349 ad
3587 4309 3825 4364 przesepe
3856 4294 4054 4349 Christi
4089 4292 4300 4349 Domini
4332 4292 4637 4354 visendum.
4672 4293 4868 4364 regitur
4897 4292 5383 4364 Sabmcomparat,
5412 4306 5535 4364 quas
5552 4308 5642 4364 ro-

2468 4355 2611 4428 giam
2645 4355 2946 4433 Salomonis
2975 4355 3506 4433 magisificehtissime
3546 4355 3786 4433 ingressa
3835 4372 3936 4419 est.
3972 4364 4227 4417 Eamdem
4268 4375 4527 4433 prater-ea
4560 4355 4907 4430 laudat'quod
4945 4361 5149 4433 regales
5175 4355 5394 4433 pompas
5420 4355 5643 4433 mirifice

2461 4431 2869 4502 contempserit.
2899 4429 3100 4502 Deinde
3130 4433 3376 4500 exemplo
3401 4429 3765 4491 Romanorum
3794 4449 3976 4502 regum
4004 4449 4066 4488 ac
4095 4429 4440 4488 externorum
4469 4432 4646 4489 ﬂuxas,
4667 4429 5326 4502 esse'ﬂmupdi'dignitates
5360 4439 5420 4502 et
5444 4429 5642 4502 multis

2465 4499 2868 4583 calamitatibus
2908 4501 3167 4582 obnoxias
3193 4498 3376 4583 aperte
3420 4504 3775 4583 demonstrat.
3807 4498 4022 4556 Acriter
4060 4504 4403 4572 reprehendit
4432 4518 4527 4558 eos
4561 4502 4650 4571 qui
4689 4501 4964 4558 nobilitate
5005 4509 5059 4556 et
5090 4498 5287 4556 divitiis
5325 4498 5638 4571 gloriantur,

2467 4581 2588 4622 eum
2619 4568 2927 4623 mortalium
2956 4571 3194 4624 omnium
3225 4568 3364 4624 idem
3391 4572 3463 4626 sit
3498 4583 3650 4627 ortus
3679 4584 3840 4642 atque
3864 4587 4110 4626 occasus.

2469 4705 2635 4761 Scuto
2668 4704 2821 4759 bona:
2867 4704 3153 4760 voluntatis
3182 4707 3273 4761 Dei
3325 4719 3593 4762 coronam
3622 4707 3823 4763 Assur:
3869 4709 3971 4761 im-
4001 4706 4048 4767 D
4080 4707 4244 4760 tiosas
4271 4722 4284 4768 ;
4320 4704 4419 4758 ina
4454 4719 4580 4760 vero
4606 4719 4726 4760 cum
4761 4702 5098 4758 liermisinde
5121 4711 5343 4774 cognata
5368 4717 5485 4766 sua,
5532 4717 5637 4760 non

2396 4795 2673 4867 peratrici,
2702 4794 2914 4849 Psruus
2943 4804 3194 4862 peccator
3234 4799 3528 4857 monachus
3557 4798 3890 4852 servitutem.

2901 4885 3125 4943 CAPUT
3174 4887 3462 4944 PRIMUM.

2451 4977 2664 5044 Agnetis
2686 4977 3026 5044 imperatricis
3059 4996 3173 5032 rum
3200 4980 3377 5050 regina
3409 4980 3550 5035 Saba
3577 4983 3913 5050 comparatio.

2469 5062 2672 5131 Regina
2703 5062 2839 5117 Saba
2855 5067 3068 5126 venitin
3093 5066 3425 5121 Hierusalem
3450 5069 3638 5122 audire
3651 5071 3967 5139 sapientiam

2397 5150 2706 5208 Salomonis
2742 5150 2856 5221 (II!
2892 5153 3018 5222 Reg.
3057 5170 3128 5219 x;
3173 5155 3233 5210 11
3269 5153 3454 5210 Paral.
3501 5158 3609 5226 ix);
3657 5157 3968 5226 imperati-ix

2395 5241 2578 5309 Agnes
2609 5238 2833 5294 Romam
2857 5240 2999 5309 adiit]
3020 5241 3294 5300 addiscere
3324 5246 3604 5301 stultitiam
3654 5245 3961 5301 Piscatoris.

2396 5329 2527 5385 Nam
2558 5328 2700 5382 sicut
2729 5327 2926 5383 Paulus
2949 5331 3025 5385 ait
3052 5350 3065 5384 :
3102 5351 3118 5383 ι
3152 5333 3283 5398 Quia
3312 5352 3415 5390 non
3443 5337 3695 5407 cognovit
3737 5339 3967 5394 mulidus

2395 5430 2492 5486 per
2513 5418 2827 5486 sapientiam
2853 5419 3042 5484 Deum,
3066 5420 3262 5489 placuit
3285 5425 3392 5479 Deo
3413 5442 3506 5494 per
3526 5428 3808 5484 stultitiam
3833 5446 3968 5499 prse-

2397 5504 2680 5560 dicationis
2719 5507 2897 5562 salvos
2926 5507 3103 5565 facere
3126 5513 3404 5570 credentes
3444 5507 3493 5586 (I
3524 5516 3644 5573 Cor.
3693 5519 3756 5590 ι).
3798 5540 3816 5572 ›
3848 5521 3964 5586 illa,

2397 5594 2715 5650 sicut-sacra
2741 5606 2964 5654 testatur
2987 5600 3244 5667 Historia,
3274 5603 3512 5677 ingressa
3531 5622 3615 5666 est
3643 5625 3766 5666 cum
3796 5613 3966 5668 multo

2317 5765 2320 5768 Ι
2396 5684 2652 5740 comitatu
2697 5697 2752 5740 et
2806 5688 3044 5756 divitiis,
3089 5693 3310 5749 camelis
3359 5711 3571 5768 quoque
3623 5702 3965 5770 portantibus

2399 5784 2654 5842 aromata,
2686 5789 2740 5832 et
2786 5792 2971 5835 aurum
3000 5783 3264 5837 inﬁnitum
3295 5785 3452 5841 nimis
3487 5797 3539 5843 ct
3569 5805 3807 5860 gemmas
3845 5806 3966 5862 pre-

4081 4795 4284 4864 dispari
4331 4796 4500 4849 sancti
4536 4795 4767 4865 Spiritus
4813 4793 5024 4851 fervore
5069 4809 5347 4860 succensa,
5389 4804 5635 4864 tanquam

4081 4884 4244 4938 Mari-.1
4285 4875 4591 4954 Magdalena
4621 4900 4742 4939 cum
4767 4887 4932 4940 altera
4957 4885 5123 4940 Maria
5147 4887 5442 4941 veniuntad
5464 4887 5635 4958 sepul-

4079 4988 4228 5029 crum
4253 4973 4464 5045 (Hatth.
4493 4990 4682 5038 uvm;
4707 4973 4874 5028 Mare.
4901 4973 5158 5039 avt;.Luc.
5183 4991 5329 5038 xxrv;
5347 4973 5631 5044 leam"),

4078 5078 4183 5116 non
4219 5073 4277 5116 ut
4316 5077 4510 5133 corpus
4533 5062 4657 5118 Jesu
4700 5074 4998 5133 pertingant
5036 5064 5282 5119 fomentis
5316 5074 5633 5130 aromatum,

4076 5153 4169 5206 sed
4207 5161 4264 5206 ut
4295 5157 4457 5223 pedes
4485 5154 4601 5222 ejus
4628 5153 4844 5208 ﬂuentis
4867 5153 5090 5223 irrigent
5123 5152 5494 5222 lacrymarum.
5521 5152 5631 5206 Non

4075 5243 4214 5297 enim
4235 5243 4346 5314 jam
4375 5253 4622 5312 quzerunt
4664 5243 4926 5298 viventem
4957 5257 5076 5297 cum
5105 5243 5347 5306 mortuis,
5389 5241 5480 5297 sed
5512 5242 5635 5296 ado-

4075 5342 4254 5386 rantes
4285 5340 4468 5386 tenent
4513 5333 4735 5402 vestigia
4795 5335 5140 5402 resurgentis.
5185 5331 5424 5386 Carnalis
5483 5331 5632 5400 plano

4072 5418 4323 5476 Salomon
4356 5421 4553 5492 regina:
4579 5421 4732 5477 Saba
4750 5424 5104 5493 qumstionum
5126 5423 5293 5477 nodos
5310 5432 5364 5476 et
5384 5423 5629 5492 mysteria

4071 5519 4328 5573 reservavit
4361 5519 4746 5587 aenigmatum;
4794 5529 4976 5577 nostra
5029 5533 5156 5574 vero
5205 5521 5385 5590 regina
5433 5520 5503 5572 nil
5531 5519 5630 5574 sibi

4069 5609 4202 5664 solvi
4244 5609 4562 5680 proposuit,
4605 5610 4706 5666 nisi
4752 5625 4970 5665 suorum
5021 5609 5229 5665 vincula
5273 5609 5626 5678 peccatorum.

4073 5701 4328 5756 Salomon
4359 5716 4612 5771 namque,
4639 5703 4730 5771 qui
4762 5701 4860 5757 fuit
4885 5703 5050 5773 llgnra
5074 5701 5270 5757 Christi
5305 5711 5361 5755 et
5391 5700 5628 5769 quredam

4075 5791 4218 5847 velut
4244 5793 4439 5865 imago,
4471 5794 4582 5848 sive
4611 5792 4913 5864 pmphetia,
4942 5806 5222 5862 personam
5249 5790 5412 5846 nostri
5443 5786 5625 5844 Salva-
