5882 6646
994 440 1097 500 εοο
1876 426 2120 482 ΟΥἯΞΟ.
2161 422 2266 475 LVI
2279 461 2291 473 .

2332 417 2512 472 -—DE
2562 414 2797 470 FLUXA
2848 416 3062 472 MUNDI
3105 415 3359 469 GLOIHA

4172 411 4276 465 8ιο

990 551 1130 609 toris
1153 545 1441 620 expressit.
1472 545 1547 599 De
1592 543 1678 598 illo
1716 541 1912 612 quippe
1959 540 2155 594 dicitur
2192 556 2210 587 ι
2261 536 2386 605 quia
2426 534 2577 588 locu-
2608 533 2654 590 Α
2687 529 2925 583 nitentizc
2959 529 3212 581 resecari.
3247 526 3492 598 llyssopo
3525 526 3779 579 nimirum
3816 523 4175 620 puriﬁcatttut‘
4203 525 4285 575 in-

997 652 1085 698 tus
1140 652 1223 694 est
1286 640 1388 691 tria
1440 636 1602 690 millia
1639 634 2045 705 parabolarum,
2097 641 2150 684 et
2203 630 2420 683 fuerunt
2460 644 2582 683 car—

991 732 1137 786 mina
1157 732 1294 782 illius
1313 730 1550 796 quinque
1575 728 1773 788 millia;
1800 747 1814 776 ι
1841 726 1927 777 ubi
1968 733 2164 792 praesto
2198 724 2579 792 subjungitur:

990 822 1118 888 quia
1138 839 1155 869 ‹
1192 819 1485 886 disputavit
1513 820 1672 870 etiam
1707 817 2057 886 superlignis,
2088 831 2114 866 a
2146 817 2327 877 Ct:til‘0,
2355 828 2474 879 qua:
2503 821 2587 864 cst

990 907 1047 964 in
1095 909 1298 961 Libano
1342 919 1510 974 usque
1555 909 1619 959 ad
1671 908 2000 976 hyssopum,
2051 919 2168 971 qua:
2216 905 2489 973 egreditur
2520 901 2586 954 de

988 1000 1218 1070 pariete,
1253 999 1667 1052 eldisseruitde
1705 997 1981 1061 jumentis,
2032 1004 2083 1047 et
2133 994 2198 1048 de
2251 994 2584 1055 volucribus,

987 1099 1048 1150 et
1077 1089 1356 1164 reptilibus
1387 1098 1438 1140 et
1477 1088 1713 1155 piscibus
1736 1085 1852 1153 (III
1881 1084 2003 1152 Reg.
2035 1085 2126 1152 tv).
2166 1104 2182 1133 )
2219 1084 2347 1149 Quae
2379 1081 2588 1134 scilicet

987 1182 1340 1255 Redemptori
1372 1189 1560 1239 nostra
1594 1193 1700 1262 pou
1756 1177 1976 1243 atubigit
2026 1187 2214 1226 cuncta
2263 1187 2584 1242 congruere,

987 1279 1077 1334 cui
1113 1287 1266 1330 vacat
1303 1278 1418 1329 [nec
1445 1272 1686 1343 diligenti
1716 1268 2146 1328 consideratione
2186 1275 2437 1317 tractare.
2471 1264 2586 1331 lpse

988 1368 1248 1422 nimirum
1280 1369 1378 1419 tria
1408 1366 1570 1419 millia
1605 1363 1983 1432 parabolarum
2013 1368 2094 1416 est
2137 1357 2366 1422 locutus,
2417 1355 2503 1421 (illi
2534 1364 2589 1407 el

991 1460 1218 1528 mystica
1279 1457 1496 1509 Patrum
1534 1457 1951 1524 prmcedentium
1990 1455 2151 1517 facta,
2186 1463 2239 1507 et
2266 1465 2359 1521 per
2391 1448 2588 1522 al‘cgo-

991 1551 1106 1602 rica
1139 1550 1523 1617 praphetarum
1553 1548 1795 1609 oracula,
1825 1548 1902 1598 vel
1933 1548 2093 1599 etiam
2125 1562 2221 1613 per
2249 1548 2588 1600 coruscantis

991 1635 1268 1706 Evangelii
1297 1639 1642 1696 documenta,
1665 1637 1788 1690 dum
1813 1636 1913 1689 sub
1939 1635 2204 1687 velamine
2230 1650 2366 1701 pene
2392 1645 2583 1688 cuncta

989 1726 1269 1788 disseruit,
1301 1727 1456 1794 quasi
1492 1728 1589 1779 tria
1625 1726 1790 1780 millia
1840 1725 1894 1778 in
1942 1725 2120 1777 verbis
2149 1726 2261 1777 suis
2305 1725 2589 1792 parabola-

993 1833 1114 1871 rum
1146 1818 1467 1871 numeravit.
1493 1816 1644 1871 Unde
1677 1826 1730 1869 et
1762 1817 1812 1868 in
1842 1815 2130 1884 Evangelio
2161 1815 2442 1867 Matthaeus
2469 1817 2543 1866 ait
2571 1834 2582 1866 :

2693 622 2820 672 lima
2859 621 3128 673 viscerum
3148 661 3161 682 ,
3196 636 3292 688 per
3318 635 3480 687 quam
3514 633 3618 671 nou
3649 618 3942 686 incongrue
3972 615 4286 684 designatur

2691 710 2956 764 conchsio
2995 718 3362 778 peccatorum.

3330 800 3556 855 CAPUT
3585 801 3642 852 ll.

2853 895 3047 948 Christi
3070 903 3115 946 et
3150 892 3452 946 Salomonis
3475 892 3730 957 sapientia
3757 900 4111 958 comparatur.

2765 987 3063 1053 Disputat-it
3095 987 3259 1054 igitur
3287 994 3471 1037 noster
3495 983 3748 1036 Salomon
3782 998 3944 1050 super
3980 982 4156 1050 lignis,
4190 981 4289 1034 ho-

2692 1080 2925 1130 minibus
2957 1077 3204 1130 videlicet
3231 1077 3371 1128 intra
3401 1075 3758 1144 germinantis
3785 1073 4038 1126 Ecclesia:
4062 1087 4288 1126 nemora

2692 1171 2944 1221 radiculis
2973 1185 2998 1219 a
3032 1170 3213 1230 cedro,
3246 1173 3366 1235 qua:
3393 1177 3498 1228 est,
3523 1169 3572 1217 in
3607 1165 3832 1228 Libano,
3862 1179 4038 1232 usque
4069 1166 4136 1217 ad
4165 1163 4294 1232 hys;

2691 1275 2913 1327 siipum,
2945 1274 3064 1327 qua:
3100 1257 3378 1327 egreditur
3428 1258 3493 1309 de
3541 1256 3766 1323 pariete,
3818 1256 3868 1309 id
3923 1265 4006 1309 est
4048 1256 4116 1309 ab
4164 1256 4297 1322 ipsis

2690 1354 3059 1405 eminentibus
3087 1351 3291 1404 sanctis
3325 1351 3500 1403 nitore
3536 1347 3761 1416 justitizc
3789 1349 4090 1402 candidatis
4123 1362 4297 1416 usque

2692 1447 2756 1497 ad
2798 1455 3112 1513 peccatores
3184 1454 3235 1495 et
3283 1442 3459 1511 lapsos
3498 1451 3660 1510 atque
3703 1443 3768 1494 ad
3823 1441 4155 1508 pteuitcntize
4200 1440 4298 1493 de-

2693 1550 2837 1594 mum
2878 1534 3113 1587 lamenta
3161 1548 3472 1585 conversos.
3529 1531 3665 1585 llinc
3709 1543 3792 1584 est
3823 1532 3963 1600 quod
4003 1530 4295 1599 sequitur:

2698 1649 2715 1680 ε
2757 1628 3023 1684 Disseruit
3051 1634 3105 1683 et
3133 1623 3535 1695 dojumanlis,»
3562 1615 3874 1676 sanctorum
3907 1622 4117 1677 scilicet
4147 1620 4302 1688 adju-

2693 1720 2926 1780 toribus,
2959 1718 3244 1772 catholicis
3286 1717 3459 1781 viris,
3503 1739 3519 1766 ι
3570 1727 3623 1772 et
3664 1715 3728 1771 de
3765 1711 4099 1777 volucribus,
4148 1729 4172 1766 ι
4202 1711 4302 1768 ho-

2694 1810 2927 1861 minibus
2959 1810 3212 1860 nimirum
3263 1823 3359 1874 per
3389 1816 3576 1860 sancta
3630 1808 3896 1861 desideria
3948 1807 4010 1860 ad
4056 1819 4300 1874 superna

996 1924 1018 1957 ι
1065 1905 1188 1960 llazc
1213 1907 1394 1961 omnia
1444 1908 1652 1960 locutus
1684 1916 1766 1960 est
1807 1905 1962 1959 Jesus
1998 1907 2050 1957 in
2080 1906 2352 1974 parabolis
2381 1905 2443 1956 ad
2481 1916 2590 1957 tur-
2623 1889 2678 1947 Bx
2697 1900 3001 1966 suspensis;
3078 1917 3095 1948 ‹
3155 1909 3204 1947 et.
3251 1898 3316 1950 de
3381 1897 3662 1965 reptilibus
3707 1908 3762 1951 et
3807 1899 4082 1965 piscibus,
4129 1916 4144 1946 ι
4200 1896 4303 1949 hoc

994 1997 1116 2061 bas,
1167 2005 1221 2051 et
1267 1998 1385 2050 sine
1435 1997 1705 2066 parabolis
1742 2012 1844 2049 non
1901 1995 2218 2062 loquebatur
2268 1995 2587 2062 (;Ῑε(ΜηιιΙι.

989 2091 1106 2157 xv).
1167 2106 1186 2138 ι
1235 2087 1398 2154 Cujus
1442 2089 1604 2141 etiam
1651 2089 1895 2140 carmina
1942 2086 2181 2153 qttinque
2220 2085 2388 2138 millia
2444 2096 2589 2149 sunt,

989 2178 1122 2248 quia
1161 2180 1360 2233 chorus
1417 2180 1710 2247 virginum,
1761 2194 1880 2247 qua:
1930 2182 2030 2232 sub
2076 2180 2326 2246 quinario
2367 2196 2593 2232 numero

991 2269 1399 2332 describuntur,
1427 2279 1552 2322 ante
1590 2271 1840 2323 thronum
1881 2267 2014 2334 ejus,
2068 2270 2208 2322 sicut
2252 2269 2488 2322 Joannes
2541 2271 2591 2321 in

989 2357 1318 2431 Apocalypsi
1353 2362 1484 2415 dicit
1515 2363 1698 2429 (Apoc.
1737 2361 1836 2425 χή,
1865 2364 2137 2414 canticum
2171 2377 2367 2414 novum
2390 2361 2594 2430 jugitcr

992 2452 1340 2516 modulatur;
1375 2453 1457 2505 vel
1498 2453 1620 2521 quia
1647 2455 1885 2522 quinque
1913 2463 2039 2507 sunt
2069 2454 2289 2507 vulnera
2327 2452 2591 2506 Dominici

992 2546 1262 2612 corporis,
1299 2546 1494 2612 quibus
1537 2559 1634 2612 per
1662 2546 1974 2600 universum
2023 2548 2208 2600 orbem
2254 2547 2596 2615 triumphalis

989 2632 1114 2702 ejus
1133 2636 1358 2688 victoria
1385 2633 1728 2704 praadicatur,
1757 2636 1856 2690 sub
1880 2635 2068 2690 eodem
2099 2651 2325 2689 numero
2349 2637 2591 2690 carmina

992 2734 1379 2794 supputantur,
1412 2727 1514 2780 sub
1539 2742 1646 2794 quo
1674 2736 1927 2780 tenentur
1961 2737 2014 2780 et
2057 2728 2300 2788 vulnera,
2336 2744 2433 2797 per
2479 2744 2598 2797 qua)

994 2814 1227 2869 victoria
1258 2815 1549 2886 singularis
1583 2816 1755 2871 laudis
1798 2827 2016 2871 aeternae
2045 2817 2271 2888 gloriam
2322 2835 2596 2887 promere-

995 2911 1109 2960 tur.
1136 2902 1286 2958 Unde
1325 2920 1448 2958 cum
1482 2906 1530 2957 in
1564 2904 1806 2960 Canticis
1849 2906 2044 2960 dicitur
2075 2925 2088 2960 :
2121 2926 2138 2957 ι
2179 2908 2370 2978 Surge,
2423 2909 2596 2963 amica

995 3007 1146 3057 mea,
1171 3009 1369 3064 sponsa
1398 3009 1537 3060 mea,
1567 3005 1621 3048 et
1650 2995 1798 3058 veni,
1839 2997 2087 3050 columba
2123 3014 2263 3062 mea,
2291 3000 2341 3050 in
2381 2999 2600 3052 forami-

998 3084 1160 3139 nibus
1187 3094 1376 3153 petrtn,
1401 3094 1455 3138 et
1479 3086 1531 3138 in
1562 3100 1790 3139 caverna
1815 3087 2062 3141 maceriae
2089 3105 2103 3151 ;
2141 3108 2158 3138 ι
2180 3088 2427 3156 protinus
2450 3090 2599 3144 addi-

999 3183 1132 3227 tur:
1162 3193 1179 3224 ι
1213 3171 1446 3229 Ostende
1493 3175 1622 3228 mihi
1650 3173 1840 3228 faciem
1866 3171 2033 3239 tuam,
2058 3187 2212 3231 sonet
2262 3194 2360 3232 vox
2411 3187 2497 3231 tua
2545 3180 2598 3233 in

998 3263 1223 3316 auribus
1263 3262 1417 3327 meis,
1465 3263 1590 3328 quia
1633 3279 1732 3317 vox
1763 3271 1849 3317 tua
1882 3235 2051 3318 dulcis
2080 3265 2256 3334 (Cant.
2283 3270 2362 3335 tt).
2401 3286 2419 3318 ›
2454 3268 2596 3322 Sane
2629 3235 2674 3293 Ο

999 3349 1131 3420 quia
1165 3365 1268 3404 non
1299 3351 1414 3406 btec
1441 3360 1630 3406 exacte
1661 3360 1982 3417 tractamus,
2017 3354 2110 3407 sed
2150 3356 2426 3409 succincte
2451 3358 2594 3411 cele-

1001 3442 1245 3512 riterque
1291 3443 1743 3507 transcurrimus,
1793 3444 2024 3504 sutiiciat
2074 3445 2254 3500 dicere
2307 3448 2435 3516 quia
2474 3435 2595 3502 cum

1001 3542 1159 3606 petra
1186 3535 1255 3588 sit
1277 3534 1548 3600 Christus,
1574 3535 1840 3589 foramina
1865 3546 2031 3606 petrtc
2052 3538 2413 3609 procul855
2435 3540 2599 3593 dubio

1001 3634 1134 3683 sunt
1161 3625 1428 3706 Dominici
1464 3627 1705 3697 corporis
1731 3628 2036 3683 cicatrices.
2071 3628 2176 3683 Sed
2206 3645 2329 3683 cum
2359 3621 2478 3700 post
2505 3632 2600 3684 hu-

999 3715 1094 3790 jus
1133 3724 1301 3785 petrtc
1330 3714 1593 3770 foramina
1622 3718 1795 3771 dulcis
1837 3733 1937 3771 vox
1967 3733 2178 3786 sponsae
2208 3720 2258 3772 in
2292 3721 2471 3790 sponsi
2503 3735 2598 3773 au-

1005 3806 1167 3863 ribus
1208 3821 1405 3862 sonare
1435 3807 1784 3876 prtecipitur;
1815 3809 1943 3876 quid
1982 3808 2126 3863 aliud
2160 3825 2322 3879 quam
2362 3811 2600 3880 quinque

1001 3893 1326 3950 vulneribus
1369 3895 1470 3950 sub
1517 3897 1704 3950 eodem
1765 3897 2016 3966 quinario
2069 3915 2296 3954 numero
2355 3901 2599 3955 carmina

1003 3986 1226 4040 laudum
1267 3987 1495 4041 reddere
1531 3987 1618 4057 pia
1640 3986 1892 4056 qualibet
1919 3988 2119 4053 anima,
2154 3989 2235 4042 vel
2261 4001 2451 4046 sancta
2475 3992 2600 4045 titti-

1003 4077 1240 4131 versalis
1274 4077 1515 4131 Ecclesia
1559 4087 1956 4145 commouetur,
1984 4090 2041 4133 ut
2068 4078 2308 4148 ejusdem
2338 4085 2601 4152 quodam-

1002 4167 1170 4224 modo
1199 4168 1408 4221 numeri
1437 4167 1683 4223 carmina
1718 4167 1941 4234 referat,
1972 4180 2106 4239 quot
2135 4186 2233 4240 pro
2263 4187 2321 4231 se
2349 4184 2600 4244 suscepta

1001 4255 1228 4312 vulnera
1250 4272 1354 4312 non
1377 4257 1587 4326 ignorat
1615 4273 1629 4322 ;
1660 4257 1842 4327 illique
1862 4269 2088 4333 cunctos
2110 4263 2192 4316 sui
2215 4265 2460 4333 corporis
2478 4280 2603 4319 seu-

1001 4347 1346 4411 ausdedicet,
1363 4361 1524 4417 quem
1542 4349 1758 4403 totidem
1774 4364 1874 4420 pro
1894 4332 1952 4405 se
1973 4354 2273 4408 sauciatum
2293 4332 2602 4412 vulneribus

1003 4437 1188 4493 videt?
1211 4437 1458 4508 Quinque
1476 4440 1730 4494 nimirum
1752 4449 2060 4496 nostrorum
2085 4458 2339 4501 sensuum
2356 4444 2599 4510 vulnera,

1005 4523 1119 4585 illis
1144 4528 1383 4597 quinque
1424 4529 1689 4583 Dominici
1717 4532 1963 4600 corporis
1988 4534 2334 4589 cicatricibus
2364 4547 2490 4591 sunt
2517 4553 2602 4591 sa-

2697 1999 2778 2041 est
2835 1991 2898 2041 tle
2949 1989 3031 2040 his
3075 1989 3162 2056 qui
3214 1997 3402 2055 pectus
3464 1989 3914 2057 concupiscentia:
3961 2002 4053 2057 per
4097 1997 4302 2040 terram

2697 2079 2941 2140 trahunt,
2985 2087 3038 2128 et
3083 2076 3173 2143 qui
3207 2091 3302 2144 per
3332 2075 3672 2130 szecularium
3707 2077 4044 2146 negotiorum
4099 2075 4304 2130 fluenta

2696 2179 2977 2236 vagantur.
3018 2169 3222 2221 Dicitur
3266 2169 3431 2220 etiam
3473 2169 3618 2236 quod
3651 2168 3995 2237 praecedebat
4035 2167 4306 2236 sapientia

2699 2257 3005 2311 Salomonis
3028 2258 3350 2325 sapientiam
3377 2260 3620 2313 omnium
3655 2258 4013 2314 Orientalium
4046 2269 4100 2314 et
4131 2259 4302 2331 Egy-

2696 2352 2931 2419 ptiorum
2961 2393 2975 2416 ,
3026 2352 3151 2420 quia
3196 2351 3452 2405 nimirum
3490 2353 3818 2422 Redemptor
3859 2363 4046 2406 noster
4081 2360 4308 2421 superat

2699 2443 3031 2496 intellectum
3059 2451 3115 2495 et
3145 2443 3460 2509 angelorum
3502 2453 3558 2496 et
3594 2443 3895 2497 hominum.
3942 2442 4188 2502 Habebat
4215 2440 4308 2498 ille

2699 2532 3054 2601 quadraginta
3106 2531 3270 2584 millia
3312 2533 3573 2602 praesepia
3620 2547 3886 2601 equorum
3937 2531 4313 2591 cun-iliumlet

2700 2623 2981 2676 duodecim
3008 2621 3175 2676 millia
3209 2624 3567 2690 equestrium.
3593 2622 3731 2688 Quid
3765 2637 3862 2690 per
3891 2623 4310 2693 quaternarium

2702 2729 3014 2778 numerum,
3039 2714 3143 2768 nisi
3167 2715 3427 2784 quadriga
3451 2715 3795 2784 praestruitur
3811 2713 4314 2784 evangelistarum?

2702 2806 2769 2860 Et
2803 2805 2932 2874 quid
2975 2821 3072 2874 per
3110 2804 3525 2871 duodenartutn,
3570 2805 3673 2859 nisi
3715 2815 3938 2859 senatus
3986 2804 4314 2872 exprimitur

2703 2896 3114 2966 apostolorum?
3145 2894 3246 2949 Per
3285 2897 3586 2949 doctrinam
3620 2896 3820 2966 quippe
3858 2895 4226 2966 evangelicam
4253 2902 4314 2949 ct

2705 2987 3054 3054 apostolicam
3083 2995 3331 3041 vectatur
3366 2986 3628 3041 Dominus
3667 3002 3761 3056 per
3790 2988 4097 3041 universam
4123 2985 4312 3042 latitu—

2703 3076 2886 3129 dinem
2937 3077 3088 3131 orbis
3138 3085 3430 3130 terrarum.
3483 3093 3502 3127 ι
3538 3075 3741 3131 Currus
3789 3079 3932 3132 enim
3987 3077 4078 3131 Dei
4123 3080 4314 3132 decem

2706 3167 2942 3220 millibus
2997 3166 3298 3237 multiplex,
3341 3167 3509 3221 millia
3562 3169 3891 3233 ltetantium,
3948 3169 4211 3223 Domitius
4255 3168 4314 3225 in

2707 3257 2806 3321 eis,
2839 3259 2892 3312 in
2925 3256 3053 3311 Sina
3087 3259 3139 3311 in
3173 3267 3361 3313 sancto
3393 3257 3568 3328 (Psal.
3601 3264 3791 3328 vatt).
3828 3279 3847 3312 ι
3883 3258 4019 3313 Nam
4064 3261 4194 3330 quia
4222 3257 4311 3315 Si-

2709 3363 2776 3402 na
2803 3349 3114 3400 mandatum
3149 3348 3561 3418 interpretatur,
3624 3358 3836 3405 constat
3863 3351 3917 3403 in
3949 3351 4029 3405 eis
4077 3359 4315 3406 tantum-

2707 3439 2870 3494 modo
2900 3439 3122 3493 vectari'
3155 3439 3466 3505 Domimnn,
3502 3442 3591 3496 ubi
3624 3441 3682 3493 fit
3712 3441 4014 3496 caelestium
4051 3443 4309 3499 observa-

2708 3533 2784 3588 tio
2808 3535 3208 3587 mandatorum.

2778 3622 3086 3676 Notandum
3111 3633 3293 3677 autem
3349 3625 3474 3694 quia
3506 3625 3648 3680 sicut
3677 3641 3901 3697 regnum
3926 3626 4119 3691 David,
4144 3625 4315 3701 356

2708 3715 2800 3785 qui
2824 3724 2902 3768 tot
2932 3716 3200 3784 pressuris
3227 3718 3470 3774 attritus.
3499 3718 3786 3774 Dominum
3817 3721 4062 3791 designat
4084 3721 4134 3774 in
4162 3736 4314 3775 inor-

2709 3805 2835 3858 talis
2861 3805 3038 3860 adhuc
3065 3805 3189 3858 vita!
3224 3807 3401 3860 stadio
3450 3805 3820 3872 laborantem,
3875 3809 3954 3864 sic
4003 3809 4314 3866 Salomonis

2712 3895 2867 3950 istius
2893 3895 3332 3963 incomparabilis
3362 3896 3529 3962 gloria
3569 3901 3880 3969 prteligural.
3921 3901 4171 3954 eumdem
4203 3899 4314 3955 Do—

2710 3985 2914 4038 minum
2944 3993 3065 4053 post
3103 3986 3286 4039 mundi
3319 3987 3479 4041 tinem
3507 3988 3558 4041 in
3589 3989 3799 4055 paterni
3839 3988 4091 4043 culminis
4141 3987 4316 4056 maje-

2707 4085 2850 4130 state
2879 4083 3214 4146 regnantem.
3270 4075 3424 4132 Unde
3471 4077 3579 4131 illic
3621 4079 3821 4132 dicitur
3862 4079 3989 4148 quia
4038 4095 4144 4134 non
4197 4086 4320 4136 erat

2708 4177 3013 4237 argentum,
3049 4182 3149 4221 nec
3183 4167 3344 4222 ullius
3372 4170 3530 4237 pretii
3559 4171 3851 4240 putabatur
3882 4155 4168 4226 iu‘diebus
4211 4172 4315 4226 Sa-

2709 4258 2960 4314 lomonis.
2986 4259 3140 4325 Quod
3170 4260 3426 4314 nimirum
3455 4264 3725 4330 quomodo
3751 4264 3906 4330 juxta
3931 4263 4168 4318 litteram
4199 4273 4313 4320 sta-

2709 4351 2811 4413 bit,
2839 4360 2899 4403 ut
2921 4352 3067 4404 credi
3100 4351 3276 4404 valeat
3306 4361 3547 4421 tempore
3576 4353 3882 4409 Salomonis
3910 4368 4195 4424 argentum
4225 4354 4312 4410 vel

2710 4442 2928 4509 penitus
2955 4457 3060 4495 non
3093 4439 3281 4506 fuisse,
3308 4458 3370 4496 ac
3401 4459 3498 4512 per
3529 4445 3633 4498 hoc
3657 4447 3880 4500 omnino
3916 4449 3982 4501 de
4033 4458 4175 4501 terra
4221 4449 4316 4503 de-

2712 4534 2899 4598 letum,
2924 4533 3008 4587 vel
3031 4533 3228 4588 nullius
3254 4536 3511 4603 perexilis
3559 4537 3752 4591 saltem
3778 4539 3938 4607 pretii
3961 4540 4271 4594 constitisse
4293 4539 4319 4592 Υ

1005 4626 1162 4675 nata.
1204 4617 1356 4684 Quod
1397 4626 1582 4672 autem
1625 4617 1882 4674 Salomon
1932 4637 2093 4691 super
2124 4623 2284 4695 lignis
2332 4641 2360 4679 a
2407 4629 2601 4693 cedro,
2637 4599 2683 4658 θ
2709 4623 2846 4676 Nam
2875 4624 2920 4676 si
2959 4623 3158 4677 nullius
3187 4634 3308 4678 erat
3343 4626 3534 4694 pretii,
3569 4625 3709 4679 sicut
3739 4627 3974 4691 dicitur,
4006 4643 4136 4698 ergo
4166 4629 4316 4682 mille

1009 4723 1138 4780 qua:
1167 4718 1250 4762 est
1283 4709 1334 4762 in
1364 4706 1594 4772 Libano,
1617 4725 1789 4779 usque
1817 4710 1882 4764 ad
1912 4711 2226 4782 hyssopum,
2250 4731 2369 4784 qua:
2391 4718 2602 4786 egredi-

1012 4806 1104 4852 tur
1131 4797 1197 4852 de
1226 4797 1454 4865 pariete,
1485 4799 1787 4868 disputasse
1818 4801 2035 4868 dicitur,
2076 4805 2160 4858 hic
2206 4809 2513 4863 necessario
2538 4811 2606 4864 ad

1008 4887 1346 4967 spiritualem
1398 4888 1692 4942 remittitur
1734 4889 2100 4958 intellectum,
2131 4911 2250 4949 cum
2300 4897 2607 4954 nullatenus

1007 4989 1158 5034 stare
1185 4976 1359 5030 valeat
1403 4978 1716 5047 superficies
1765 4979 2087 5036 litterarum.
2137 4983 2412 5055 llyssopus
2461 4990 2606 5043 enim

1010 5085 1354 5140 nequaquam
1384 5069 1449 5123 de
1478 5071 1775 5138 parietibus
1799 5075 1999 5140 egredi,
2030 5077 2122 5128 sed
2151 5078 2218 5131 de
2250 5082 2458 5135 saxosis
2485 5097 2604 5138 cer-

1007 5162 1162 5218 nitur
1186 5161 1455 5215 montibus
1486 5162 1810 5231 germinare.
1844 5163 2030 5221 Paries
2061 5168 2242 5237 itaque
2272 5181 2458 5227 noster
2487 5173 2602 5242 ipsa

1008 5251 1360 5308 mortalitatis
1406 5263 1604 5307 nostrae
1656 5254 1895 5310 conditio
1937 5266 2039 5323 est,
2088 5274 2208 5328 qua:
2250 5276 2350 5316 nos
2402 5279 2430 5315 a
2477 5280 2605 5318 con-

1008 5341 1361 5411 templatione
1398 5343 1711 5409 conditoris,
1761 5346 1906 5400 velut
1955 5348 2148 5403 abdita:
2192 5353 2382 5407 domus
2415 5355 2597 5409 obsta-

1009 5433 1190 5488 culum
1225 5432 1453 5494 dividit.
1491 5445 1544 5486 et
1603 5435 1654 5488 in
1709 5437 1811 5490 ima
1864 5441 2120 5506 proclivis
2150 5443 2423 5500 declinare
2455 5463 2604 5502 com-

1009 5521 1181 5591 pellit.
1220 5539 1237 5568 ι
1270 5520 1479 5588 Cerpus
1519 5521 1662 5575 enim
1711 5525 1853 5592 quod
1907 5532 2293 5600 corrumpitur,
2350 5546 2610 5605 aggravat

1011 5611 1291 5672 animam,
1338 5618 1394 5663 et
1441 5610 1694 5678 deprimit
1744 5624 1958 5670 terrena
2018 5619 2337 5678 inhabitatio
2385 5641 2606 5682 sensum

1013 5700 1182 5754 multa
1222 5699 1548 5768 cogitantem
1581 5698 1734 5770 (Sap.
1760 5703 1857 5773 ix).
1904 5724 1923 5757 ι
1979 5707 2052 5761 Ex
2086 5708 2186 5764 hoc
2223 5725 2353 5781 ergo
2400 5717 2608 5783 pariete

1013 5785 1282 5856 hyssopus
1307 5785 1600 5851 egreditur,
1645 5787 1772 5855 quia
1799 5791 1866 5844 de
1902 5790 2190 5863 fragilitate
2223 5809 2423 5855 nostra:
2463 5819 2609 5858 mor-

1015 5873 1241 5930 talitatis
1266 5875 1518 5963 enunpit.
1546 5877 1689 5945 quod
1716 5890 1932 5952 semper
1966 5899 2188 5942 necesse
2216 5897 2299 5945 est
2319 5887 2464 5946 ferro
2487 5905 2604 5963 pa:-

1427 5962 1702 6025 Pn'tmL.
1737 5983 1978 6045 CXUY.

2710 4713 2912 4768 talenta
2935 4714 3144 4781 argenti
3175 4730 3240 4767 ne
3273 4715 3432 4768 unius
3462 4715 3679 4783 quidem
3713 4726 3970 4787 poterunt
3992 4720 4078 4771 ovi
4111 4734 4316 4789 appen-

2713 4806 2804 4860 dio
2840 4806 3141 4875 supputari.
3190 4807 3343 4872 Quod
3391 4823 3522 4862 sane
3564 4810 3708 4864 credi
3737 4850 3752 4876 ,
3801 4827 3962 4880 quam
4015 4810 4266 4868 frivolum
4296 4853 4314 4878 ,

2715 4911 2879 4965 quam
2911 4896 3158 4949 videatur
3187 4895 3451 4966 ineptum,
3483 4899 3598 4968 ipse
3621 4901 3854 4956 revincit
3874 4911 4072 4965 textus,
4099 4913 4153 4956 et
4173 4903 4311 4957 ordo

2714 4987 3028 5048 verborum,
3059 4985 3147 5053 qui
3192 4997 3477 5055 postquam
3511 4991 3830 5057 prmmittit:
3871 5012 3888 5042 ι
3926 4993 4044 5047 Non
4075 5003 4195 5047 erat
4224 5007 4320 5047 ar-

2715 5087 2956 5145 gentum,
2993 5091 3089 5129 nec
3120 5075 3282 5131 ullius
3311 5079 3470 5148 pretii
3519 5081 3814 5149 putabatur
3843 5084 3895 5137 in
3928 5084 4118 5139 diebus
4163 5085 4319 5141 Salo-

2714 5165 2927 5229 monis;
2962 5185 2980 5218 ι
3009 5175 3208 5234 prtesto
3239 5167 3517 5240 subjungit
3543 5185 3557 5222 :
3583 5188 3602 5220 ‹
3630 5173 3756 5240 quia
3802 5173 3993 5228 classis
4045 5175 4188 5244 regis
4219 5192 4315 5244 per

2713 5272 2864 5310 mare
2892 5272 3014 5310 cum
3045 5259 3222 5312 classe
3251 5257 3435 5312 Hiram
3469 5262 3632 5315 semel
3666 5279 3762 5331 per
3805 5275 3917 5318 tres
3964 5282 4132 5321 annos
4167 5268 4317 5321 ibant

2711 5349 2975 5412 Tharsis,_
2995 5349 3244 5405 deferens
3268 5352 3392 5406 inde
3419 5370 3608 5407 aurttm
3638 5368 3695 5410 ct
3726 5369 4011 5428 argentum
4042 5359 4162 5430 (III
4191 5361 4315 5430 Reg.

2713 5441 2789 5506 ι).
2835 5461 2853 5492 ι
2888 5441 2998 5495 Cur
3027 5443 3170 5495 enim
3213 5458 3306 5512 per
3338 5453 3415 5498 tot
3446 5448 3652 5501 marina
3693 5449 4007 5504 discrimina
4036 5452 4314 5504 metallum

2712 5533 2815 5586 hoc
2844 5532 3036 5587 classis
3068 5533 3155 5586 illa
3193 5533 3449 5601 deferret,
3488 5540 3631 5606 quod
3676 5542 3911 5609 pretium
3957 5543 4175 5611 penitus
4207 5559 4315 5596 non

2713 5623 2983 5677 haberet?
3008 5624 3074 5678 Et
3104 5624 3262 5694 paulo
3307 5636 3428 5696 post
3475 5629 3674 5683 dicitur
3710 5632 3835 5698 quia
3874 5650 3891 5682 ι
3949 5631 4316 5688 oﬂercbantur

2711 5718 2761 5771 ei
2803 5731 2932 5771 vasa
2961 5731 3127 5772 aurea
3152 5728 3206 5772 et
3239 5731 3493 5790 argentea
3519 5719 3729 5792 (Ibid.).
3765 5743 3782 5775 ι
3822 5724 4023 5779 Deinde.
4049 5727 4317 5780 subinter-

2714 5818 2802 5863 tur
2857 5809 2983 5878 quia
3035 5827 3053 5860 ι
3097 5811 3479 5882 egrediebatur
3517 5815 3777 5885 quadriga
3807 5831 3871 5873 ex
3904 5817 4143 5890 iEgypto
4190 5833 4316 5873 θοις

2718 5901 2891 5956 contis
2922 5900 3071 5956 siclis
3117 5904 3351 5974 argenti,
3392 5915 3444 5959 rt
3484 5907 3638 5976 cquis
3674 5917 3890 5964 centum
3923 5911 4316 5983 quinquaginta

3916 6003 3994 6065 26
