5882 6650
2918 438 2977 496 5.
3014 440 3214 495 PETRI
3249 404 3531 497 DAMIAIil
3555 435 3705 491 ουρ.
3745 431 3982 489 TOMUS
4019 426 4151 485 εει]
4193 426 4371 481 PARS
4408 425 4496 482 lli.
4520 424 4967 484 -0PUSCULA
5015 421 5235 479 VARIA.

5587 418 5695 478 8i!

2451 548 2568 617 (III
2596 547 2715 619 Reg.
2756 550 2835 619 ι).
2870 569 2891 601 ι
2921 549 3034 603 Non
3071 564 3199 617 ergo
3240 548 3414 617 pretio
3457 546 3675 601 carebat
3710 552 4019 614 argentum,
4049 548 4098 605 Α
4126 554 4313 609 puram
4343 552 4502 592 sacco
4523 546 4573 592 et
4599 552 4791 592 manus
4814 552 4934 606 qua:
4959 536 5011 589 in
5036 535 5249 590 modum
5288 534 5546 590 columba
5578 532 5694 605 [co-

2450 655 2557 708 quo
2579 640 2817 694 vehicula
2840 639 3241 692 redimebantnr
3260 653 3538 706 equorum.
3560 636 3664 690 Sed
3684 644 3909 703 argento
3929 632 4025 686 de-

2449 730 2697 796 signatur
2724 728 2941 781 claritas
2974 728 3355 781 ecclcsiastica:
3383 727 3800 797 praedicationis,
3825 726 3891 778 de
3918 739 4022 792 qua

2449 815 2643 870 dicitur
2671 834 2683 869 :
2714 836 2731 866 ι
2766 816 2988 885 Eloquia
3016 817 3248 879 Domini,
3286 816 3498 884 eloquia
3547 826 3695 869 casta
3741 824 4025 885 argentum

2450 895 2619 967 (Paul.
2654 900 2767 969 ιι).
2812 919 2829 950 ι
2884 900 3035 964 Quod
3087 900 3333 953 videlicet
3380 909 3581 953 sancta:
3630 898 4025 967 praedicationis

2447 998 2749 1056 argentum,
2782 989 2996 1053 nullius,
3025 999 3083 1042 ut
3110 990 3181 1043 ita
3205 989 3413 1057 loquar,
3447 988 3603 1056 pretii
3637 988 4021 1055 rcputabimus,

2449 1091 2547 1131 nec
2594 1077 2934 1147 aliquatenus
2982 1079 3183 1133 erimus
3225 1080 3340 1147 ejus
3390 1077 3589 1145 indigi,
3639 1085 3921 1145 postquam
3956 1076 4023 1129 ad

2454 1165 2568 1218 veri
2596 1164 2901 1219 Salomonis
2944 1181 3165 1235 regnum
3204 1180 3269 1218 ex
3299 1166 3400 1218 hac
3431 1163 3692 1218 fuerimus
3720 1163 4025 1216 calamitate

2448 1254 2712 1307 translati.
2763 1254 2878 1307 Non
2926 1258 3067 1309 enim
3122 1265 3248 1309 tunc
3296 1254 3693 1321 praedicationis
3724 1254 4023 1321 indigemus

2445 1342 2679 1411 eloquio,
2705 1343 2796 1397 ubi
2822 1344 2981 1397 datur
3005 1345 3057 1397 in
3085 1344 3276 1397 decore
3306 1358 3405 1397 suo
3450 1358 3631 1411 regem
3663 1342 3846 1411 gloriae
3890 1341 4025 1395 facie

2445 1435 2511 1488 ad
2541 1434 2734 1489 faciem
2756 1451 2999 1499 cernere,
3031 1453 3191 1506 quem
3218 1437 3403 1506 utique
3426 1422 3809 1492 consuevimus
3832 1452 3899 1491 ex
3929 1453 4025 1491 ore

2446 1524 3044 1592 praedicatorisaudire.
3076 1528 3229 1581 Sicut
3252 1542 3346 1595 per
3370 1528 3687 1597 prophetam
3737 1526 4023 1593 pollicetur

2444 1614 2724 1683 Dominus,
2746 1618 2933 1673 dicens
2965 1632 2978 1670 :
3008 1638 3025 1668 ι
3058 1618 3226 1673 Nemo
3250 1619 3392 1673 dicet
3416 1636 3430 1671 :
3452 1620 3696 1688 Agnosce
3718 1618 4022 1679 Dominum,

2441 1718 2632 1757 omnes
2652 1706 2796 1759 enim
2822 1714 3149 1774 cognoscent
3174 1720 3280 1769 me,
3312 1720 3341 1758 a
3373 1705 3610 1759 maxime
3634 1720 3801 1773 usque
3834 1704 3900 1758 ad
3930 1706 4024 1757 mi—

2444 1790 2673 1859 nimum,
2707 1794 2836 1848 dicit
2866 1794 3125 1849 Dominus
3152 1796 3287 1863 (Jer.
3326 1794 3429 1861 ιι).
3470 1813 3487 1845 ι

3058 1885 3284 1940 CAPUT
3336 1884 3420 1938 Ill.

2932 1976 3141 2027 Amovet
3169 1974 3526 2041 objectionem.

2513 2055 2619 2112 Sed
2668 2058 2805 2114 forte
2852 2063 2973 2129 quis
3012 2065 3219 2117 asserat
3264 2062 3554 2129 Scriptura).
3602 2063 3761 2115 verba
3805 2078 3903 2116 nos
3955 2064 4021 2116 ad

2448 2157 2691 2202 nostrum
2743 2150 3069 2205 intellectum
3114 2150 3380 2206 violenter
3416 2150 3724 2215 inﬂectere;
3778 2164 3831 2205 et
3881 2152 4024 2222 quod

2442 2234 2696 2291 Salomon
2727 2239 2791 2291 de
2820 2253 2879 2292 se
2907 2240 3119 2293 videtur
3142 2254 3411 2303 asserere,
3438 2241 3503 2292 ad
3542 2239 3873 2293 Salvatorem
3904 2256 4026 2309 perc

2440 2328 2627 2383 hibeat
2648 2331 2957 2399 specialiter
2996 2348 3093 2403 per
3117 2335 3296 2389 omnia
3331 2335 3622 2401 pertinere.
3660 2334 3813 2387 Dicat
3844 2335 4025 2404 itaque

2440 2417 2595 2485 hujus
2622 2419 2939 2487 objectiouis
2980 2435 3216 2478 assertor
3261 2438 3367 2494 qua
3416 2422 3690 2477 Salomoni
3734 2425 3910 2479 valeat
3938 2442 4025 2477 ra-

2440 2507 2584 2565 tione
2609 2520 2915 2579 competere
2939 2516 3081 2581 quod
3104 2515 3254 2583 quasi
3285 2516 3350 2570 de
3379 2530 3438 2570 se
3461 2514 3629 2568 dicit:
3662 2533 3679 2565 ς
3720 2517 3860 2570 Deus
3882 2518 4023 2571 enim

2446 2596 2594 2652 dedit
2643 2601 2771 2654 mihi
2828 2602 3018 2656 horum
3068 2619 3185 2673 quae
3235 2616 3357 2659 sunt
3406 2605 3687 2660 scientiam
3742 2622 3921 2661 veram
3970 2618 4026 2662 ut

2438 2685 2609 2739 sciam
2642 2686 3048 2755 dispositionem
3093 2692 3241 2747 orbis
3269 2701 3533 2747 terrarum
3570 2701 3625 2747 et
3660 2694 3891 2747 virtutes
3919 2695 4025 2750 ele-

2438 2787 2762 2845 mentorum,
2789 2781 2998 2836 initium
3030 2792 3082 2837 et
3104 2787 3622 2840 consummationem
3666 2798 3719 2839 et
3761 2788 4019 2843 medieta-

2438 2871 2543 2917 tem
2613 2871 2959 2935 temporum,
3013 2871 3443 2927 vicissitudinum
3491 2877 3912 2942 permutationes
3970 2887 4026 2931 et

2436 2958 2888 3012 commutationes
2915 2961 3214 3025 hominum,
3252 2964 3377 3017 anni
3421 2980 3612 3018 cursus
3655 2974 3710 3019 et
3750 2967 4024 3021 stellarum

2436 3044 2838 3113 dispositiones,
2872 3059 3092 3103 naturas
3133 3052 3443 3105 animalium
3472 3064 3527 3107 et
3557 3054 3667 3109 iras
3694 3055 4019 3123 bestiarum,

2439 3132 2545 3187 vim
2579 3142 2859 3189 ventorum
2886 3146 2941 3191 et
2978 3139 3334 3207 cogitationes
3365 3140 3665 3204 hominum,
3693 3152 3746 3196 et
3772 3159 4027 3212 quaecun-

4130 627 4345 698 lumnze]
4377 636 4591 698 gestare
4636 636 4990 681 consueverat
5042 636 5331 695 sceptrum,
5363 626 5545 680 attrita
5581 627 5692 695 jam

4126 723 4243 768 erat
4272 726 4486 783 portare
4518 714 4847 782 psalterium.
4884 714 5110 778 Revera,
5142 714 5288 782 quia,
5335 732 5353 763 ι
5382 715 5550 767 omnis
5576 713 5690 782 glo-

4129 804 4205 856 ria
4236 803 4358 855 tiliac
4389 819 4573 871 regum
4612 805 4678 856 ab
4711 804 4854 857 intus
4883 802 5054 863 (Psnl.
5087 805 5231 872 κων)
5261 822 5273 857 :
5312 822 5331 854 ι
5359 804 5688 857 vernantitun

4126 891 4289 943 decor
4319 890 4406 943 ille
4438 907 4792 959 gemmarum,
4818 901 4871 945 et
4895 893 5291 945 coruscantinm
5321 909 5449 946 auro
5472 886 5689 947 vestium

4126 980 4324 1043 cultus,
4351 982 4462 1049 jam
4493 982 4561 1035 ad
4607 982 4865 1035 interiora
4909 983 5287 1049 migraverant,
5316 994 5369 1036 et
5408 984 5457 1035 in
5500 980 5689 1035 occulti

4126 1070 4483 1139 speculatoris
4527 1071 4804 1125 obtutibus
4847 1072 5072 1125 interior
5096 1086 5307 1139 sponsa:
5334 1072 5533 1139 species
5555 1071 5694 1124 relu-

4125 1162 4303 1214 cebat.
4362 1160 4459 1215 Cui
4508 1176 4784 1230 sponsus:
4830 1181 4848 1212 ς
4898 1161 5052 1225 Tota,
5106 1162 5297 1231 inquit,
5348 1162 5562 1231 pulchra
5612 1175 5685 1219 εὖ.

4127 1252 4302 1306 amica
4334 1267 4473 1314 mea,
4505 1262 4559 1305 et
4584 1252 4795 1307 macula
4825 1264 5033 1308 nonest
5063 1255 5113 1308 in
5147 1265 5196 1309 te
5225 1254 5395 1326 (Cant.
5422 1256 5514 1323 tv).
5552 1274 5570 1307 δ
5626 1255 5691 1308 Et

4126 1341 4320 1393 iterum
4359 1358 4369 1392 :
4412 1358 4429 1390 ‹
4468 1340 4697 1394 Pulchra
4724 1356 4801 1405 es,
4834 1343 5005 1396 amica
5050 1360 5186 1408 mea,
5214 1346 5391 1399 suavis
5426 1353 5479 1398 et
5504 1345 5689 1399 decora

4127 1428 4411 1497 (Cauni).
4453 1447 4470 1479 ι
4506 1429 4799 1483 Delicatam
4831 1445 4993 1499 porro
5029 1434 5290 1487 cervicem
5320 1434 5561 1498 illam,“
5590 1447 5692 1503 qua

4128 1534 4251 1572 cum
4282 1518 4573 1573 hracteolis
4604 1521 4785 1573 aureis
4814 1529 4869 1573 et
4906 1521 5251 1575 rutilantibus
5279 1523 5576 1590 margaritis
5598 1524 5691 1576 dn-

4130 1606 4255 1659 dum
4289 1621 4514 1660 murena
4565 1608 4855 1675 pendebat,
4890 1624 5033 1663 nunc
5088 1625 5272 1680 margo
5328 1610 5491 1675 iuncte
5534 1612 5692 1667 vestis

4128 1706 4435 1761 exasperat.
4496 1696 4645 1751 Unde
4701 1698 4932 1750 ministri
5014 1698 5251 1752 cmlestis
5313 1699 5451 1754 illius
5514 1700 5691 1770 sponsi

4133 1784 4225 1835 tibi
4277 1784 4625 1837 blandiuntur
4672 1794 4728 1838 et
4772 1787 4996 1839 dicunt:
5027 1806 5045 1837 ‹
5080 1786 5381 1842 Murenulas
5409 1803 5595 1843 aureas
5618 1787 5694 1843 fa-

4052 1868 4099 1926 B
4130 1872 4331 1925 ciemus
4394 1875 4483 1925 tibi
4539 1874 4921 1931 vermiculatas
4982 1887 5203 1947 argento
5253 1878 5425 1947 (Cant.
5452 1886 5513 1951 t).
5558 1902 5577 1933 ι
5628 1882 5689 1936 Et

4126 1978 4357 2030 sponsus
4398 1964 4613 2019 adhuc:
4650 1983 4668 2014 ι
4725 1965 5119 2032 Coronaberis,
5179 1970 5379 2039 inquit,
5429 1972 5494 2025 de
5526 1975 5695 2040 capite

4126 2054 4354 2118 Amana,
4394 2056 4459 2109 de
4507 2055 4707 2110 vertice
4755 2056 4916 2110 Sanir
4958 2067 5011 2111 et
5058 2059 5314 2124 llcrmon,
5341 2062 5404 2115 de
5441 2063 5695 2118 cubilibus

4128 2142 4368 2207 leonum,
4400 2145 4466 2199 de
4489 2147 4761 2201 montibus
4783 2148 5073 2216 pardorum
5105 2148 5280 2217 (Cant.
5315 2150 5409 2221 tv).
5448 2170 5467 2202 ι
5493 2153 5693 2208 Amana

4126 2236 4392 2303 siquidem
4424 2252 4578 2291 mons
4605 2238 4806 2293 Cilicia:
4833 2241 5052 2304 dicitur,
5082 2243 5170 2310 qui
5195 2251 5246 2295 et
5273 2241 5477 2297 Taurus
5502 2256 5530 2295 a
5551 2259 5691 2298 como

4126 2328 4367 2397 pluribus
4398 2331 4719 2399 appellatur.
4748 2331 4911 2385 Sanir
4945 2342 4996 2385 et
5020 2332 5252 2387 llermon
5283 2345 5439 2388 terra
5464 2333 5693 2390 Iudaica

4128 2427 4338 2472 montes
4368 2428 4510 2481 sunt,
4544 2419 4595 2473 in
4629 2421 4823 2489 quibus
4848 2424 5027 2475 leones
5050 2430 5102 2475 et
5130 2422 5280 2491 pardi
5309 2421 5553 2475 habitare
5576 2438 5693 2477 cre-

4131 2506 4347 2560 duntur.

4735 2600 4958 2655 CAPUT
4999 2599 5086 2654 iV.

4129 2705 4281 2769 Quod
4312 2723 4403 2773 per
4439 2707 4571 2760 bona
4603 2708 4847 2829 exempla!
4873 2726 5065 2761 corona
5104 2710 5282 2778 glorias
5316 2711 5459 2764 nobis
5505 2725 5689 2767 cunu-

4851 2789 4991 2829 atur.

4851 2789 4991 2830 alur.

4199 2864 4301 2917 Per
4332 2865 4430 2919 hos
4456 2878 4585 2934 ergo
4610 2874 4839 2929 montes,
4869 2881 5023 2936 reges
5076 2876 5129 2921 et
5160 2867 5423 2937 principes
5445 2869 5688 2925 diversa-3v

4127 2970 4231 3024 que
4274 2956 4456 3008 mundi
4497 2957 4652 3025 hujus
4682 2957 5040 3026 intelligendre
5081 2968 5207 3013 sunt
5235 2967 5545 3029 potestates,
5575 2976 5689 3031 qua

4127 3046 4273 3100 velut
4300 3058 4510 3101 montes
4555 3064 4673 3102 sese
4712 3050 4763 3102 in
4810 3050 5073 3118 superbiae
5099 3052 5308 3106 culmen
5341 3052 5606 3115 attollunt,
5636 3062 5688 3107 et

4128 3135 4377 3201 malignis
4432 3138 4712 3204 spiritibus
4739 3147 4990 3207 tanquam
5022 3140 5201 3207 pardis
5256 3149 5414 3209 atque
5453 3142 5690 3195 leonibus

2437 3241 2543 3297 que
2592 3236 2717 3282 sum
2762 3228 3025 3284 absconsa
3070 3241 3123 3285 ει
3165 3231 3453 3301 improvisa
3504 3232 3665 3287 didici
3695 3233 3849 3304 (ςηρ,
3880 3237 3939 3305 ι),
3992 3256 4011 3288 ,
4046 3221 4089 3283 C
4122 3222 4485 3278 habitaculum
4503 3225 4697 3279 ferunt.
4722 3227 4794 3280 De
4823 3228 4905 3281 his
4938 3240 4991 3280 ttt
5019 3244 5149 3299 ergo
5175 3231 5442 3285 montibus
5468 3247 5688 3286 corona-

2438 3314 2570 3368 Nam
2606 3326 2665 3369 ut
2694 3318 2758 3371 de
2774 3318 2985 3373 caateris
3011 3320 3227 3374 interim
3258 3321 3538 3386 sileamus,
3565 3326 3834 3392 quomodo
3858 3342 4017 3383 nosse

2436 3406 2614 3474 potuit
2640 3407 2918 3461 hominum
2944 3411 3320 3479 cogitationes,
3344 3428 3466 3467 cum
3498 3414 3613 3483 ipse
3643 3412 3755 3470 Deo
3788 3416 3915 3471 alibi
3941 3419 4021 3472 di-

2436 3504 2562 3551 cat;
2595 3515 2613 3548 ο
2646 3495 2725 3551 Τυ
2756 3499 2904 3552 solus
2943 3502 3080 3554 nosti
3112 3504 3273 3556 corda
3310 3505 3549 3558 omnium
3580 3505 3810 3560 ﬁliorum
3840 3508 4018 3561 homi-

2438 3583 2613 3637 ιιυωῖ
2644 3603 2662 3636 ι
2691 3584 2810 3655 (III
2841 3585 2963 3658 Reg.
2992 3588 3077 3659 tt.)
3109 3588 3214 3644 Sed
3247 3591 3367 3659 quis
3394 3601 3445 3645 et
3472 3593 3733 3648 absconsa
3760 3598 3937 3650 omnia
3966 3607 4022 3652 et

2435 3674 2603 3745 857
2628 3676 2917 3747 improvisa
2962 3679 3169 3744 didicit,
3218 3682 3317 3735 nisi
3369 3681 3693 3754 Redemptor
3720 3698 3934 3755 noster,
3966 3690 4020 3743 in

2436 3764 2593 3833 cujus
2610 3774 2829 3834 pectore
2849 3775 2974 3821 sunt
2998 3784 3183 3823 omnes
3209 3770 3443 3825 thesauri
3473 3776 3748 3843 sapientiae
3771 3786 3825 3831 et
3848 3779 4022 3831 scien-

2439 3853 2531 3909 tia
2558 3855 2898 3911 absconditi?
2922 3855 3057 3929 (Col.
3079 3862 3163 3927 tt.)
3192 3860 3292 3926 Qui
3322 3860 3565 3930 profecto
3592 3879 3688 3934 per
3716 3866 4020 3921 humanita-

2441 3951 2548 3999 tem
2574 3944 2762 4001 didicit
2786 3948 2926 4016 quod
2968 3964 3066 4018 per
3104 3949 3437 4007 divinitatem
3488 3955 3809 4011 naturaliter
3852 3959 4019 4012 novit.

2508 4034 2594 4088 Ad
2625 4035 2769 4090 hunc
2791 4051 2922 4107 ergo
2956 4037 3298 4095 Salomonem
3330 4050 3385 4095 tu
3422 4058 3615 4112 nuper,
3644 4060 3677 4099 o
3705 4046 3907 4116 regina,
3934 4063 4023 4102 ve-

2441 4127 2595 4194 nisti,
2617 4144 2724 4183 non
2751 4139 2813 4183 ut
2856 4129 2945 4185 illa
2990 4130 3341 4197 Sabaeorum,
3376 4136 3427 4188 in
3457 4136 3722 4196 curribus.
3752 4140 4023 4209 equitibus

2439 4224 2497 4271 et
2519 4216 2841 4286 elephantis,
2870 4220 2963 4274 sed
2997 4220 3050 4274 in
3102 4220 3603 4294 lacrymispotius,
3648 4227 3937 4296 gemitibus
3971 4238 4025 4283 et

2440 4302 2715 4360 lamentis.
2767 4304 2845 4361 Tu
2876 4322 3009 4378 ergo
3042 4312 3308 4366 veraciter
3336 4327 3396 4367 es
3444 4314 3628 4383 regina
3676 4314 3839 4370 Saba.
3883 4315 4024 4373 Saba

2441 4392 2708 4462 siquidem
2760 4395 3147 4467 interpretatur
3198 4400 3436 4466 humilis,
3460 4402 3545 4457 vel
3590 4407 3914 4473 campestris.
3959 4408 4024 4462 Et

2441 4488 2584 4545 bene
2608 4480 2942 4561 mmpestris.
2980 4494 3035 4548 In
3063 4508 3315 4560 campum
3345 4495 3544 4565 quippe
3579 4497 3894 4552 certaminis
3929 4499 4018 4554 de-

4126 3316 4293 3378 beris,
4326 3317 4451 3384 quia
4497 3328 4761 3385 quotquot
4813 3318 4998 3371 mundi
5046 3320 5314 3389 principes
5346 3334 5409 3373 ac
5453 3330 5691 3389 potentes

4125 3403 4191 3457 ad
4231 3403 4397 3457 Deum
4446 3418 4543 3473 per
4593 3413 4740 3458 tuum
4800 3415 5192 3461 convertuntur
5244 3408 5565 3477 exemplum,
5595 3424 5689 3478 pro

4126 3493 4211 3546 his
4242 3493 4494 3548 omnibus
4531 3504 4747 3548 alterna:
4792 3495 4975 3565 gloriae
5033 3498 5128 3551 tibi
5174 3498 5530 3552 cumulabitur
5553 3514 5688 3568 pra:-

4126 3586 4328 3651 mium;
4359 3587 4469 3640 eris
4494 3602 4707 3656 quoque
4743 3604 4852 3641 non
4884 3589 5042 3641 modo
5071 3596 5344 3647 coronata,
5375 3591 5468 3642 sed
5498 3598 5551 3643 et
5580 3590 5689 3658 ipsa

4124 3690 4345 3741 corona,
4368 3678 4628 3745 pr0pheta
4660 3676 5255 3746 attestante,qni858
5286 3676 5397 3729 ait;
5436 3697 5453 3727 ι
5488 3676 5553 3730 Et
5580 3677 5685 3731 eris

4124 3782 4323 3822 corona
4349 3767 4535 3837 gloria
4567 3768 4617 3821 in
4651 3781 4810 3820 manu
4842 3768 5071 3833 Domini,
5096 3776 5150 3823 et
5178 3768 5421 3822 diadema
5459 3767 5603 3839 regni
5633 3766 5688 3824 in

4126 3874 4286 3912 manu
4318 3858 4413 3912 Dei
4449 3860 4523 3911 tui
4549 3858 4683 3928 (lsa.
4714 3858 4845 3928 ut).
4881 3877 4899 3909 ι

4196 3948 4462 4011 Amisisti,
4520 3948 4727 4017 regina,
4763 3948 4936 4001 virum
4975 3955 5095 4016 post
5122 3963 5279 4017 quem
5318 3947 5596 4018 dedignata
5630 3962 5687 4003 es

4127 4038 4391 4093 thalamos
4440 4040 4658 4104 iterare,
4689 4039 4772 4093 vel
4800 4040 4946 4109 proci
4986 4040 5267 4109 cujuslibet
5298 4038 5468 4093 fmdus
5496 4040 5683 4094 admit-

4128 4140 4260 4195 tere,
4282 4130 4385 4184 nisi
4418 4130 4507 4199 qui
4534 4130 4766 4199 priorem
4789 4130 4962 4184 virum
4995 4129 5387 4184 e'xcellentioris
5411 4129 5588 4198 gloria
5613 4128 5687 4183 di-

4124 4224 4329 4293 gnitate
4362 4223 4792 4277 transcenderet.
4831 4221 4967 4288 Quid
5005 4221 5167 4292 igitur
5195 4220 5431 4275 faceres?
5465 4219 5557 4273 Vir
5602 4219 5686 4275 ille

4124 4322 4248 4367 tuus
4273 4313 4567 4381 imperator
4595 4311 4824 4375 exstitit,
4854 4311 5012 4381 regia:
5064 4310 5337 4381 dignitatis
5374 4310 5576 4379 apicem
5608 4321 5681 4363 te-

4125 4401 4260 4465 nuit,
4285 4409 4341 4456 et
4364 4401 4507 4469 quod
4554 4400 4609 4454 in
4657 4400 4966 4455 hominibus
5018 4400 5289 4471 singulare
5319 4408 5432 4463 est,
5462 4400 5683 4455 Romani

4124 4492 4333 4560 imperii
4364 4491 4733 4546 monarchiam
4764 4492 5111 4562 dispensavit.
5144 4491 5275 4557 Quia
5303 4492 5461 4561 igitur
5487 4491 5538 4545 in
5572 4502 5685 4545 tan-

2440 4577 2721 4639 scendisti,
2742 4589 2799 4632 ut
2821 4596 3009 4636 manus
3038 4583 3286 4637 manibus
3307 4561 3594 4649 conseras;
3621 4594 3675 4639 et
3698 4600 3795 4654 pro
3823 4588 4020 4643 castris
4048 4561 4098 4622 Β
4126 4588 4192 4633 l3!
4243 4579 4595 4634 celsitudinis.
4622 4594 4748 4634 arce
4778 4561 5147 4649 Ρτιέθῐηίηυίιν
5177 4596 5241 4635 οο
5268 4580 5509 4650 superior
5540 4580 5687 4651 quis-

2443 4664 2647 4722 Christi
2687 4678 2835 4725 stans
2860 4711 2875 4735 ,
2916 4686 3021 4725 non
3056 4674 3329 4727 enerviter
3367 4689 3493 4729 cum
3546 4675 3700 4729 hoste
3742 4676 4019 4747 conﬂigas.

2444 4755 2673 4819 Venisti,
2710 4759 2946 4827 inquam,
2989 4754 3092 4815 non
3142 4772 3200 4815 ut
3247 4762 3589 4831 aenigmatum
3631 4765 3724 4818 tibi
3766 4768 4022 4835 mysteria

2444 4846 2756 4916 scrupulosa
2787 4849 3130 4916 dissolveret;
3176 4851 3269 4904 sed
3300 4859 3357 4903 ut
3380 4866 3475 4920 per
3497 4852 3757 4921 simplicis
3788 4854 4024 4909 clavicu-

2444 4934 2565 4989 larii
2592 4938 2670 4992 sui
2688 4939 3041 4994 ministerium
3071 4942 3221 5010 regni
3247 4941 3485 4997 caelestis
3504 4942 3707 4997 aditum
3734 4956 4019 4999 reseraret.

2446 5020 2653 5078 Venisti
2703 5026 2921 5081 humilis
2970 5030 3035 5081 ad
3066 5030 3343 5091 humilem,
3372 5045 3575 5100 pauper
3600 5032 3665 5084 ad
3694 5047 4015 5102 pauperem;

2446 5121 2501 5167 et
2526 5117 2677 5184 quasi
2731 5131 2853 5171 cum
2882 5122 3181 5185 perornatis
3210 5130 3265 5175 et
3304 5121 3520 5175 incultis
3540 5139 3763 5193 gregum
3794 5126 4023 5193 pastori—

2447 5203 2548 5257 bus
2595 5205 2818 5260 adorare
2846 5206 3039 5261 venisti
3066 5224 3287 5276 puerum
3319 5211 3369 5263 in
3422 5214 3681 5281 praesepio
3714 5214 4019 5282 vagientem

2449 5291 2599 5361 (Luc.
2632 5294 2717 5364 tt).
2746 5294 2953 5350 Vidisse
3006 5312 3195 5367 nempe
3246 5307 3371 5352 tunc
3414 5308 3484 5362 te,
3516 5308 3571 5353 et
3617 5317 3735 5369 quae
3774 5303 3915 5357 circa
3950 5313 4021 5366 te,

2450 5384 2749 5437 mirandum
2774 5385 2929 5439 valde
2956 5386 3337 5455 spectaculum,
3363 5396 3415 5442 et
3435 5388 3753 5445 imitandum
3779 5390 4026 5445 Salvatoc

2450 5470 2527 5525 ris
2562 5484 2681 5528 erat
2723 5474 3093 5531 :edilicationis
3134 5478 3459 5547 exemplum.
3492 5480 3669 5535 Vestis
3702 5483 3844 5536 enim
3876 5483 4022 5552 pulla

2450 5567 2506 5614 et
2534 5558 2708 5616 lanea.
2735 5563 2783 5618 Is
2813 5566 2896 5620 cui
2928 5566 3220 5632 insidebas,
3249 5584 3354 5623 non
3383 5570 3557 5623 dicam
3579 5586 3770 5641 equus,
3800 5574 3893 5627 sed
3925 5588 4019 5642 po~

2452 5646 2560 5702 tius
2603 5648 2793 5716 burno,
2825 5653 2908 5709 vel
2934 5655 3203 5722 burricus,
3241 5658 3329 5711 vix
3357 5673 3666 5714 mensuram
3699 5663 3898 5716 desidis
3938 5680 4028 5719 ex-

2451 5736 2673 5792 cedebat
2701 5738 2872 5796 aselli.
2902 5740 3201 5800 Iutareras
3243 5746 3385 5803 enim
3431 5760 3687 5803 coronam
3717 5750 3856 5817 velo,
3894 5767 4023 5821 pur-

4126 4669 4269 4738 piam
4318 4670 4369 4721 in
4404 4669 4638 4721 humano
4677 4682 4875 4738 genere
4921 4669 5145 4737 reperiri
5202 4684 5304 4722 non
5350 4670 5533 4738 potuit.
5561 4670 5683 4737 Quae

4126 4774 4256 4829 ergo
4296 4760 4348 4811 in
4395 4758 4556 4812 terris
4586 4758 4835 4812 idoneum
4888 4767 4943 4835 et
4994 4760 5084 4828 qui
5126 4760 5230 4814 tuis
5262 4759 5491 4829 placeret
5519 4761 5681 4816 oculis

4125 4852 4368 4905 invenire
4397 4866 4500 4905 non
4530 4860 4744 4919 poteras
4771 4851 4943 4904 virum
4970 4891 4983 4913 ,
5024 4852 5073 4904 in
5104 4851 5337 4905 coalestis
5364 4852 5541 4919 sponsi
5566 4866 5683 4919 pro-

4127 4939 4317 4992 volasti
4345 4939 4606 4992 violenter
4631 4939 4926 5008 amplexus.
4961 4939 5229 4993 Violenter
5258 4940 5469 5007 inquam
5496 4957 5508 4991 :
5538 4958 5556 4989 ‹
5585 4937 5682 4992 Re-

4127 5046 4286 5098 gnum
4330 5031 4528 5100 quippc
4553 5031 4810 5084 colorum
4843 5032 4949 5085 vim
4993 5031 5211 5100 patitur,
5242 5040 5294 5083 et
5317 5029 5525 5083 violenti
5554 5030 5679 5082 diri-

4128 5119 4280 5188 piunt
4309 5119 4437 5172 illud
4458 5119 4672 5188 (Matth.
4691 5120 4788 5189 xu).
4806 5139 4824 5171 ι
4844 5118 4888 5173 0
4905 5120 5057 5175 beata
5078 5120 5173 5174 ista
5199 5119 5509 5189 superbia,o
5533 5120 5679 5174 beata

4134 5210 4327 5262 mentis
4352 5208 4533 5269 elatio.
4565 5217 4619 5263 et
4645 5209 4894 5264 omnibus
4918 5211 5075 5281 digna
5106 5210 5533 5280 praeconiis,qua:
5561 5210 5679 5264 dum

4132 5299 4361 5353 carnalis
4394 5299 4609 5352 thalami
4640 5298 4761 5367 jura
4792 5300 5133 5370 contempsit,
5169 5301 5219 5354 iu
5263 5298 5517 5355 dotaliurn
5546 5300 5680 5369 regis

4130 5390 4314 5443 aaterui
4357 5388 4585 5457 gloriosa
4617 5390 4880 5444 transivit.
4913 5390 5154 5446 Carnalis
5181 5391 5333 5462 plane
5361 5391 5442 5443 vir
5468 5391 5678 5459 virgini-

4135 5484 4257 5534 tatis
4283 5495 4477 5533 arcana
4521 5481 4841 5549 corrumpit,
4869 5497 5095 5550 sponsus
5137 5492 5311 5536 autem
5345 5480 5428 5534 ille
5457 5479 5677 5534 caelestis

4131 5583 4222 5622 eas
4270 5569 4430 5621 etiam
4464 5583 4599 5637 quas
4627 5568 4725 5623 sibi
4768 5569 4993 5623 violatas
5042 5572 5302 5635 associat,
5340 5570 5389 5623 in
5432 5565 5677 5639 virginale

4131 5660 4293 5715 decus
4330 5659 4471 5715 illico
4520 5660 4637 5713 sine
4683 5658 4994 5715 dillicultate
5035 5659 5313 5726 reformat,
5338 5669 5395 5713 ut
5439 5660 5673 5713 nimirum

4132 5748 4389 5803 contracti
4413 5748 4681 5819 squaloris
4724 5750 5124 5818 inquinamenta
5153 5750 5440 5819 deponant,
5467 5756 5519 5802 et
5545 5744 5677 5801 velut
