5882 6590
1030 414 1135 469 815

1945 400 2185 458 OPUSC.
2228 395 2359 450 LVI.
2390 421 2459 433 ---
2494 391 2581 445 DE
2618 389 2850 442 FLUXA
2895 388 3109 443 MUNDI
3152 387 3431 438 ιιιλιιιιιλ.

4190 381 4297 433 ιιιι

1027 528 1196 583 arida:
1245 526 1395 596 prius
1444 520 1743 577 arbusculae
1788 518 1964 573 denuo
1997 522 2274 571 comantes
2313 511 2363 563 in
2393 506 2607 577 pristini
2636 513 2685 568 Α
2715 500 3103 568 ritojejunium
3127 504 3493 596 nuncupat-ur,
3537 494 3733 596 quibus
3760 492 3946 596 utique
3974 509 4127 596 metis
4153 510 4301 596 quae-

1027 618 1240 674 decoris
1265 616 1493 686 gratiam
1527 613 1881 666 revirescunt.
1920 609 2089 664 Porro
2120 614 2298 658 autem
2332 616 2454 654 cum
2485 614 2605 653 car-

1025 705 1134 761 nali
1164 706 1282 759 viro
1311 712 1542 772 nuptura
1572 708 1900 760 exornatur,
1954 710 2080 749 mox
2128 691 2268 761 apud
2316 687 2503 742 alliues
2549 696 2605 739 et

1025 805 1182 850 notos
1212 794 1448 862 undique
1476 791 1703 859 pecunia
1733 786 1957 859 quzesita
1995 783 2328 852 congeritur,
2361 786 2417 831 et
2446 776 2604 845 quid-

1023 886 1151 954 quid
1195 883 1338 937 valet
1377 880 1615 949 acquiri,
1665 878 1895 932 saeculis
1932 875 2098 936 illico,
2137 871 2217 925 vel
2255 865 2603 937 obsignandis

1021 974 1371 1046 capsidilibus
1433 972 1753 1034 infarcitur,
1813 979 1871 1022 ut
1931 981 2039 1036 quo
2098 961 2387 1031 magis-ad
2426 959 2602 1010 virum

1022 1065 1217 1121 mulier
1236 1070 1461 1119 onerata
1495 1061 1820 1130 deproperat
1846 1067 1901 1111 et
1920 1072 1984 1112 eo
2009 1055 2297 1127 gloriosior
2326 1056 2597 1120 appareat,

1018 1164 1076 1208 et
1104 1152 1192 1208 ille
1219 1153 1541 1223 propensius
1564 1150 1615 1203 in
1655 1148 1770 1214 ejus
1800 1162 1983 1200 amore
2015 1144 2230 1200 sedulus
2254 1141 2599 1194 inferveseat.

1018 1242 1100 1299 Tu
1132 1253 1342 1307 contra,
1368 1248 1427 1295 ut
1473 1238 1733 1307 nuptialia
1765 1252 1885 1291 cum
1914 1234 2122 1291 caelesti
2171 1245 2369 1300 sponso
2396 1228 2600 1283 foedera

1017 1335 1331 1397 contrahas,
1386 1330 1586 1400 regalis
1632 1328 1808 1382 aerarii
1848 1326 2156 1395 congeriem
2198 1320 2457 1390 prodigis,
2509 1331 2601 1369 ra-

1018 1424 1223 1479 diantia
1273 1434 1499 1492 quazque
1551 1433 1675 1473 cum
1726 1432 1858 1470 auro
1908 1416 1990 1469 vel
2036 1420 2262 1481 argento
2307 1406 2599 1477 margarita

1015 1514 1315 1584 dispergis;
1364 1511 1534 1565 aulaea
1572 1519 1659 1562 tua
1692 1508 1941 1568 blattina,
1970 1505 2055 1558 vel
2088 1503 2266 1573 potius
2313 1500 2597 1559 deaurata,

1016 1607 1340 1677 templorum
1410 1603 1757 1672 laquearibus
1826 1600 2231 1670 appenduutur,
2278 1602 2598 1649 ornamenta

1016 1697 1220 1766 regalia
1278 1680 1452 1749 sacris
1503 1691 1835 1746 famulantur
1878 1690 2159 1744 altaribus.
2211 1685 2401 1744 Nullis,
2439 1680 2598 1735 utita

1013 1784 1213 1849 fatear,
1256 1784 1500 1852 parcitur
1546 1782 1729 1842 rebus,
1768 1789 1823 1834 et
1860 1781 1961 1833 hoc
1986 1778 2157 1832 solum
2210 1773 2597 1844 indigentibus,

2708 608 2813 663 que
2842 590 3080 647 carnalis
3110 587 3503 642 delectabiliter
3532 586 3793 655 pascitpr.
3823 584 3958 638 Nam
3987 586 4029 639 si
4065 585 4292 653 simplex

2707 698 2845 751 aqua
2880 697 2909 735 a
2940 679 3140 733 Davide
3170 678 3408 747 projecta
3433 718 3446 739 ,
3480 675 3759 742 Scriptura
3794 684 3934 729 teste
3956 716 3968 738 ,
4001 675 4054 728 in
4083 675 4293 730 sacrifi-

2705 773 2847 826 cium
2871 768 3101 823 vertitur
3121 766 3205 835 (II
3238 766 3365 836 Reg.
3394 768 3544 833 xxi);
3597 774 3672 818 tot
3702 778 3885 817 rerum
3918 765 4295 832 honorumque

2705 868 3046 928 contemptus
3078 865 3331 925 quantam
3377 856 3516 923 apud
3545 854 3713 908 Deum
3752 854 3979 924 gloriam
4013 867 4293 922 promere-

2706 953 2825 1005 tur?
2850 951 3078 1020 Oquam
3120 948 3299 1018 gravis
3340 955 3456 1009 est,
3486 961 3758 1015 quamque
3798 945 4080 1000 laudabilis
4127 945 4298 999 absti«

2704 1044 2912 1107 nentia,
2953 1050 3224 1097 assuetam
3259 1039 3602 1109 juvenculam
3637 1054 3666 1091 a
3692 1040 3833 1091 virili
3870 1037 4117 1106 jejunare
4145 1053 4294 1093 com-

2704 1136 2893 1204 plexu!
2929 1135 3171 1202 nunquid
3223 1144 3278 1188 et
3319 1134 3423 1187 hoc
3463 1146 3629 1202 grave
3654 1130 3920 1199 jejunium
3972 1147 4075 1186 non
4107 1141 4210 1196 est,
4237 1139 4299 1184 ut

2702 1241 2823 1294 qua:
2844 1240 3203 1279 consueveras
3235 1226 3366 1279 istos
3396 1225 3447 1277 in
3475 1225 3743 1277 honorum
3769 1222 3987 1277 culmen
4021 1223 4291 1287 attollere,

2702 1317 2821 1369 illos
2878 1316 3175 1370 insolenter
3238 1330 3334 1368 usa
3398 1315 3660 1385 dignitate
3712 1314 3965 1384 privare,
4007 1329 4151 1368 nunc
4197 1328 4292 1367 re-

2700 1407 2839 1461 culis
2866 1414 3121 1460 contenta
3187 1404 3516 1465 domesticis,
3568 1414 3821 1472 aspectus
3881 1404 4160 1458 hominum
4208 1402 4295 1457 fuo

2700 1496 2851 1565 gias,
2906 1505 2962 1549 ct
3030 1495 3083 1549 in
3148 1494 3415 1548 orationis
3466 1510 3529 1549 ac
3572 1495 3884 1563 psalmodia:
3929 1493 4114 1549 sedula
4166 1510 4287 1548 mo-

2700 1584 2977 1639 dulatione
3019 1586 3318 1653 persistas?
3344 1583 3475 1638 Nam
3506 1585 3632 1654 quia
3662 1582 3842 1639 fueras
3867 1584 3996 1639 olim
4039 1584 4292 1638 Susanna

2700 1686 2835 1730 cum
2876 1676 2993 1730 viro
3049 1676 3209 1745 (Dim.
3246 1678 3387 1741 xui),
3416 1676 3611 1730 merito
3657 1692 3801 1731 nunc
3853 1676 3992 1731 facta
4037 1691 4095 1731 es
4132 1676 4293 1730 Anna

2698 1776 2819 1835 post
2841 1767 3016 1820 virum
3050 1766 3100 1833 (Ι
3130 1766 3252 1836 Reg.
3278 1768 3351 1837 1);
3384 1777 3439 1821 et
3459 1768 3583 1836 quia
3622 1778 3747 1823 tunc
3779 1767 4113 1837 conjugalem
4138 1769 4296 1837 pudi-

1012 1874 1102 1929 νει
1152 1872 1410 1928 Ecclesiis
1438 1887 1543 1926 non
1574 1868 1852 1929 confertur
1880 1866 2020 1935 quod
2047 1874 2199 1919 extra
2231 1864 2303 1916 tui
2338 1861 2477 1931 juris
2504 1876 2597 1928 pe—
2627 1860 2671 1919 Β
2700 1856 2881 1909 citiam
2928 1856 3271 1910 immaculate
3303 1870 3639 1921 scrvaveras,
3672 1871 3815 1910 nunc
3861 1871 3981 1909 cum
4015 1856 4121 1909 filia
4146 1855 4290 1910 Plia-

1008 1963 1214 2019 culium
1254 1963 1552 2031 reperitur;
1577 1969 1771 2015 cuncta
1810 1958 2047 2027 projicis.
2083 1964 2278 2009 cuncta
2307 1951 2590 2020 dilapidas,

1010 2062 1073 2107 ut
1114 2055 1180 2106 ad
1229 2054 1411 2121 sponsi
1453 2050 1691 2106 cmlestis
1738 2050 2320 2118 amplexusexonemta
2349 2055 2593 2111 prorsus,

981 2188 990 2206 η
1009 2145 1121 2199 imo
1157 2145 1298 2197 nuda
1328 2142 1637 2211 pervenias.

1644 2249 1870 2307 CAPUT
1910 2249 1971 2304 V.

1010 2340 1162 2395 Bona
1193 2357 1502 2411 magnorum
1534 2342 1765 2394 virorum
1784 2337 2129 2459 etlmult'erum
2160 2329 2393 2402 exempla
2424 2346 2594 2400 quan-

1610 2420 1720 2459 tum
1759 2427 1819 2459 ea
1843 2417 1981 2459 eam.

1610 2420 1720 2462 tum
1759 2417 1981 2463 valeant.

1079 2502 1204 2556 Haec
1229 2512 1409 2556 autem
1440 2515 1544 2554 non
1576 2508 1795 2569 propter
1820 2508 1889 2562 te,
1904 2494 2229 2551 venerabilis
2254 2490 2593 2561 imperatrix,

1005 2593 1268 2654 edissero,
1285 2606 1445 2659 quam
1472 2600 1527 2644 et
1548 2590 1632 2643 liis
1653 2589 1832 2643 verbis
1854 2588 2030 2657 potius
2051 2584 2323 2639 oﬂendere
2342 2580 2597 2651 pertime-

1006 2698 1120 2747 sco,
1136 2684 1225 2737 sed
1240 2684 1309 2738 ob
1332 2684 1381 2736 id
1397 2682 1595 2751 potius,
1610 2690 1665 2733 ut
1680 2681 1802 2732 dum
1820 2689 1922 2733 tuae
1935 2678 2148 2731 virtutis
2171 2676 2380 2744 insigne
2402 2683 2595 2729 utcun-

1004 2786 1114 2840 que
1136 2770 1491 2839 depromitur,
1513 2783 1616 2821 non
1645 2782 1811 2835 parva
1843 2765 2139 2835 legentibus
2160 2762 2445 2816 aedificatio
2469 2773 2594 2829 pro-

1004 2870 1245 2916 curetur.
1267 2859 1366 2915 Ubi
1393 2862 1537 2913 enim
1563 2869 1711 2911 tanta
1740 2857 2041 2912 sublimitas
2062 2872 2161 2925 pro
2182 2856 2263 2909 sui
2298 2853 2592 2908 conditoris

1005 2963 1226 3012 amore,
1258 2949 1325 3003 ad
1364 2948 1734 3016 pavimentum
1769 2961 1937 3016 usque
1962 2944 2235 3015 dejicitur,
2262 2959 2382 3013 quae
2406 2944 2591 2997 cervix

1004 3040 1273 3108 superbia:
1300 3038 1549 3108 protinus
1571 3053 1601 3092 a
1634 3038 1714 3091 sui
1739 3038 1933 3107 rigoris
1963 3045 2141 3091 erecta
2173 3033 2433 3104 tentigine
2481 3048 2590 3086 non

1002 3130 1285 3183 ﬂectatur?
1327 3128 1457 3195 Quae
1511 3129 1731 3183 tumida:
1785 3127 2070 3195 cujuslibet
2124 3127 2323 3179 mentis
2382 3122 2587 3179 inflatio

2700 1947 2843 2008 nuel,
2874 1946 3015 2014 quod
3048 1945 3292 2010 leinplum
3338 1944 3435 1998 Dei
3465 1946 3683 2009 dicitur,
3716 1946 3767 1998 in
3817 1945 4043 2000 ecclesia
4088 1946 4293 2015 jugiter

2698 2051 3016 2105 perseveras
3061 2035 3212 2103 (Luc.
3237 2041 3323 2105 ιι).
3353 2035 3490 2090 Hinc
3536 2046 3619 2090 est
3651 2035 3792 2104 quod
3826 2052 3855 2089 a
3887 2051 3972 2089 me
4004 2052 4101 2105 per
4130 2050 4293 2089 vene-

2699 2126 2927 2180 rabilem
2957 2126 3281 2179 Rainaldum
3329 2125 3630 2181 Cumanum
3662 2127 3974 2195 episcopum
4012 2128 4291 2195 requisisti

2699 2223 2879 2269 utrum
2916 2214 3109 2269 liceret
3144 2216 3346 2269 homini
3399 2217 3543 2271 inter
3592 2216 3764 2285 ipsum
3803 2218 3968 2271 debiti
4023 2218 4291 2271 naturalis

2697 2304 2936 2370 egerium
2972 2302 3166 2374 [ipsam
3193 2304 3477 2375 egeriem],
3504 2304 3706 2374 aliquid
3744 2305 4021 2359 ruminare
4050 2306 4290 2376 psalmoo

2700 2407 2837 2445 rum.
2864 2393 2945 2446 Ad
2969 2395 3110 2461 quod
3136 2395 3412 2463 ego,quod
3437 2397 3504 2448 ad
3529 2405 3736 2464 tempus
3756 2397 4097 2461 occurrebat,
4124 2412 4292 2467 expo-

2698 2485 2805 2543 sui.
2833 2485 3088 2551 quoniam
3116 2496 3168 2539 et
3204 2495 3449 2539 sanetum
3485 2486 3584 2542 Job
3620 2489 3761 2541 Deus
3818 2489 4161 2558 omnipotens
4203 2488 4290 2542 vi-

2696 2575 2879 2629 sitavit
2909 2575 2962 2628 in
2985 2576 3324 2645 sterquilinio
3352 2578 3703 2631 constitutum
3734 2578 3855 2647 (Job
3886 2595 4041 2642 xviii,
4066 2590 4112 2633 et
4143 2580 4292 2633 dein-

2696 2665 2864 2733 ceps),
2902 2679 2957 2721 et
2980 2667 3139 2721 beata
3172 2676 3382 2737 martyr
3405 2668 3607 2739 Agnes,
3637 2670 3789 2741 cujus
3818 2679 3873 2725 et
3918 2680 3970 2725 tu
4009 2672 4290 2740 aequivoca

2695 2769 2775 2817 es,
2807 2756 2857 2807 in
2878 2754 3139 2809 obsoletis
3168 2764 3222 2810 et
3243 2756 3476 2811 sordidis
3509 2757 3847 2827 lupanarium
3874 2758 4009 2813 locis
4036 2759 4286 2830 angelum

2695 2844 2855 2898 simul
2893 2854 2949 2899 et
2995 2846 3297 2915 angelicum
3351 2849 3550 2918 reperit
3604 2850 3998 2903 indumentum.
4050 2849 4183 2905 Nam
4231 2861 4291 2906 et

2692 2935 2983 3005 Apostolus
3015 2937 3214 3007 ubique
3266 2953 3365 2992 nos
3408 2939 3657 3008 praecipit
3709 2956 3902 3003 orare,
3936 2958 4057 2995 cum
4103 2941 4284 2995 dicit:

2699 3046 2716 3078 ι
2752 3027 2884 3082 Volo
2910 3042 3038 3098 ergo
3058 3031 3203 3083 viros
3231 3045 3389 3085 orare
3420 3032 3473 3083 in
3503 3032 3647 3085 omni
3681 3033 3819 3096 loco,
3854 3031 4097 3085 levantes
4123 3046 4289 3101 puras

2694 3132 2886 3171 manus
2931 3119 3049 3171 sine
3080 3120 3158 3172 ira
3183 3128 3239 3173 et
3266 3120 3659 3188 disceptatione
3682 3120 3732 3187 (1
3772 3120 3908 3174 Tim.
3941 3121 4023 3191 ιι),
4065 3140 4083 3172 ι
4116 3136 4289 3190 quan-

1002 3227 1197 3289 praesto
1217 3234 1321 3274 non
1346 3218 1547 3283 folleat,
1573 3233 1697 3273 cum
1723 3227 1883 3273 tanta:
1911 3218 2092 3287 gloriae
2126 3217 2425 3286 principem
2451 3230 2593 3268 nunc
2621 3213 2665 3274 C
2697 3222 2857 3290 quam
2892 3208 3010 3262 11ωο
3060 3210 3231 3279 magis
3260 3224 3326 3269 e0
3376 3209 3479 3265 loci
3528 3211 3795 3266 versanda
3852 3222 3978 3266 sunt
4028 3212 4081 3266 in
4122 3213 4287 3269 corde

1000 3309 1151 3365 velut
1176 3308 1504 3378 despicabile
1535 3308 1860 3376 mancipium
1899 3307 2120 3362 cernat?
2147 3308 2278 3372 Quis
2323 3316 2585 3377 praaterea

1001 3414 1185 3455 rerum
1210 3399 1601 3453 transeuntium
1625 3398 1974 3468 pertimescat
1997 3398 2256 3466 inopiam,
2279 3412 2401 3451 cum
2425 3411 2585 3466 spon-

1003 3498 1224 3545 taneam
1252 3489 1434 3544 videat
1480 3489 1535 3543 in
1586 3502 1649 3543 ea
1681 3488 1907 3543 muliere
1950 3488 2285 3558 pauperiem,
2314 3502 2478 3557 quam
2507 3495 2585 3542 tot

1005 3579 1192 3648 utique
1236 3579 1417 3649 regnis
1451 3578 1611 3647 paulo
1645 3589 1769 3633 ante
1798 3588 2155 3648 conspexerat
2193 3577 2586 3647 imperantem?

1006 3670 1116 3724 Aut
1162 3670 1285 3739 quis
1333 3668 1522 3724 inculti
1570 3670 1786 3725 habitus
1833 3670 2083 3739 injuriam
2144 3668 2311 3738 859
2358 3669 2588 3738 perhor-

1006 3769 1208 3830 rescat,
1244 3776 1364 3817 cum
1415 3776 1581 3816 aureo
1605 3762 1949 3831 subtegmini,
1980 3771 2032 3815 et
2072 3760 2341 3830 regalibus
2374 3759 2585 3829 pompis

1000 3869 1032 3907 a
1061 3856 1209 3923 regia
1241 3853 1523 3921 majestate
1551 3852 1653 3907 vile
1692 3860 1903 3907 stamen
1930 3850 2209 3922 praelatum
2234 3865 2355 3905 esse
2404 3849 2585 3905 consi-

999 3943 1157 3999 derat
1177 3944 1201 3998 ἲ

1072 4034 1295 4091 Veniam
1313 4037 1380 4091 ad
1398 4051 1638 4093 mensam
1668 4045 1723 4093 et
1745 4036 1811 4091 ad
1835 4034 2159 4100 famelicam,
2185 4044 2242 4087 ut
2268 4034 2340 4088 ita
2369 4033 2579 4103 loquar,

997 4125 1283 4197 epularum
1326 4125 1655 4181 aliiuentium
1707 4126 2031 4181 ubertatem.
2084 4125 2285 4192 Quale,
2318 4140 2469 4195 rogo,
2499 4134 2583 4179 est

996 4229 1309 4290 congestam
1356 4230 1481 4275 ante
1514 4229 1564 4276 te
1607 4228 1812 4276 struem
1863 4220 2095 4274 lancium
2133 4226 2190 4273 et
2219 4218 2581 4273 renidentium

940 4380 943 4381 ν
997 4313 1246 4368 carnium
1277 4310 1465 4379 epulas
1489 4327 1588 4382 per
1618 4326 1837 4366 mensas
1858 4312 2281 4379 circumquaque
2303 4309 2582 4363 transmit-

1000 4416 1139 4471 tere,
1168 4413 1223 4458 et
1252 4404 1497 4458 carnium
1529 4419 1599 4458 ne
1629 4404 1799 4473 ipsam
1824 4405 2040 4473 quidem
2066 4400 2450 4473 pinguedinem
2482 4401 2581 4454 ali-

995 4504 1268 4567 quatenus
1311 4496 1632 4565 degustare?
1658 4504 1998 4551 contrectare
2026 4497 2277 4550 manibns
2312 4493 2496 4563 dapes,
2524 4504 2579 4549 et

996 4599 1092 4640 eas
1117 4585 1167 4639 in
1193 4600 1288 4639 ore
1330 4600 1435 4639 non
1467 4587 1691 4656 sapere?
1722 4587 1831 4642 imo
1858 4588 2029 4656 ipsum
2079 4603 2293 4656 panem,
2320 4587 2405 4641 vel
2432 4602 2578 4656 qnae-
2606 4560 2655 4619 θ

999 4677 1131 4731 libet
1179 4676 1480 4731 incultioris
1510 4688 1803 4747 apparatus
1841 4677 2017 4731 edulia
2058 4693 2179 4731 cum
2210 4678 2403 4731 timore
2426 4692 2574 4733 sum-

998 4773 1247 4822 motenus
1273 4765 1528 4835 ligurire?
1558 4766 1707 4821 Unde
1738 4766 1867 4820 mihi
1890 4782 2030 4836 saepe
2053 4777 2347 4835 conquesta
2380 4782 2462 4830 es,
2484 4781 2579 4821 ea-

998 4868 1158 4913 tenus
1210 4858 1399 4912 edendi
1452 4868 1503 4913 te
1532 4874 1640 4913 non
1666 4874 1821 4927 posse
1849 4860 2105 4913 cohibere
2132 4860 2483 4928 pruriginem,
2516 4867 2575 4912 ut

996 4964 1065 5003 ex
1096 4947 1183 5002 bis
1212 4962 1328 5015 quae
1357 4948 1601 5017 apposita
1627 4963 1900 5013 cerneres,
1925 4964 2030 5002 non
2052 4948 2253 5016 aliquid
2281 4947 2376 5001 tibi
2404 4963 2575 5017 quan-

996 5038 1200 5095 dolibet
1228 5038 1635 5092 immoderatius
1659 5038 1986 5108 indulgeres.
2019 5038 2154 5092 lliuc
2176 5040 2371 5107 saepius
2396 5037 2574 5106 lacry-

995 5144 1120 5191 mzc,
1136 5128 1261 5182 hinc
1287 5129 1679 5197 gemitus,hinc
1703 5140 1756 5183 et
1783 5130 2045 5197 profunda
2068 5131 2318 5198 suspiria.
2335 5128 2578 5198 Lugebas

960 5216 1142 5271 .enim
1193 5217 1318 5286 quia
1346 5218 1628 5285 quantavis
1682 5219 1979 5288 disciplina:
2023 5219 2253 5281 cautela,
2293 5217 2579 5285 cujuslibet

994 5305 1350 5359 districtionis
1398 5305 1653 5359 instantia
1716 5316 1962 5361 naturam
2020 5308 2260 5361 funditus
2316 5323 2575 5378 superare

994 5408 1102 5448 non
1137 5408 1338 5463 posses.
1373 5394 1499 5459 Sed,
1525 5396 1663 5449 sicut
1689 5406 1741 5451 et
1771 5406 1902 5451 tunc
1928 5396 2067 5453 forte
2095 5414 2200 5453 non
2233 5400 2398 5464 tacui,
2436 5399 2574 5469 jeju-

994 5484 1145 5538 nium
1180 5494 1350 5547 tuum,
1384 5486 1605 5555 regina,
1638 5486 1915 5554 multiplex
1966 5497 2067 5543 est.
2123 5488 2231 5543 Nos
2277 5489 2421 5542 enim
2476 5487 2575 5540 ali-

994 5574 1213 5643 quando
1238 5572 1544 5641 jejuuainus
1569 5592 1597 5629 a
1630 5578 1785 5642 cibis,
1811 5580 1903 5634 scd
1934 5588 1987 5633 tu
2015 5578 2230 5650 jejunas
2255 5594 2282 5631 a
2313 5595 2570 5648 purpura,

990 5663 1205 5732 je,unas
1232 5678 1261 5716 a
1288 5676 1483 5719 corona
1512 5675 1674 5735 atque
1702 5683 1732 5721 a
1758 5676 1833 5722 tot
1852 5676 1908 5723 et
1934 5678 2039 5723 tam
2065 5668 2365 5741 magnificis
2398 5670 2571 5739 impe—

998 5751 1149 5808 rialis
1174 5752 1358 5823 gloria:
1385 5756 1612 5824 pompis.
1645 5755 1737 5812 llis
1762 5758 1904 5813 enim
1931 5759 2223 5826 abstinere,
2252 5775 2357 5819 non
2385 5761 2573 5815 imme-

2692 3314 2852 3367 quam
2882 3300 2989 3353 sint
3015 3299 3333 3370 explicanda
3377 3315 3646 3355 sermone.
3688 3301 3803 3357 Hoc
3825 3316 3945 3372 ego,
3968 3318 4282 3374 quanquam

2690 3390 2910 3443 silentio
2934 3390 3155 3460 dignum
3196 3389 3360 3445 fuerit
3396 3399 3453 3445 et
3490 3406 3831 3461 nequaquam
3861 3409 3957 3463 per
3986 3395 4283 3451 multorum

2688 3497 2783 3535 ora
2813 3482 3162 3552 vulgandam,
3193 3484 3393 3538 idcirco
3438 3484 3689 3551 dixerim,
3720 3494 3776 3539 ut
3816 3486 4019 3556 liquido
4049 3489 4277 3558 legenti-

2687 3571 2787 3626 bus
2839 3574 3144 3629 innotescat
3190 3586 3427 3643 quantus
3473 3588 3664 3632 sancto
3714 3579 3921 3647 pectori
3970 3590 4061 3633 tuo
4110 3581 4282 3636 divini

2686 3664 2890 3718 amoris
2942 3666 3106 3719 ardor
3144 3666 3513 3727 incandescat.
3544 3677 3601 3720 ut
3651 3684 3717 3721 ne
3761 3668 3825 3721 ad
3867 3669 4029 3724 breve
4059 3670 4280 3739 quidem

2684 3763 2946 3822 punctum
2994 3772 3025 3810 a
3080 3756 3277 3811 divinis
3337 3757 3579 3813 obticere
3636 3759 3887 3814 laudibus
3942 3765 4275 3829 acquiescat.

2685 3845 2825 3912 Quid
2866 3848 2934 3903 ad
2980 3850 3095 3904 haec
3132 3849 3313 3905 dicent
3349 3851 3439 3919 qui
3470 3851 3536 3906 de
3582 3852 3811 3907 ecclesia
3842 3869 3947 3908 non
3977 3855 4279 3911 oratorium

2684 3941 2779 3995 sed
2807 3941 3149 4005 locutorium,
3178 3952 3235 3996 et
3265 3958 3370 3998 non
3403 3947 3707 4011 oraculum,
3736 3950 3830 4004 sed
3857 3952 4276 4033 conciliabulum

2682 4031 2925 4096 faciunt,
2973 4048 3036 4089 ac
3078 4048 3174 4102 per
3211 4035 3314 4091 lioc
3365 4037 3418 4090 in
3468 4053 3530 4091 ea
3585 4039 3745 4095 domo
3778 4044 4069 4100 saecularia
4112 4031 4276 4103 verba

2682 4126 3044 4194 permiscent,
3075 4128 3243 4198 860
3284 4144 3404 4199 qua:
3440 4131 3704 4189 duntaxat
3728 4135 3799 4191 ob
3828 4137 3929 4193 hoc
3956 4151 4274 4199 constructa

2683 4216 3039 4285 dignoscitur,
3091 4228 3150 4271 ut
3196 4220 3249 4274 in
3297 4236 3361 4275 ea
3411 4236 3635 4292 prorsus
3673 4241 3701 4279 ιι
3752 4230 3951 4298 negotii
3996 4233 4275 4291 saecularis

2682 4309 2898 4363 actione
2926 4312 3180 4364 vacetur?

2755 4396 2862 4453 Sed
2893 4410 2951 4454 ut
2982 4402 3035 4455 lii
3065 4404 3153 4471 qui
3207 4405 3273 4457 ad
3325 4406 3689 4475 apostolorum
3748 4409 3930 4465 limina
3972 4413 4269 4483 conﬂuunt,

2684 4501 2882 4545 sancta:
2929 4493 3234 4550 devotionis
3288 4504 3391 4550 tua:
3438 4497 3728 4554 salubriter
3766 4500 4046 4558 imitentur
4089 4521 4270 4561 exem-

2679 4583 2849 4653 plum,
2882 4586 2983 4639 sub
3008 4600 3205 4639 arcana
3234 4602 3451 4657 quoque
3488 4587 3548 4641 Β.
3580 4588 3730 4643 Petri
3762 4594 4104 4650 confessione
4143 4611 4271 4653 ante

2680 4690 2894 4729 sacrum
2922 4675 3094 4731 altare
3124 4693 3209 4732 me
3233 4680 3422 4733 sedere
3461 4680 3658 4747 fecisti,
3682 4699 3745 4738 ae
3764 4700 3862 4753 per
3890 4686 4144 4755 lugubres
4178 4706 4273 4761 geu-

2679 4769 2845 4822 mitus
2873 4778 2928 4822 et
2956 4784 3141 4824 amara
3160 4772 3391 4840 suspiria
3413 4774 3481 4827 ab
3505 4775 3617 4844 ipsa
3638 4778 4003 4846 quinquennis
4028 4781 4270 4837 infantiae

2680 4867 2865 4913 tenera
2890 4861 3089 4925 adhuc,
3117 4871 3169 4916 et
3202 4878 3372 4932 nuper
3403 4864 3666 4919 ablactata
3698 4866 3915 4923 levitate
3944 4871 4187 4938 cmpisti;
4216 4882 4271 4926 et

2682 4958 2939 5017 tanquam
2973 4950 3083 5004 illic
3114 4952 3230 5019 ipse
3259 4950 3320 5005 Β.
3354 4953 3645 5022 Apostolus
3695 4958 4053 5025 corporaliter
4082 4962 4269 5029 praesi-

2682 5040 2851 5101 deret.
2876 5041 3134 5110 quidquid
3177 5044 3374 5098 subtile
3402 5046 3483 5099 vel
3517 5048 3780 5101 minutum
3832 5049 3885 5103 in
3915 5050 4269 5107 humanitatis

2682 5139 2785 5185 tuae
2810 5134 2984 5199 potuit
3014 5134 3231 5191 titillare
3253 5137 3568 5200 visceribus,
3605 5141 3864 5209 quidquid
3898 5143 3950 5196 in
3982 5144 4267 5215 cogitatio-

2681 5221 2840 5276 nibus
2865 5238 3088 5289 vanum,
3118 5226 3377 5295 quidquid
3411 5238 3669 5295 praeterea
3702 5232 3996 5300 subrepere
4018 5235 4193 5302 potuit
4214 5236 4266 5286 in

2679 5328 2930 5387 sermone
2947 5315 3299 5383 superfluum,
3318 5318 3563 5372 fidelibus
3589 5331 3674 5373 est
3702 5321 4055 5378 relationibus
4075 5324 4229 5377 evolu
4251 5353 4264 5363 -

2680 5414 2814 5459 tum.
2859 5405 2940 5459 Ad
2981 5408 3125 5476 quod
3163 5409 3292 5462 milii
3320 5411 3494 5463 visum
3542 5421 3647 5475 est,
3678 5422 3736 5464 ut
3782 5414 3855 5465 nil
3895 5415 4038 5466 aliud
4090 5416 4263 5468 confi-

2679 5496 2809 5548 tenti
2857 5497 3189 5565 pcenitentiae
3230 5499 3443 5568 pondus
3491 5501 3825 5572 injungcrem
3852 5543 3866 5566 ,
3912 5504 4099 5557 nisiut
4134 5505 4262 5559 illud

2675 5585 2871 5641 divinae
2898 5587 3182 5657 legationis
3212 5590 3445 5661 elogium
3470 5593 3721 5647 iterareiu
3757 5612 3768 5645 :
3801 5598 3915 5665 Age
3946 5596 4087 5664 quod
4114 5597 4257 5664 agis;

2674 5692 2902 5746 operare
2923 5681 3065 5748 quod
3086 5682 3353 5751 operaris.
3387 5681 3481 5737 Vel
3520 5684 3645 5738 illud
3676 5688 3819 5755 quod
3846 5688 3931 5741 liis
3974 5688 4062 5757 qui
4093 5687 4259 5742 Thia-

2678 5778 2812 5840 tyrze
2863 5780 3021 5825 erant
3063 5787 3160 5845 per
3222 5776 3473 5844 angelum
3524 5776 3795 5832 mittitur:
3842 5798 3859 5830 ‹
3895 5778 4008 5833 Non
4047 5778 4258 5832 niitzam
