5882 6640
140 0 1982 204 ν’

2507 481 2613 535 M5
3000 481 3058 538 S.
3095 482 3297 541 PETRI
3333 485 3615 542 DAMIANI
3649 487 4045 547 OPP.TOMUS
4067 491 4198 548 εει]
4267 491 4443 548 PARS
4473 491 4559 547 ill.
4592 523 4660 536 —
4681 492 4830 551 ορυε

3382 485 3615 542 ΑΠΙΑΝΙ
3649 487 4045 547 OPP.TOMUS
4067 491 4198 548 εει]
4267 491 4443 548 PARS
4473 491 4559 547 ill.
4592 523 4660 536 —
4681 492 5037 552 OPUSCULA
5081 493 5308 552 VABIA.
5614 494 5705 556 816

2506 604 2679 658 super
2721 607 2816 646 vos
2866 591 3010 646 aliud
3063 595 3305 662 pondus;
3361 603 3567 650 tantum
3598 598 3650 651 id
3681 600 3820 666 quod
3868 600 4096 675 habetis,
4128 610 4170 664 Α
4205 601 4416 669 Aigypti
4443 602 4729 669 percellere
4759 619 4821 656 ac
4844 604 5078 659 lacerare
5099 606 5428 659 permittitur
5453 605 5635 675 (Exod.
5658 607 5727 679 v),

2505 693 2678 735 tenete
2722 683 2906 766 (Apoc.
2940 685 3022 753 tt).
3059 705 3075 736 ι
3118 684 3285 750 Nam,
3316 687 3422 739 Deo
3470 699 3626 750 teste,
3661 705 3724 741 ne
3758 706 3920 742 unum
3971 692 4086 755 qui-
4190 700 4245 740 ut
4292 693 4354 740 ad
4403 693 4831 758 repromiSsionis
4875 709 5000 746 arva
5041 699 5366 750 contendere
5408 697 5720 756 festinantius

2499 773 2618 822 dem
2652 770 2792 824 diem
2838 772 3063 840 jejunii,
3093 773 3174 824 vel
3209 774 3490 840 cujuslibet
3545 775 3847 829 atllictionis
3897 777 4081 830 indidi.
4187 793 4527 846 provocetur.

2499 860 2592 912 sed
2641 869 2697 912 ut
2729 876 2781 913 tn
2835 861 3026 929 emptis
3076 861 3412 917 solummodo
3457 866 3660 918 sanctis
3709 879 4083 934 perseverares

2497 951 2750 1017 operibus
2780 952 3058 1020 imperavi.

3109 1040 3333 1096 CAPUT
3384 1041 3468 1096 Vl.

2497 1126 2613 1192 Qua
2651 1128 2814 1181 animi
2860 1129 3089 1199 puritate
3132 1143 3431 1184 sanctorum
3476 1131 3706 1199 reliquid:
3742 1133 4073 1183 veneramur.

2559 1220 2626 1274 Et
2655 1225 2858 1274 utinam
2884 1239 2910 1273 a
2940 1222 3257 1290 quibusdam
3293 1222 3597 1280 homicidis,
3634 1223 3713 1273 vel
3741 1223 4074 1273 diversorum

2495 1310 2784 1366 criminum
2819 1313 2950 1374 reis,
2982 1313 3054 1364 illi
3086 1313 3336 1381 gemitus,
3367 1312 3438 1364 illi
3470 1311 3626 1363 fletus
3655 1313 3704 1363 in
3737 1311 4074 1365 confessione

2486 1412 2927 1469 prorumperent,
2983 1402 3060 1453 sic
3106 1402 3430 1454 tabescentis
3479 1411 3531 1454 et
3585 1403 3850 1454 acerrimo
3889 1402 4072 1456 dolore

2485 1491 2760 1545 transﬁxa:
2820 1494 3020 1543 mentis
3065 1492 3288 1560 spiritus
3335 1489 3614 1549 fremeret.
3664 1493 3740 1545 sic
3795 1491 3930 1542 male
3966 1492 4066 1545 sibi

2478 1584 2695 1634 conseia
2728 1591 2946 1650 pectora
2989 1581 3362 1649 singultirent,
3400 1586 3538 1634 sicut
3583 1581 3688 1634 illic
3738 1583 4067 1650 plangeban-

4767 852 4992 908 CAPUT
5033 853 5138 907 V'll.

4186 956 4435 1027 Exempla
4468 977 4642 1030 regum
4671 979 4732 1015 ac
4766 964 4977 1024 ducum,
5003 966 5091 1031 qui
5116 965 5296 1015 mundi
5324 963 5616 1031 felicitatem
5649 981 5721 1020 tl-

4533 1033 4831 1097 ]clicissimo
4866 1037 5003 1086 exitu
5028 1035 5380 1099 perdiderunt.

4249 1137 4416 1193 Porro
4446 1151 4503 1193 ut
4526 1144 4590 1194 de
4620 1151 4670 1194 te
4697 1143 4902 1205 sileam,
4937 1157 5054 1209 qua:
5079 1141 5274 1196 talione
5301 1143 5495 1196 vicaria
5509 1151 5562 1197 et
5584 1141 5719 1199 odisti

4174 1230 4430 1280 mundum
4461 1238 4509 1281 et
4536 1246 4722 1296 perosa
4748 1233 4856 1296 jam
4890 1233 5192 1300 exploderis
5226 1233 5444 1296 mundo,
5502 1232 5717 1303 nunquid

4175 1324 4228 1368 et
4257 1318 4388 1383 ipsis
4420 1320 4651 1385 regibus,
4683 1335 4710 1371 a
4754 1323 4947 1385 quibus
4988 1323 5216 1375 mundus
5257 1323 5355 1376 iste
5395 1323 5628 1392 diligitur
5673 1327 5717 1375 et

4173 1406 4365 1473 quibus
4397 1408 4632 1472 captiosa
4695 1407 4881 1462 fraude
4928 1409 5221 1474 blanditur,
5271 1425 5374 1464 non
5423 1416 5714 1480 Quantocius

4172 1494 4222 1545 in
4255 1496 4665 1549 amaritudinem
4690 1497 4917 1550 vertitur
4943 1508 5001 1550 ut
5055 1500 5308 1552 nimirum
5341 1499 5516 1562 hodie,
5544 1500 5627 1569 qui
5658 1512 5713 1554 es

4168 1583 4413 1636 hostibus
4443 1586 4680 1639 victoria:
4730 1587 4879 1655 signa
4928 1597 5182 1656 reportet,
5230 1589 5563 1655 triumphalis
5608 1601 5714 1641 cunt

43 6377 852 6640 ὲ

2477 1685 2568 1727 tur
2592 1675 2672 1727 vel
2705 1676 2943 1728 inanium
2977 1676 3348 1741 phantasmata
3389 1676 3791 1742 cogitationum,
3825 1674 3907 1726 vel
3935 1688 4064 1742 qua-

2479 1767 2734 1819 rumlibet
2780 1765 3064 1834 puerilium
3119 1766 3334 1832 ineptia:
3394 1766 3690 1817 levitatum.
3734 1764 3843 1816 Hoc
3872 1779 4063 1832 provo-

2477 1868 2669 1910 centur
2713 1865 2991 1922 exempto,
3023 1857 3110 1922 qui
3151 1858 3215 1907 ad
3245 1858 3545 1908 veneranda
3584 1867 3893 1908 sanctorum
3942 1872 4060 1909 cor-

4166 1672 4348 1741 gloriae
4374 1690 4564 1742 pompa
4596 1679 4877 1744 praecedat,
4910 1687 4964 1730 et
4985 1693 5105 1732 cras
5129 1678 5274 1732 illum
5297 1678 5598 1747 ignobiliter
5619 1688 5711 1766 ter-

4165 1780 4227 1831 ga
4261 1774 4576 1829 vertentem,
4611 1767 4819 1820 hostilis
4850 1783 5040 1822 mucro
5075 1769 5430 1824 transfodiat?
5460 1771 5711 1824 Baltasar

4165 1868 4355 1920 nempe
4387 1856 4500 1920 ipso
4530 1857 4614 1908 die
4673 1872 4778 1923 quo
4809 1872 4934 1910 vasa
4967 1859 5158 1916 temnit
5176 1859 5382 1913 Domini
5411 1859 5523 1926 jam
5557 1871 5710 1914 temn-

2472 1963 2602 2016 pora
2653 1949 2737 2016 pia
2795 1949 3077 2000 devotione
3139 1945 3418 1999 festinant.
3471 1947 3579 1998 lllic
3637 1950 3816 2015 itaque
3858 1950 4056 2016 proprii
4091 1944 4134 2000 Β
4166 1943 4339 1996 lentus
4367 1947 4786 1999 concubinarum
4817 1947 4972 2002 labiis
4995 1948 5199 2000 ftedare
5229 1950 5587 2018 praesumpsit,
5612 1946 5705 2003 Ilo-

2469 2050 2654 2094 reatus
2685 2040 2925 2100 morbos,
2963 2039 3112 2105 quasi
3141 2039 3332 2091 noxios
3362 2042 3613 2093 humores
3638 2050 3689 2091 et
3714 2041 4059 2107 :egritudines

2466 2142 2743 2194 evomant,
2776 2132 2828 2184 bi
2855 2133 2944 2199 qui
2979 2147 3072 2199 per
3099 2140 3322 2184 conatus
3368 2147 3514 2199 parte
3545 2132 3895 2185 confessionis
3938 2147 4058 2197 cge-

2466 2220 2605 2275 stius
2635 2218 2965 2289 poziiitcntiae
3012 2217 3264 2270 salutaris
3308 2219 3607 2270 antidotum
3659 2227 3892 2269 sumant.
3948 2217 4056 2270 Illic

2465 2309 2793 2378 baptismum
2841 2308 3171 2377 ptenitentiaz
3201 2317 3478 2368 statuant,
3517 2310 3566 2358 in
3596 2321 3753 2374 quem
3788 2322 3883 2373 per
3913 2306 4056 2374 judi-

2464 2399 2604 2452 cium
2654 2397 2810 2452 ollicii
2870 2399 3223 2451 sacerdotalis
3269 2397 3529 2460 immersi,
3566 2397 3759 2450 vetusti
3814 2397 4053 2450 hominis

2461 2489 2775 2544 indumenta
2803 2488 3303 2557 deponantjamque
3337 2489 3457 2539 novi
3484 2490 3547 2539 de
3563 2500 3697 2541 vetci
3717 2489 3834 2538 ibus
3847 2487 4049 2539 vivant.

2462 2579 2541 2634 Tu
2577 2589 2777 2643 autem,
2804 2579 3021 2632 domina
3069 2595 3211 2640 mea,
3255 2594 3376 2630 nam
3425 2577 3547 2645 quia
3583 2588 3631 2631 te
3677 2576 4052 2644 Redemptoris

2460 2671 2567 2724 ιιιθί
2588 2684 2842 2739 sponsam
2878 2684 2998 2722 esse
3029 2684 3132 2721 non
3184 2668 3419 2735 ambigo,
3454 2682 3624 2719 meam
3659 2677 3709 2718 te
3739 2680 3933 2718 vocare
3960 2667 4049 2718 do-

2455 2759 2660 2815 minam
2683 2759 2989 2814 nullatenus
3019 2757 3301 2820 erubesco,
3353 2757 3591 2819 domina,
3616 2756 3860 2826 inquam,
3905 2772 4044 2822 mea,

2453 2854 2560 2925 ﬁge
2587 2855 2778 2923 pedem
2827 2853 2879 2906 in
2907 2853 3085 2904 radice
3135 2853 3569 2920 perseveratum.
3600 2858 3654 2902 et
3710 2849 3760 2902 iu
3807 2862 4045 2901 amorem

2453 2943 2634 3007 illius,
2667 2943 2731 2996 ad
2760 2957 2921 3012 quem
2950 2955 3259 3010 perrmanus
3290 2943 3630 2992 sacerdotum
3661 2947 3715 2991 et
3751 2953 4044 3006 pauperum

2454 3035 2699 3105 quotidie
2727 3042 2919 3086 cuncta
2958 3029 3299 3092 transmittis,
3343 3027 3648 3082 medullitus
3684 3026 4043 3092 inflammare,

2453 3138 2514 3182 ut
2545 3125 2674 3182 illud
2710 3125 2803 3179 tibi
2826 3123 2949 3190 jure
2977 3123 3254 3189 contingat
3289 3120 3431 3189 quod
3465 3121 3516 3174 in
3549 3120 3664 3189 lege
3709 3120 4037 3188 proicipitur,

2445 3217 2705 3273 videlicet
2725 3224 2786 3269 ut
2816 3214 2906 3284 qui
2950 3224 3160 3283 captam
3192 3214 3243 3266 in
3276 3211 3414 3266 bello
3452 3210 3728 3265 mulierem
3755 3210 3893 3264 forte
3923 3210 4037 3263 dili-

4171 2034 4360 2086 dorum
4399 2037 4607 2102 gladiis,
4652 2035 4811 2090 Dario
4849 2039 5123 2091 victoriam
5146 2038 5439 2100 obtinente,
5463 2036 5706 2106 subiacuit

4162 2121 4322 2189 (Dan.
4343 2125 4416 2190 v).
4447 2123 4613 2176 Galba
4639 2125 4910 2180 Romanus
4940 2127 5232 2193 imperator
5249 2139 5476 2196 quatuor
5497 2138 5707 2180 tantum-

4159 2215 4316 2263 modo
4346 2215 4618 2265 mcnsibus
4653 2215 4953 2283 imperavit,
4996 2225 5047 2269 et
5084 2216 5136 2268 in
5170 2215 5350 2269 Roma:
5390 2217 5506 2270 foro
5547 2216 5704 2286 gladio

4158 2315 4446 2368 percussus
4477 2303 4748 2355 occubuit.
4782 2303 4958 2359 Taceo
5006 2304 5292 2368 Neronem,
5335 2316 5594 2373 praetereo
5626 2304 5705 2360 Οιο

4157 2397 4357 2452 tonem,
4389 2405 4522 2457 quos
4549 2406 4576 2443 a
4605 2394 4906 2459 semetipsis
4960 2394 5269 2448 interfectos
5318 2393 5570 2448 Romana:
5607 2395 5699 2448 rei-

4154 2478 4378 2546 publica:
4405 2488 4671 2533 testantur
4696 2481 4950 2535 liistoritc.
4980 2482 5166 2536 Nonne
5211 2481 5445 2536 Vitellius
5469 2488 5703 2538 intereru-

4152 2580 4275 2639 ptus
4322 2580 4405 2624 est
4439 2587 4467 2624 a
4497 2574 4723 2626 ducibus
4777 2573 5127 2642 Vespasiani?
5166 2573 5352 2628 Nonne
5384 2586 5437 2628 et
5466 2573 5703 2629 Pertinax

4149 2662 4359 2716 Occisus
4386 2671 4469 2716 est
4496 2678 4524 2716 a
4557 2664 4816 2716 militibus
4837 2663 5207 2732 praetorianis?
5265 2663 5552 2728 Macrinus,
5599 2664 5700 2718 Art-

4149 2752 4725 2816 toninus,Alexander,
4746 2753 5034 2824 Philippus,
5065 2753 5356 2818 Gallienus,
5389 2769 5565 2810 nonne
5593 2769 5698 2808 omo

4147 2856 4242 2896 nes
4264 2843 4315 2895 hi
4342 2843 4691 2912 imperatores
4717 2831 4965 2898 militaris
4996 2845 5227 2913 impetus
5252 2844 5452 2915 gladios
5484 2844 5701 2912 pertuloo

4147 2936 4309 2988 runt?
4353 2935 4691 2989 Domitianus
4738 2945 4998 3004 prmterea
5073 2949 5291 2990 suorum
5346 2935 5698 3003 coniuratione

4146 3025 4432 3082 COnfossus
4465 3038 4566 3080 est.
4606 3025 4811 3080 Probus
4865 3025 5141 3098 [Charus],
5182 3026 5304 3081 dum
5333 3035 5506 3079 castra
5548 3038 5694 3092 supra

4146 3113 4415 3183 Tigridem
4443 3117 4692 3188 haberet,
4717 3119 4920 3171 caelesti
4967 3117 5185 3171 fulmine
5229 3128 5444 3187 repente
5468 3129 5696 3186 peremi»

4146 3213 4231 3258 tus
4262 3215 4363 3259 est.
4400 3207 4504 3259 Sed
4532 3208 4622 3274 qui
4652 3223 4698 3258 vi
4724 3208 4762 3259 lt
4794 3208 5004 3275 plenius
5044 3222 5220 3272 nosse,
5247 3208 5482 3262 seriatint
5512 3208 5696 3261 Roma-

2445 3314 2604 3378 geret
2621 3275 2850 3373 eamque
2875 3275 3149 3372 suscipere
3178 3301 3434 3355 voluisset
3466 3313 3709 3362 uxorem,
3742 3300 3889 3368 prius
3917 3299 4034 3367 ejus
4064 3275 4109 3336 ο
4142 3316 4222 3353 nae
4253 3301 4586 3369 antiquitatis
4640 3310 4926 3371 percurrat
4963 3303 5236 3367 historias,
5292 3301 5468 3372 ibique
5502 3299 5694 3372 liquido

2446 3396 2725 3451 caesariem
2754 3393 2970 3447 raderet
3003 3406 3315 3461 unguesque
3354 3390 3693 3459 prtccideret,
3720 3403 3783 3444 ac
3805 3398 4034 3450 vestem,

2446 3488 2505 3541 in
2537 3501 2646 3555 qua
2693 3493 2849 3553 capta
2902 3491 3041 3547 erat,
3094 3481 3332 3536 auferret
3363 3481 3541 3550 (Deut.
3568 3481 3715 3549 xvi);
3751 3482 3934 3550 sicque
3969 3480 4036 3532 ad

2446 3575 2832 3646 ingenuitatem
2867 3572 3182 3626 lsraelitidis
3227 3587 3290 3624 ex
3324 3586 3472 3624 more
3503 3571 3870 3641 prosilientem
3911 3568 4035 3638 jure

2445 3667 2550 3723 sibi
2605 3664 2934 3720 matrimonii
2991 3663 3287 3733 cupularet.
3338 3660 3456 3716 Jam
3503 3662 3666 3732 igitur
3707 3677 3910 3732 ungues
3957 3661 4031 3716 tui

2443 3775 2566 3815 eum
2612 3758 2837 3813 caesarie
2885 3769 3101 3826 coepere
3136 3753 3354 3824 praecidi
3379 3771 3394 3818 ;
3421 3751 3534 3820 jam
3569 3753 3734 3808 vestis
3754 3768 3858 3822 qua
3887 3763 4027 3822 tege-

2450 3851 2621 3916 baris,
2648 3847 2848 3904 auferri
2878 3863 2892 3901 :
2921 3848 3046 3916 quia
3096 3844 3355 3915 quidquid
3420 3845 3469 3897 in
3519 3845 3591 3898 tui
3644 3844 3824 3898 cultus
3870 3859 4031 3898 orna-

2448 3940 2592 3996 tibus
2615 3939 2919 4009 pulchrum,
2953 3936 3207 4006 quidquid
3238 3937 3289 3989 in
3332 3935 3679 3990 facultatibus
3708 3937 4026 4004 pretiosum,

2445 4040 2499 4085 te
2531 4029 2680 4084 velut
2723 4027 2952 4090 ambire,
2982 4025 3067 4080 vel
3093 4038 3309 4079 comere
3347 4025 3399 4077 in
3431 4025 3794 4079 exterioribus
3845 4025 4026 4078 cerni-

2444 4130 2554 4184 tur,
2580 4118 2741 4190 861
2768 4118 2823 4171 in
2861 4114 3074 4186 pietatis
3097 4127 3258 4183 opera
3281 4113 3519 4182 quotidie
3554 4115 3885 4183 proﬂigatur.
3921 4112 4026 4166 Re-

2441 4219 2552 4267 stat
2581 4216 2709 4280 ei’go
2751 4208 2820 4262 ad
2855 4207 3094 4260 intimam
3122 4203 3304 4284 sponsi
3348 4204 3422 4257 tui
3450 4203 3561 4272 jam
3607 4204 3892 4272 pervenire
3916 4203 4026 4280 dul-

2441 4302 2726 4366 eedinem,
2755 4308 2813 4355 et
2857 4289 3231 4353 suavissimam
3283 4293 3428 4348 illam
3470 4293 3824 4348 contendenti
3863 4293 4022 4362 spiri-

2442 4400 2528 4445 tus
2556 4391 2859 4459 unitatem:
2891 4405 2910 4438 ι
2953 4386 3053 4453 Qui
3102 4386 3243 4438 enim
3293 4386 3528 4438 adhaeret
3578 4385 3822 4450 Domino,
3884 4399 4022 4438 unus

2444 4500 2568 4538 eam
2594 4498 2660 4538 eo
2690 4463 2911 4552 spiritus
2942 4488 3023 4534 est
3054 4479 3104 4548 (I
3141 4478 3263 4531 Cor.
3304 4480 3403 4548 vt),
3451 4497 3469 4530 ι
3506 4478 3781 4543 videlicet,
3828 4488 3885 4532 ut
3930 4479 4019 4534 ille

2441 4576 2608 4632 divini
2626 4577 2826 4630 amoris
2851 4588 3012 4642 sapor
3036 4572 3138 4624 tuis
3170 4572 3464 4625 visceribus
3492 4570 3697 4632 influat,
3719 4570 3806 4624 illa
3838 4572 4018 4624 suavi-

2440 4668 2566 4721 tatis
2590 4667 2791 4722 intima:
2829 4666 3040 4718 flamma
3083 4665 3155 4715 tui
3181 4663 3413 4731 pectoris
3444 4678 3642 4715 arcana
3686 4665 4010 4727 succendat,

2439 4773 2602 4827 quam
2651 4766 2706 4810 et
2761 4757 2925 4808 miser
2963 4756 3195 4808 mn’udus
3231 4765 3282 4806 et
3331 4771 3480 4807 mens
3524 4767 3750 4823 qumque
3783 4758 4015 4811 carnalis

2436 4851 2672 4921 ignorat,
2716 4856 2775 4900 ιιι
2823 4846 2952 4899 illud
3005 4844 3351 4898 Canticorum
3402 4846 3654 4897 ardenter
3699 4847 4011 4900 exclames:

2444 4958 2464 4990 ς
2499 4939 2699 4993 Guttur
2737 4935 2915 4991 dilecti
2945 4935 3047 4987 mei
3066 4934 3467 4996 suavissimum,
3503 4942 3555 4988 et
3580 4942 3722 4988 totus
3745 4937 4019 4989 desidera-

2438 5029 2567 5084 bilis
2595 5028 2770 5098 (Cant.
2801 5028 2880 5093 v),
2912 5045 2929 5076 ι
2954 5033 3009 5078 et
3038 5024 3124 5078 ibe
3152 5022 3243 5075 tibi
3300 5024 3668 5078 vicissitudine
3709 5034 3859 5093 grata
3935 5041 4017 5077 re-

2437 5121 2701 5189 spondeat
2734 5135 2748 5169 :
2784 5136 2800 5166 ο
2844 5116 3018 5169 Favus
3052 5113 3314 5168 distillans
3348 5114 3608 5179 labiatua,
3651 5131 3878 5183 sponsa;
3910 5115 4009 5168 mel

2437 5220 2494 5265 et
2525 5210 2606 5263 lac
2634 5208 2736 5262 sub
2766 5203 4006 5274 linguatua,etodorvestimentorumtuorum,

2437 5302 2579 5356 sicut
2597 5301 2731 5354 odor
2759 5297 2936 5352 thuris
2963 5292 3136 5361 (Cant.
3170 5292 3263 5360 tv).
3302 5313 3320 5344 ι
3352 5295 3459 5348 Nec
3497 5298 3728 5350 tut-heris
3752 5298 3794 5350 si
3830 5312 3931 5364 qua
3959 5309 4010 5350 te

2440 5391 2688 5448 fortassis
2715 5389 3014 5442 adversitas
3044 5380 3225 5443 feriat.
3273 5390 3341 5442 ob
3374 5390 3423 5442 id
3464 5390 3604 5442 enim
3637 5390 3714 5453 fit,
3752 5401 3807 5442 ut
3838 5390 4004 5442 inter-

2442 5496 2543 5536 nus
2573 5481 2658 5534 ille
2687 5481 2976 5546 tlisposilor
3017 5483 3082 5534 ad
3131 5484 3268 5536 hanc
3318 5491 3366 5534 te
3419 5480 3751 5533 dulcedinem
3805 5480 4003 5532 trahat.

2435 5572 2572 5628 Nam
2602 5581 2655 5628 et
2677 5581 2851 5624 mater
2882 5588 3000 5626 cum
3027 5575 3296 5629 ablactare
3325 5573 3436 5626 vult
3479 5572 3642 5624 lilium
3662 5614 3674 5632 ,
3719 5573 4008 5639 aliquando

2441 5662 2510 5718 fel
2540 5663 2798 5718 uberibus
2825 5664 3064 5728 adhibet,
3113 5677 3168 5718 ttt
3215 5667 3338 5719 dum
3372 5672 3689 5732 aspernatur
3732 5663 3820 5716 ille
3867 5663 4009 5731 quod

2440 5755 2650 5818 horret,
2677 5754 3029 5823 compellatur
3056 5758 3120 5810 ad
3147 5757 3456 5811 alimentum
3473 5770 3530 5810 se
3553 5756 3846 5809 transferre
3868 5753 4011 5824 quod

2437 5845 2673 5909 roborat.
2719 5845 3067 5902 lsraeliticum
3110 5863 3320 5920 quoque
3365 5847 3617 5919 populum
3665 5846 3865 5901 idcirco
3916 5861 4005 5900 rex

4143 3391 4343 3446 videbit
4379 3389 4546 3461 quam
4596 3395 4746 3462 pauci
4782 3381 5088 3462 reipublicae
5136 3389 5692 3463 principes'communi

4139 3491 4313 3535 morte
4354 3481 4669 3535 defecerint.
4698 3481 4827 3536 Nam
4856 3491 4910 3535 et
4937 3481 5259 3545 Gordianus,
5297 3490 5351 3535 et
5395 3480 5690 3549 Philippus,

4142 3573 4358 3635 Decius,
4406 3571 4610 3638 Gailus,
4647 3571 4985 3636 Volusianus,
5032 3570 5688 3637 Gallientts,Quinctilitts,

4140 3660 4478 3725 Aurelianus,
4505 3661 4884 3724 Numerianus,
4914 3659 5170 3725 Licinius,
5208 3660 5502 3724 Constans,
5559 3659 5691 3714 Con-

4134 3754 4404 3807 stantinus
4431 3751 4639 3814 .luuior,
4661 3750 4906 3806 Julianus
4929 3750 5212 3819 Apostata,
5238 3748 5449 3812 Valens,
5485 3747 5689 3804 Gratia-

4076 3852 4079 3855 '
4132 3858 4254 3907 nus,
4289 3842 4696 3897 Valentinianus
4727 3840 4934 3908 Iunior,
4981 3840 5236 3905 Joannes,
5292 3839 5687 3895 Valentinianus

4131 3935 4343 3999 tertius,
4356 3932 4701 4001 Maiorianus,
4719 3931 5055 3995 Anthemius,
5068 3929 5262 4000 Nepos,
5285 3944 5469 3984 omnes
5487 3929 5572 3982 isti
5585 3926 5684 3983 lto-

4129 4027 4272 4081 mani
4287 4025 4496 4095 imperii
4512 4035 4764 4084 rectores,
4783 4037 4958 4076 nonne
4975 4022 5056 4076 vel
5075 4023 5126 4076 in
5138 4023 5247 4075 otio
5258 4019 5418 4090 862
5438 4019 5681 4073 seditiosa

4128 4131 4346 4171 suorum
4381 4124 4506 4169 sunt
4533 4112 4719 4167 fraude
4750 4111 4948 4177 necati,
4979 4110 5060 4165 vel
5100 4112 5154 4164 in
5185 4119 5458 4179 procinctu
5489 4105 5684 4162 hostili-

4124 4208 4225 4263 bus
4250 4207 4526 4278 perierunt
4552 4205 4743 4276 gladiis
4766 4203 5102 4272 interempti?
5140 4201 5244 4257 Sed
5283 4207 5337 4256 et
5369 4201 5678 4268 quihusdam

4123 4299 4254 4367 quid
4290 4296 4494 4366 profuit
4538 4296 4681 4364 quod
4734 4309 4919 4348 eorum
4975 4293 5030 4346 in
5066 4291 5166 4345 hoc
5213 4287 5402 4344 saeculo
5429 4286 5680 4357 prolixius

4121 4405 4326 4444 annosa
4377 4389 4484 4440 vita
4533 4384 4778 4440 duravit?
4828 4382 4983 4448 Nam,
5015 4391 5072 4434 ut
5101 4380 5304 4435 infinita
5346 4388 5674 4448 pratereatn.

4118 4483 4439 4538 Valerianus
4470 4480 4762 4548 imperator
4795 4475 4848 4528 in
4883 4470 5262 4540 Mesopotamia
5289 4485 5408 4524 cum
5441 4466 5673 4536 Sapore.

4116 4574 4405 4628 Persarum
4432 4583 4578 4640 rege,
4601 4568 4841 4638 przelium
4861 4564 5131 4620 commisit
5153 4571 5207 4616 et
5232 4560 5486 4630 perdidit;
5520 4568 5674 4629 quell

4119 4664 4207 4718 ille
4239 4664 4484 4731 protinus
4513 4669 4729 4728 captum
4770 4651 5134 4710 irrevocabilis
5172 4650 5422 4704 custodite
5453 4647 5674 4704 vinculis

4117 4753 4464 4822 ntancipavit;
4487 4751 4576 4819 qui
4595 4749 4869 4811 nimirum,
4894 4746 5032 4801 sicut
5067 4743 5231 4798 tradit
5258 4741 5498 4806 historia,
5531 4741 5670 4810 igno-

4116 4845 4209 4898 bili
4263 4841 4401 4910 apud
4452 4839 4682 4893 Parthos
4729 4837 4990 4891 servitute
5043 4832 5346 4894 consenuit;
5390 4839 5445 4884 et
5501 4825 5667 4897 quoad

4118 4933 4272 4996 vixit,
4297 4934 4418 4986 huic
4449 4931 4724 5000 probrosa;
4752 4927 4996 4981 addictus
5024 4934 5106 4978 est
5127 4938 5317 4994 pinnae,
5351 4931 5407 4973 ttt
5435 4920 5667 4990 ejusdem

4119 5025 4407 5094 provincia:
4433 5038 4544 5083 rex,
4579 5023 4860 5075 incurvato
4899 5035 4987 5084 eo,
5016 5019 5206 5086 pedem
5235 5015 5531 5069 cervicibus
5559 5010 5667 5079 ejus

4119 5121 4448 5188 imprimeret
4479 5125 4529 5168 et
4562 5115 4638 5167 sic
4681 5113 4733 5166 in
4780 5128 4973 5180 equum
5003 5109 5307 5179 arrogantia
5339 5106 5566 5159 tumidus
5585 5116 5665 5156 asc

4116 5209 4307 5262 siliret.
4341 5208 4473 5273 Quis
4499 5216 4581 5258 est
4618 5204 4782 5267 enim,
4811 5202 4896 5256 cui
4929 5216 4986 5254 se
5005 5199 5215 5253 fortuna
5237 5214 5341 5252 nou
5367 5194 5663 5255 transferat,

4115 5310 4169 5354 et
4205 5300 4361 5352 modo
4393 5298 4457 5350 de
4495 5294 4735 5349 adversis
4761 5293 4812 5346 in
4845 5306 5118 5362 prospera,
5144 5291 5299 5344 modo
5325 5287 5388 5340 de
5406 5281 5666 5355 prosperis

4115 5390 4167 5443 in
4201 5389 4427 5441 adversa
4457 5386 4672 5440 scenica
4716 5397 4773 5438 se
4811 5385 5069 5436 varietate
5118 5378 5425 5434 convertat?
5465 5377 5663 5442 Quanta

4120 5480 4276 5550 plane
4303 5477 4498 5549 gloria,
4527 5484 4760 5545 quantus
4785 5488 5002 5528 suorum
5035 5471 5187 5525 favor
5206 5468 5384 5522 arrisit
5407 5462 5663 5527 Annibali,

4115 5586 4235 5624 cum
4268 5571 4406 5638 apttd
4435 5567 4652 5624 Cannas
4682 5565 4900 5618 Paulum
4923 5562 5200 5621 Emilium
5232 5576 5350 5614 cum
5381 5568 5456 5612 tot
5482 5557 5665 5610 flama-

4116 5677 4306 5715 norum
4368 5659 4598 5712 militum
4644 5655 4948 5728 agminibus
4996 5653 5221 5708 stravit?
5278 5666 5399 5706 cum
5450 5648 5663 5714 denin

4118 5761 4230 5808 tres
4251 5767 4538 5806 aureorum
4568 5748 4889 5803 annulorum
4912 5747 5138 5812 modios,
5161 5760 5297 5815 quos
5319 5742 5547 5812 equitum
5571 5737 5658 5793 Ro-

4120 5861 4426 5914 manorum,
4460 5853 4772 5903 senatorum
4802 5851 4856 5899 et
4893 5841 5121 5898 militum
5169 5841 5473 5896 detraxerat
5502 5830 5656 5888 nant-

5835 375 5838 447 i

5835 489 5838 588 Ν
