5882 6636
1003 389 1105 452 In

1877 384 2101 446 UPUSC
2162 385 2293 443 LVI.
2330 415 2402 427 --
2442 377 2535 442 {)E
2580 384 2813 441 FLUXA
2855 374 3077 438 HUNDI
3117 373 3367 433 GLORIA

4179 367 4285 421 ΜΒ

1005 510 1127 573 lius,
1152 503 1538 576 Carthaginem
1569 472 1889 557 destinavit?
1915 501 2183 555 Plurimas
2224 494 2392 555 etiam
2425 495 2589 553 Italiae
2619 504 2669 559 Α
2695 497 2815 549 dem
2844 508 2984 547 anno
3002 501 3242 559 uterque
3284 486 3569 542 defunctus
3602 492 3705 539 est.
3748 486 3905 576 Quod
3933 494 4115 576 autem
4143 492 4289 576 post-

1006 595 1113 657 sibi
1151 596 1399 650 civitates
1445 591 1708 654 subdidit,
1745 592 1880 645 adeo
1916 600 1974 643 ut
2007 590 2120 659 jam
2159 588 2392 641 Romani
2446 589 2591 641 cives

1010 686 1218 741 Italiam
1255 684 1558 750 relinquere
1602 680 1991 741 decrevissent,
2028 687 2084 730 et
2128 686 2330 729 statum
2362 676 2594 729 labentis

1009 774 1223 845 imperii
1254 773 1493 827 funditus
1522 774 1895 839 desperarent.
1949 766 2055 821 Sed
2099 781 2261 835 quant
2291 766 2348 819 in
2378 774 2607 823 contra-7

1008 869 1153 923 rium
1182 879 1468 921 successus
1499 863 1601 917 iste
1626 874 1922 915 conversus
1945 868 2047 920 est,
2079 872 2202 911 cum
2236 855 2391 923 Mago
2430 855 2596 907 frater

1006 955 1129 1025 dus
1153 970 1181 1007 a
1206 954 1458 1023 Scipione
1484 951 1625 1021 apud
1656 947 2035 1018 Carthaginem
2064 944 2337 1019 Hispaniae
2361 944 2593 1012 capitur,

1008 1043 1330 1099 Asdrubalis
1362 1041 1589 1098 alterius
1616 1038 1803 1093 fratris
1834 1043 1997 1106 caput
2029 1048 2291 1089 mucrone
2320 1033 2596 1087 desectum

1007 1144 1142 1193 ante
1165 1134 1334 1206 ipsius
1371 1132 1657 1189 Annibalis
1702 1139 1882 1185 castra
1922 1128 2227 1199 projicitur,
2287 1126 2403 1194 ipse
2453 1125 2603 1179 dein-

1007 1239 1141 1296 ceps
1160 1234 1284 1296 post
1311 1223 1628 1279 inevasibile
1655 1220 1795 1291 fugae
1821 1218 2141 1288 periculum,
2188 1226 2248 1270 ut
2296 1228 2505 1270 veneno
2542 1230 2601 1268 se

1008 1319 1244 1388 perimat
1274 1315 1592 1371 imminente
1628 1311 1956 1367 necessitate
2000 1305 2379 1375 compellitur?
2424 1304 2603 1371 Quam

1009 1408 1070 1464 in
1102 1407 1431 1464 contrarium
1455 1419 1610 1459 versa
1633 1412 1719 1459 est
1739 1410 1794 1457 et
1818 1401 1960 1455 illius
1980 1399 2168 1455 eximii
2196 1398 2415 1453 fortuna
2440 1397 2601 1452 Pom-

1010 1498 1144 1570 peii,
1192 1496 1285 1566 qui
1331 1511 1451 1565 post
1495 1504 1568 1549 tot
1619 1493 1921 1562 triumphos
1973 1491 2263 1558 clarasque
2322 1489 2599 1552 victorias,

1010 1602 1149 1658 quas
1173 1588 1389 1641 diverso
1428 1595 1697 1640 terrarum
1738 1584 1867 1637 orbe
1909 1581 2169 1647 confecit,
2203 1592 2489 1651 postquam
2526 1582 2606 1634 vi-

1011 1681 1149 1751 ginti
1180 1680 1315 1733 duos
1339 1693 1493 1747 reges
1523 1679 1573 1731 in
1607 1676 1723 1731 solo
1749 1676 1995 1730 orientali
2034 1677 2257 1730 climate
2295 1675 2603 1744 superavit,

1014 1770 1138 1825 vilis
1187 1768 1410 1823 Achilla:
1450 1768 1634 1838 gladio
1678 1768 2036 1821 detruncatus
2078 1766 2370 1821 occubuit?
2422 1764 2607 1823 Caesar

1011 1860 1198 1922 etiam,
1226 1874 1384 1928 quem
1412 1856 1655 1912 victoria:
1690 1857 1943 1927 cupidum
1978 1866 2123 1911 totus
2162 1856 2423 1911 occiduus
2453 1856 2601 1909 orbis
2634 1867 2678 1925 Β

1011 1951 1216 2005 satiare
1242 1965 1346 2003 non
1378 1958 1610 2019 poterat,
1659 1948 1745 2002 cui
1792 1948 1941 2001 velut
1968 1948 2187 2017 quidam
2219 1946 2607 2001 contradictio-

1010 2040 1101 2095 nis
1149 2041 1305 2103 obex,
1346 2051 1403 2094 ut
1432 2042 1501 2093 ita
1559 2040 1771 2109 loquar.
1832 2042 2173 2108 importunus
2222 2050 2277 2092 et
2334 2054 2599 2107 arrogans

1010 2132 1262 2190 Oceanus
1292 2133 1615 2194 obsistebat,
1664 2132 1821 2201 cujus
1864 2147 1957 2187 ora
1987 2131 2319 2184 flammantia
2354 2130 2609 2183 innume-

1012 2222 1265 2276 rabilium
1298 2232 1508 2290 strages
1555 2224 1795 2293 gentium
1830 2238 1935 2276 non
1969 2221 2344 2290 complebant,
2394 2228 2611 2274 senato-

1014 2314 1127 2369 rios
1170 2314 1310 2366 intra
1357 2313 1569 2367 curiam
1600 2312 1808 2382 gladios
1846 2312 2088 2381 pertulit,
2113 2328 2142 2364 a
2175 2311 2373 2379 quibus
2427 2308 2611 2377 utique

1016 2403 1206 2475 viginti
1234 2405 1445 2462 duabus
1473 2405 1646 2473 plagis
1674 2402 1956 2457 confossus
1988 2402 2210 2456 interiit.

1612 2493 1841 2548 CAPUT
1871 2492 2003 2546 Vlll.

1018 2585 1281 2653 Exempla
1312 2588 1616 2653 mulierum,
1641 2602 1868 2655 quorum
1909 2586 2107 2656 gaudia
2144 2600 2285 2637 mars
2318 2582 2608 2652 occuparit.

1024 2688 1039 2723 τ
1086 2676 1337 2746 Nunquid
1388 2691 1443 2731 et
1476 2679 1732 2733 mulieres
1775 2678 1842 2732 ab
1889 2678 2049 2746 hujus
2090 2678 2375 2731 mundana:
2418 2677 2614 2745 decep-

1016 2763 1183 2819 tionis
1222 2766 1375 2819 rotali
1405 2768 1669 2835 vertigine
1722 2768 2069 2834 reperiuntur
2108 2767 2412 2819 immunes?
2458 2766 2612 2818 Cleo-

1015 2862 1169 2924 patra
1206 2870 1397 2919 nempe
1429 2856 1715 2925 magnifice
1768 2856 1860 2907 toti
1924 2854 2304 2910 dominabatur
2343 2853 2610 2924 IEgypto,

1018 2945 1166 3011 quod
1198 2945 1447 2998 videlicet
1478 2962 1699 3013 regnum
1749 2953 1967 2998 centum
2024 2946 2191 2998 millia
2242 2944 2489 2997 villarum
2527 2945 2614 2998 in-

1016 3034 1238 3088 cludere
1268 3038 1601 3103 peihibetur.
1634 3037 1749 3090 lluc
1778 3039 2005 3091 accessit
2032 3038 2173 3104 quod
2202 3037 2488 3101 Antonius,
2522 3037 2612 3104 qui

1016 3124 1226 3181 Orienti
1262 3127 1417 3180 simul
1452 3128 1747 3197 imperabat
1777 3139 1829 3181 et
1854 3130 2015 3193 Asiae,
2059 3128 2340 3183 Octaviani
2382 3130 2607 3198 Augusti

2699 587 2939 648 modum,
2968 593 3091 635 ante
3122 582 3223 635 hoc
3275 578 3447 634 ferme
3476 577 3772 639 biennium,
3817 574 3941 628 luna
3981 574 4034 627 in
4061 574 4283 640 sangui-

2701 694 2821 732 nem
2853 691 3003 731 versa
3032 684 3135 738 est,
3167 675 3292 742 quia
3328 674 3548 742 sanguis
3568 680 3783 741 peccata
3809 669 4081 741 significat
4110 688 4121 720 :
4153 688 4169 717 ι
4202 666 4293 720 Li-

2700 771 2830 825 bera
2866 784 2971 832 me,
3010 768 3183 835 inquit
3206 766 3398 830 David,
3429 766 3494 820 de
3524 765 3900 835 sanguinibus,
3932 763 4077 817 Deus
4111 762 4286 826 (Prol.

2702 862 2783 923 xl,
2821 880 2838 912 ι
2875 861 2928 915 in
2953 867 3217 928 quantum
3251 858 3377 911 mihi
3408 856 3637 918 videtur,
3680 856 3753 909 nil
3814 854 3960 909 aliud
4008 854 4109 907 nisi
4164 868 4291 905 san-

2701 961 2846 1006 ctam
2884 947 3557 1020 significavitEcclesiam,
3602 944 3878 1000 Cadaloici
3902 944 4127 999 sceleris
4158 958 4293 997 san-

2702 1040 2866 1107 guine
2894 1020 3306 1093 cruentandam.
3338 1036 3605 1092 Cadaious
3636 1037 3780 1091 enim
3821 1034 4018 1089 millies
4068 1034 4295 1089 anathe-

2705 1132 3015 1191 matizatus,
3063 1130 3192 1183 dum
3243 1146 3337 1198 pro
3377 1127 3645 1182 venaliter
3675 1127 4003 1195 acquirenda
4050 1126 4293 1180 Romana

2704 1220 2947 1275 Ecclesia
2976 1218 3218 1273 infinitas
3249 1235 3345 1288 per
3372 1217 3597 1287 populos
3626 1218 3882 1287 pecunias
3914 1217 4141 1288 spargit,
4172 1232 4298 1271 cor~

2707 1313 2773 1365 da
2795 1311 3075 1366 hominum
3102 1324 3199 1379 per
3249 1309 3539 1364 avaritiam
3565 1309 3619 1363 iu
3644 1308 3773 1363 :eris
3798 1308 4034 1379 speciem
4065 1308 4213 1362 velut
4240 1308 4297 1361 in

2706 1403 3026 1473 sanguinem
3072 1402 3253 1456 vertit.
3286 1399 3485 1471 Sicque
3516 1402 3641 1456 dum
3685 1400 4003 1471 pestilentes
4054 1398 4305 1454 homines

2706 1493 2909 1548 metalli
2925 1492 3084 1560 hujus
3101 1508 3205 1547 non
3226 1491 3479 1546 desinunt
3512 1489 3713 1545 habere
3752 1480 4096 1555 rubedinem,
4122 1487 4303 1559 splen-

2708 1584 2808 1639 dor
2834 1584 3091 1638 Ecclesia:
3113 1581 3516 1651 quodammodo
3546 1582 3777 1635 vertitur
3802 1581 3855 1635 in
3885 1595 4161 1636 cruorem.
4194 1577 4305 1634 Cor

2707 1674 2851 1728 enim
2891 1673 3035 1743 quod
3064 1672 3209 1741 cupit
3236 1670 3353 1740 ejus
3387 1680 3516 1726 ante
3556 1671 3651 1726 Dei
3690 1670 3879 1727 oculos
3926 1670 4161 1739 speciem
4220 1670 4305 1723 in-

2709 1764 2843 1819 duit.
2870 1762 2977 1819 Sed
3015 1764 3127 1818 haec
3152 1763 3304 1817 alias.

3326 1852 3556 1909 CAPUT
3596 1853 3685 1908 IX.

2786 1954 2943 2031 Quod
2993 1968 3129 2019 idem
3170 1967 3235 2017 si!
3279 1967 3535 2104 οιηηὶιὲη.
3566 1964 3871 2019 mortalium
3918 1964 4129 2019 initium
4174 1982 4239 2020 ac

3482 2051 3581 2088 ms.

3482 2051 3581 2088 ηδε.

2790 2128 2855 2182 Ut
2880 2127 3046 2196 igitur
3087 2126 3151 2181 ad
3206 2126 3257 2180 id
3298 2124 3441 2180 unde
3468 2126 3744 2195 digressus
3764 2141 3885 2179 sum
3932 2125 4310 2189 redeam,om-

2713 2231 2810 2271 nes
2841 2217 3109 2280 homines,
3139 2217 3254 2269 sive
3306 2224 3572 2285 potentes,
3617 2216 3733 2269 sive
3772 2216 3883 2269 sint
3922 2216 4131 2283 inopes,
4167 2229 4312 2268 eam-

2714 2306 2836 2359 dem
2870 2306 3177 2359 sortiuntur
3217 2304 3506 2375 originem,
3558 2318 3656 2358 nec
3712 2303 4030 2358 dissimilem
4080 2302 4303 2357 habitur

2715 2409 2845 2453 sunt
2876 2398 3061 2450 finem.
3102 2398 3249 2451 Inter
3279 2398 3378 2452 hos
3410 2406 3589 2451 autem
3620 2397 3753 2451 duos
3802 2396 4004 2451 limites
4042 2406 4127 2449 est
4168 2410 4315 2465 φιλε-

2716 2490 2837 2543 dam
2869 2490 2993 2541 vita-
3019 2488 3328 2549 diversitas,
3368 2498 3426 2541 ut
3467 2487 3555 2540 alii
3586 2503 3644 2541 se
3675 2488 3978 2556 glorientur
4016 2501 4137 2541 esse
4186 2502 4315 2556 spe—

2714 2582 2963 2644 ctabiles,
2994 2581 3163 2637 aliise
3193 2582 3409 2636 doleant
3442 2580 3765 2649 indigentes.
3795 2581 3902 2635 Sed
3934 2580 4317 2635 hacchumante

2717 2672 2841 2725 vita:
2894 2672 3175 2735 varietas,
3245 2680 3623 2725 momentanea
3677 2680 3982 2739 temporum
4038 2672 4312 2724 brevitate

2718 2763 3085 2826 concluditur,
3117 2772 3175 2815 ut
3205 2771 3258 2814 et
3282 2762 3407 2815 elati
3438 2762 3638 2832 quique
3675 2762 3880 2815 diutius
3922 2761 3987 2815 de
4030 2775 4126 2815 sua
4180 2775 4306 2829 pro-

2720 2855 2983 2921 speritate
3011 2870 3115 2908 non
3156 2856 3450 2920 gaudeant,
3484 2866 3539 2907 et
3589 2854 3799 2921 inglorii
3833 2868 3943 2907 sure
3985 2852 4312 2921 dejectionis

2721 2944 3125 2998 incommodum
3184 2943 3507 2997 festinanter
3560 2945 3810 2998 evadant.
3843 2943 3997 3008 Quod
4054 2951 4139 2996 est
4188 2958 4319 3013 ergo

2721 3038 3046 3106 principium
3072 3026 3316 3091 nostrum
3348 3046 3403 3090 et
3440 3036 3529 3107 qui
3572 3037 3713 3099 finis,
3742 3052 3883 3105 quae,
3926 3037 4067 3091 sicut
4114 3036 4321 3089 dictum

2722 3139 2823 3191 est,
2862 3128 3071 3180 variare
3101 3144 3205 3182 non
3239 3143 3557 3199 possumus;
3586 3129 3689 3183 sed
3723 3144 3914 3183 omnes
3946 3128 3998 3181 in
4028 3143 4321 3182 commune

1015 3230 1261 3271 sororem
1288 3219 1509 3284 repudio
1541 3221 1763 3286 sprevit,
1798 3230 1851 3272 et
1880 3221 2016 3273 hanc
2057 3220 2156 3273 sibi
2194 3220 2445 3273 infaustis
2518 3236 2613 3273 au-
2644 3209 2687 3271 C
2720 3220 2976 3274 mortales
3030 3221 3144 3276 haec
3192 3220 3564 3275 indifferenter
3622 3221 3997 3291 possidemus?
4038 3220 4145 3275 Sed
4196 3222 4324 3274 audi

1018 3305 1205 3374 spiciis
1250 3306 1302 3359 in
1339 3308 1742 3361 matrimonium
1773 3309 2059 3377 copulavit.
2112 3310 2311 3363 Verum
2348 3311 2413 3363 ad
2448 3326 2608 3381 quem

1017 3398 1183 3452 finem
1216 3408 1325 3452 tam
1358 3400 1581 3469 gloriosi
1642 3410 1859 3468 tamque
1894 3400 2161 3470 magnifici
2204 3403 2464 3472 conjuges
2491 3418 2613 3471 per—

1017 3489 1318 3543 venerunt?
1342 3490 1608 3543 Antonius
1650 3490 1916 3559 siquidem
1964 3492 2032 3545 ab
2067 3491 2310 3562 Augusto
2340 3493 2478 3561 apud
2510 3492 2613 3547 Ac-

1020 3578 1159 3633 tium
1187 3578 1366 3631 navali
1402 3580 1588 3646 prazlio
1613 3589 1900 3649 superatus
1929 3582 1981 3635 in
2007 3580 2301 3653 {Egyptum
2329 3584 2484 3653 fugit,
2513 3583 2615 3637 ibi-

1017 3682 1127 3735 que
1153 3667 1450 3736 desperatis
1482 3670 1639 3723 rebus
1670 3672 1784 3737 ipse
1820 3673 1920 3725 sibi
1960 3682 2184 3725 mortem
2216 3674 2434 3741 propria
2479 3674 2614 3726 deli-

1017 3756 1303 3811 beratione
1335 3760 1618 3813 conscivit.
1656 3761 1761 3814 Sed
1810 3768 1864 3813 et
1904 3760 2190 3831 Cleopatra
2246 3763 2609 3830 postmodum,

1018 3860 1128 3900 non
1158 3846 1426 3900 dissimili-
1446 3848 1768 3901 necessitate
1790 3849 1953 3919 863
1982 3858 2193 3913 coacta,
2226 3850 2279 3904 in
2314 3860 2611 3921 pretiosum

1019 3936 1123 3991 viri
1154 3939 1237 3990 sui
1274 3938 1580 4007 sepulcrum
1629 3955 1689 3993 se
1717 3950 1909 4007 sponte
1961 3940 2206 4009 proiecit,
2263 3944 2614 4013 aspitlemque

1018 4029 1259 4096 propriis
1288 4030 1546 4084 uberibus
1572 4030 1857 4095 adhibens,
1884 4032 2014 4086 dum
2046 4042 2103 4086 et
2143 4031 2233 4087 illa
2289 4034 2612 4102 sanguinem

1021 4128 1259 4187 augeret,
1286 4130 1344 4173 et
1373 4121 1488 4175 haec
1512 4121 1563 4175 in
1594 4136 1652 4176 se
1692 4137 1895 4177 venena
1940 4125 2311 4189 contraheret,
2362 4127 2612 4196 exspira-

1021 4210 1123 4263 vit.
1154 4210 1471 4266 Semiramis
1530 4214 1694 4267 etiam
1747 4224 1869 4284 post
1920 4216 2126 4270 obitum
2178 4219 2281 4272 viri
2321 4220 2429 4283 sui,
2479 4231 2613 4288 quot

1021 4314 1233 4372 Strages
1261 4306 1487 4367 dederit,
1513 4315 1645 4375 quot
1672 4306 1773 4360 sibi
1813 4323 1975 4377 regna
2004 4308 2325 4373 subdiderit,
2367 4326 2475 4379 quo
2518 4314 2612 4365 tle-

1022 4408 1171 4447 mnm
1198 4394 1303 4446 fine
1335 4393 1594 4448 defecerit
1627 4396 1831 4463 liquido
1867 4382 2130 4453 veterum
2154 4408 2421 4454 testantur
2446 4417 2611 4455 anna-

1021 4480 1121 4536 les.
1150 4482 1283 4536 Cum
1307 4498 1435 4549 ergo
1458 4485 1621 4537 fallax
1656 4487 1812 4552 hujus
1845 4490 2025 4541 mundi
2061 4490 2288 4545 felicitas
2320 4501 2395 4545 tot
2425 4495 2606 4547 mundi

1021 4571 1420 4629 calamitatibus
1447 4578 1516 4629 sit
1546 4578 1803 4641 obnoxia,
1830 4595 1953 4633 cum
2008 4583 2248 4649 potentia
2302 4585 2612 4652 temporalis
2643 4554 2689 4613 Π

1022 4667 1101 4714 tot
1142 4662 1357 4715 casibus
1390 4666 1644 4718 varianda
1683 4668 1984 4735 subjaceat,
2033 4678 2087 4720 et
2119 4686 2298 4723 rerum
2329 4673 2464 4725 ordo
2493 4688 2613 4727 sese

1019 4748 1171 4804 Velut
1197 4754 1424 4805 Srenica:
1472 4754 1750 4823 vertiginis
1802 4756 2114 4812 alternitale
2144 4760 2463 4825 confundat,
2492 4764 2613 4829 quis

1019 4854 1169 4894 una!)
1199 4842 1392 4895 mentis
1424 4858 1451 4894 a
1488 4843 1649 4897 rebus
1676 4856 1781 4898 tam
1824 4846 2031 4901 frivolis
2062 4858 2281 4919 tamque
2327 4851 2612 4929 fugacibus

1021 4932 1264 5003 animum
1297 4948 1400 4986 non
1425 4936 1671 4987 avertat?
1704 4936 1835 4989 Nam
1864 4948 1920 4990 ut
1949 4947 2004 4993 et
2032 4940 2165 5007 ipsa,
2198 4955 2318 5009 qua:
2352 4942 2447 4996 tibi
2486 4952 2615 4997 sunt

1022 5021 1333 5086 notissima,
1360 5040 1463 5077 non
1511 5036 1853 5093 pneteream,
1884 5044 2003 5082 cum
2051 5039 2249 5097 quanta
2280 5032 2449 5100 gloria
2476 5048 2611 5102 papa

1024 5110 1232 5177 Victor,
1259 5122 1314 5166 et
1342 5116 1423 5169 vir
1455 5125 1578 5171 tuus
1610 5118 1908 5187 imperator
1942 5120 2207 5177 Henricus
2228 5163 2242 5188 ,
2277 5133 2503 5195 uterque
2532 5127 2615 5180 vir

1022 5218 1225 5260 sanctm
1256 5210 1548 5275 memorim,
1582 5220 1707 5268 tunc
1736 5224 1893 5268 erant
1917 5226 1968 5269 et
1990 5227 2148 5270 actate
2176 5217 2413 5273 virentes
2442 5230 2495 5272 et
2534 5222 2616 5274 di-

1023 5300 1233 5369 gnitatc
1257 5299 1531 5366 ﬂorentes,
1564 5320 1685 5358 cum
1714 5304 1837 5359 luna
1878 5309 2227 5365 serenissimo
2273 5319 2476 5368 terram
2514 5312 2614 5365 ful-

1024 5406 1157 5462 gore
1184 5393 1537 5463 perfundens,
1570 5399 1795 5468 eclipsin
1828 5416 2005 5469 passa,
2052 5414 2272 5473 repente
2300 5408 2611 5471 contabuit,

1024 5494 1083 5538 et
1118 5488 1261 5541 rutili
1318 5489 1619 5557 splendoris
1668 5495 1943 5561 speculum
1989 5498 2232 5567 ignobili,
2284 5516 2389 5554 non
2433 5502 2610 5557 dicam

1025 5577 1252 5645 pallore,
1282 5582 1718 5639 sedobscuritate
1746 5589 1989 5642 mutavit.
2023 5590 2173 5655 Quod
2201 5593 2467 5661 profecto,
2488 5596 2593 5650 sic.

1030 5676 1089 5720 ut
1137 5668 1190 5723 in
1234 5672 1483 5741 proximo
1527 5676 1721 5744 patuit,
1771 5678 1901 5733 nihil
1964 5682 2103 5737 aliud
2155 5700 2317 5753 quant
2368 5688 2602 5741 vicinum

1030 5758 1310 5831 utriusque
1334 5763 1593 5834 principis
1628 5766 1903 5824 interitum
1936 5773 2300 5845 praesignavit.
2346 5775 2479 5833 Nam
2526 5794 2615 5834 eo-

2717 3305 3018 3376 sa’pientem
3050 3310 3224 3362 virum
3256 3313 3305 3363 in
3334 3311 3470 3365 libro
3501 3311 3670 3383 864
3702 3311 4000 3379 Sapientia
4030 3312 4325 3381 perhiben-

2720 3408 2827 3453 tem
2866 3418 2877 3452 :
2915 3418 2932 3450 ι
2974 3400 3132 3465 Sum,
3165 3401 3365 3470 inquit,
3390 3411 3443 3456 et
3486 3418 3587 3471 ego
3617 3404 3865 3458 mortalis
3902 3404 4092 3469 homo,
4128 3404 4327 3459 similis

2718 3491 3052 3556 hominibus,
3076 3500 3131 3546 et
3156 3507 3223 3546 ex
3252 3508 3451 3563 genere
3483 3502 3700 3549 terreno
3722 3495 3866 3549 illius
3917 3496 4010 3565 qui
4050 3497 4201 3565 prior
4241 3495 4324 3549 fa-

2717 3592 2837 3637 ctus
2861 3592 2967 3649 est,
2994 3593 3049 3638 et
3071 3585 3123 3637 in
3146 3593 3335 3639 ventre
3367 3586 3557 3639 matris
3584 3585 3844 3657 ﬁguratus
3869 3602 3988 3641 sum
4016 3601 4165 3651 caro,
4211 3588 4310 3641 de-

2718 3689 2835 3728 cem
2866 3676 3135 3729 mensium
3179 3684 3423 3745 tempore
3452 3678 3770 3747 coagulatus
3799 3694 3919 3732 sum
3959 3679 4015 3732 in
4048 3680 4318 3749 sanguine

2716 3782 2783 3819 ex
2813 3766 3022 3821 semine
3050 3768 3308 3831 hominis,
3340 3778 3395 3823 et
3426 3770 3825 3825 delectamento
3874 3772 4072 3826 somnii
4122 3788 4327 3831 conve-

2720 3855 2941 3920 nientis,
3000 3866 3056 3912 et
3097 3870 3197 3927 ego
3244 3867 3405 3913 natus
3434 3863 3618 3930 accepi
3646 3875 3994 3915 communem
4018 3876 4225 3926 aerem,
4260 3871 4322 3919 et

2716 3948 2771 4003 in
2803 3948 3055 4003 similiter
3079 3949 3276 4004 factam
3308 3951 3483 4005 decidi
3518 3962 3743 4017 terram,
3775 3962 3831 4007 et
3855 3954 4087 4023 primam
4126 3971 4324 4011 vocem

2718 4040 2953 4095 similem
3008 4042 3263 4097 omnibus
3317 4044 3474 4097 emisi
3528 4044 3767 4114 plorans,
3828 4047 3882 4101 in
3932 4047 4325 4106 involumentis

2716 4130 2955 4186 nutritus
2977 4146 3094 4184 sum
3120 4141 3176 4184 ct
3203 4132 3351 4186 curis
3374 4134 3585 4201 magnis
3614 4133 3767 4205 (Sap.
3791 4135 3911 4206 vn).
3935 4158 3952 4187 ι
3986 4136 4155 4192 Nemo
4176 4142 4325 4194 enim

2716 4238 2780 4277 ex
2821 4224 3039 4292 regibus
3075 4223 3224 4278 aliud
3257 4225 3449 4281 habuit
3489 4227 3788 4282 nativitatis
3837 4229 4074 4283 initium.
4116 4230 4216 4285 Ubi
4270 4240 4337 4293 et.

2717 4316 2966 4383 protinus
3006 4316 3226 4369 additur
3262 4335 3273 4370 :
3315 4338 3332 4369 ι
3373 4317 3523 4373 Unus
3548 4334 3676 4388 ergo
3720 4321 3976 4377 introitus
4018 4332 4105 4378 cst
4142 4326 4325 4379 omni-

2715 4406 2817 4460 bus
2854 4408 2918 4460 ad
2950 4408 3135 4470 vitam,
3179 4417 3234 4461 et
3274 4408 3467 4463 similis
3507 4410 3683 4465 exitus
3735 4410 3948 4481 (lbid.).
4011 4432 4029 4465 ι
4084 4412 4141 4468 Si
4191 4432 4324 4485 ergo

2716 4514 2876 4560 unus,
2932 4500 3079 4566 quod
3130 4499 3357 4565 dicitur,
3402 4500 3469 4554 ad
3512 4502 3679 4554 vitam
3730 4503 3988 4558 introitus
4030 4514 4085 4559 et
4126 4508 4321 4563 similis

2721 4591 2900 4644 exitus
2929 4590 3218 4659 diligenter
3240 4591 3565 4658 attenditur,
3602 4594 3840 4648 varietas
3867 4596 3953 4648 illa
3985 4613 4106 4665 quae
4134 4614 4324 4654 versa-

2726 4692 2814 4734 tur
2842 4682 2893 4733 in
2939 4682 3138 4743 medio,
3184 4697 3406 4738 necesse
3444 4694 3528 4738 est
3568 4693 3627 4739 ut
3677 4696 3932 4757 tanquam
3972 4690 4125 4759 volax
4164 4690 4321 4762 fuga-

2723 4772 2804 4824 cis
2855 4772 3051 4825 somnii
3111 4773 3323 4826 vanitas
3384 4783 3783 4831 contemnatur.
3834 4778 3943 4832 lloc
3975 4782 4139 4833 etiam
4178 4783 4321 4849 quod

2722 4864 3061 4929 pmtttissnm
3103 4873 3187 4917 est
3222 4882 3233 4915 :
3266 4882 3285 4914 ι
3334 4864 3531 4919 Decem
3556 4868 3823 4921 mensium
3852 4879 4095 4939 tempore
4124 4888 4323 4942 coagu‘

2724 4958 2866 5007 latus
2892 4970 3009 5007 sum
3037 4955 3089 5007 in
3120 4957 3406 5023 sanguine,
3434 4974 3498 5012 ex
3528 4961 3735 5014 semine
3774 4964 4029 5026 hominis,
4079 4976 4134 5019 et
4175 4967 4323 5021 dele-

2723 5054 2993 5100 ctamento
3017 5047 3211 5099 somnii
3228 5050 3631 5111 convenientis;
3663 5072 3679 5102 ι
3704 5053 3745 5105 si
3774 5070 3879 5107 non
3902 5056 4081 5125 pigeat
4098 5058 4323 5127 vigilan-

2726 5148 2809 5191 ter
2834 5137 3137 5199 advertere,
3167 5155 3287 5207 qua:
3320 5156 3470 5194 mens
3498 5144 3612 5197 brec
3637 5147 3889 5210 audiens,
3938 5152 4103 5219 typho
4146 5153 4324 5207 valeat

2721 5228 3045 5298 arrogantia:
3080 5232 3398 5299 superbire?
3435 5234 3502 5287 Et
3536 5238 3659 5305 quis
3703 5242 3958 5295 continuo
4007 5259 4114 5297 non
4166 5261 4319 5301 com-

2722 5320 2954 5390 pellatur
3009 5336 3128 5377 sese
3178 5340 3335 5378 nosse
3377 5329 3751 5395 putredinem,
3789 5334 3915 5386 dum
3960 5342 4065 5387 tam
4110 5335 4324 5393 obscae-

2723 5426 2847 5465 nam
2880 5422 3033 5465 ortus
3076 5414 3155 5466 sui
3189 5416 3505 5470 considerat
3564 5417 3895 5474 fmditatcm?
3945 5424 4131 5478 dicens
4180 5427 4322 5482 intra

2719 5520 2778 5557 se
2817 5522 2828 5555 :
2867 5525 2881 5553 ι
2920 5503 3057 5569 Quid
3099 5507 3370 5573 superbis,
3428 5518 3570 5563 terra
3623 5519 3678 5563 et
3724 5513 3896 5566 ciuis?
3935 5514 4124 5583 (h'crli.
4178 5519 4256 5588 ι).
4296 5538 4317 5570 r

2722 5599 2873 5663 Quod
2896 5601 3061 5653 etiam
3101 5611 3220 5667 post
3254 5606 3460 5657 exitum
3497 5614 3668 5669 tuum,
3719 5606 3961 5662 futurum
4012 5623 4095 5665 est
4144 5616 4322 5681 primo

2722 5690 3163 5755 vermis,deinde
3208 5693 3399 5761 pulvis.
3438 5695 3737 5749 Erubescat
3790 5716 3918 5769 ergo
3971 5704 4165 5760 cordis.
4193 5706 4323 5762 elati

2724 5781 2997 5851 superbia,
3027 5790 3077 5836 et
3112 5783 3283 5853 quise
3306 5786 3613 5844 considerat
3644 5790 3786 5847 inter
3816 5805 3991 5851 ortum
4033 5805 4085 5853 et
4114 5799 4321 5855 obitum
