5882 6630
106 0 1931 161 τ’

2490 368 2594 425 819

2952 371 3007 427 S.
3033 373 3233 428 PETRI
3264 369 3542 428 DAMIANI
3577 373 3725 429 OPP.
3756 373 3990 431 TOMUS
4030 372 4159 431 SEII
4186 370 4360 430 PARS
4398 369 4483 427 Ill.
4521 400 4592 415 --
4621 371 4976 430 OPUSCULA
5018 368 5246 426 VARIA.

5598 367 5696 423 830

2485 482 2754 537 communi
2785 497 2905 535 cum
2938 487 3143 539 caneris
3176 494 3383 538 natura:
3421 484 3535 555 lege
3571 486 3883 555 constringi,
3917 485 4055 538 desi-
4080 495 4130 551 Α
4159 487 4438 541 charitatis
4477 486 4655 551 unire,
4704 496 4760 539 ut
4804 500 4921 538 cum
4966 486 5189 554 mystica
5220 482 5311 536 illa
5340 495 5532 551 sponsa
5575 495 5691 535 con-

2482 577 2581 627 nat
2606 573 2673 625 de
2694 571 3013 626 sublitnioris
3037 574 3216 642 gloriae
3244 575 3559 644 singularite
3578 574 3791 644 jactari.

3106 662 3331 717 CAPUT
3371 663 3437 717 Χ.

2702 749 2785 800 Ad
2810 753 3243 817 perseverantiam
3270 753 3591 806 exhortando
3611 762 3839 821 perorat.

2551 831 2631 889 Tn
2662 846 2863 901 autem,
2906 840 3224 894 venerabilis
3270 841 3505 903 domina,
3550 857 3668 910 quae
3696 858 3727 894 e
3754 856 3909 897 εωηο
3940 851 4050 897 ter-

2482 933 2624 974 rena:
2662 923 2925 991 superbiae
2971 925 3036 981 ad
3079 927 3308 981 sublime
3362 942 3503 981 verae
3536 927 3851 982 humilitatis
3904 928 4049 983 fasti-

2476 1008 2623 1077 gium
2650 1012 3033 1081 conscendisti,
3078 1016 3149 1068 ita
3178 1025 3487 1070 constanter
3512 1016 3565 1068 in
3604 1014 3722 1085 ejus
3760 1030 3888 1071 arce
3923 1032 4046 1087 per-

2477 1096 2636 1159 siste;
2679 1099 2754 1153 sic
2787 1100 2838 1154 in
2877 1116 2960 1167 ea,
2988 1118 3147 1171 quam
3181 1120 3279 1173 per
3300 1119 3447 1173 spem
3480 1105 3645 1159 semel
3689 1106 4047 1177 ingressaes,

2478 1192 2621 1238 terra
2651 1187 2967 1255 viventium,
3018 1195 3433 1260 perseverantia:
3477 1195 3666 1262 pedem
3706 1196 4049 1252 immobiliter

2479 1275 2602 1343 lige,
2633 1285 2690 1329 ut
2719 1278 2769 1331 in
2797 1280 3072 1338 saecularis
3119 1282 3218 1339 via":
3253 1283 3517 1339 lubricum
3565 1302 3672 1341 non
3710 1286 3876 1343 libeat
3906 1288 4043 1343 ulte-

2472 1364 2586 1419 rius
2611 1364 2900 1424 declinare.
2934 1370 3067 1424 Nam
3097 1388 3217 1443 qna-
3239 1373 3435 1427 dudum
3476 1376 3673 1431 terreni
3705 1376 3884 1433 fueras
3914 1393 4049 1433 uxor

2472 1450 2839 1525 imperatoris,
2882 1476 3024 1517 nunc
3077 1478 3173 1531 per
3225 1474 3428 1520 sanctae
3469 1465 3819 1535 professionis
3864 1468 4043 1523 dotem

2470 1555 2669 1613 eponsa
2697 1545 2839 1603 facta
2867 1562 2927 1604 es
2954 1548 3350 1624 Redemptoris.
3377 1553 3467 1609 Sic
3503 1555 3663 1625 igitur
3687 1555 3738 1609 ei
3763 1563 3815 1608 te
3838 1554 3891 1609 in
3917 1570 4042 1611 vera

4158 578 4369 646 gruenti
4408 577 4592 632 valeas
4635 592 4760 629 voce
4787 586 5043 629 cantare:
5085 594 5103 626 ι
5136 573 5314 628 Inveni
5352 586 5507 642 quem
5533 570 5699 639 diligit

4155 667 4333 721 anima
4368 682 4508 732 mea,
4542 667 4680 720 tenui
4726 680 4870 728 eum,
4910 679 5010 718 nec
5058 664 5321 716 dimittam
5368 659 5538 731 (Cant.
5562 660 5602 729 ι)
5627 674 5641 723 ;
5671 678 5689 709 ι

4156 765 4211 809 et
4251 756 4379 809 illud
4415 776 4425 807 :
4464 774 4482 806 ι
4524 755 4755 809 Dilectus
4780 767 4932 807 mens
4959 753 5098 806 inter
5127 752 5287 804 ubera
5320 765 5434 803 mea
5471 762 5686 803 coruino-

4156 844 4363 898 rabitur
4384 844 4591 913 (Ibid.).
4623 862 4641 894 ι
4672 843 4740 898 Ut
4760 843 5009 912 quoniam
5036 857 5132 897 cor
5159 839 5387 895 hominis
5415 839 5551 892 inter
5574 838 5697 892 nbe~

4154 950 4211 989 ra
4236 937 4398 990 situm
4432 935 4625 998 latitat,
4665 933 4949 988 continuus
4982 932 5162 999 sponsi
5193 932 5266 983 tui
5296 943 5445 985 amor
5474 942 5503 981 a
5526 925 5693 980 cordis

4150 1026 4227 1081 tui
4254 1026 4551 1081 visceribus
4575 1039 4681 1079 non
4705 1023 4949 1087 recedat;
4977 1031 5031 1076 et
5068 1020 5152 1075 cui
5185 1035 5325 1075 nunc
5365 1026 5543 1073 sancta
5586 1016 5693 1069 auio

4148 1132 4235 1172 ma
4265 1126 4356 1172 tuo
4381 1117 4435 1171 in
4460 1130 4644 1170 amore
4657 1112 5022 1183 conjungitnr,
5052 1124 5387 1179 nequaquam
5417 1108 5481 1162 de
5508 1114 5691 1160 caetero

4148 1222 4180 1261 a
4206 1205 4504 1261 dulcedinis
4548 1204 4665 1274 ejus
4713 1202 5078 1270 complexibus
5110 1199 5386 1264 evellatur,
5441 1206 5689 1266 quatenus

4143 1295 4273 1351 illud
4302 1296 4358 1352 in
4392 1304 4448 1351 te
4489 1295 4640 1350 Isaia
4678 1292 4989 1349 vaticinium
5023 1291 5337 1347 solemniter
5374 1287 5645 1357 impleatur

4151 1403 4171 1437 ι
4200 1384 4462 1441 Gandebit
4505 1398 4736 1455 sponsus
4764 1398 4925 1453 super
4949 1398 5223 1452 sponsam,
5250 1392 5304 1437 et
5330 1378 5569 1451 gaudebit
5598 1390 5687 1431 su-

4143 1488 4242 1548 per
4271 1483 4323 1529 to
4351 1471 4791 1541 DeustnusUsa.
4836 1471 4992 1541 LXII).
5040 1490 5059 1525 ι

2467 1600 2649 1688 cordis
2676 1634 2978 1695 humilitate
3004 1600 3309 1709 substErne,
3341 1646 3418 1701 sic
3458 1600 3548 1699 illi3
3577 1646 3781 1711 glutino
3822 1646 4041 1704 fervida
4482 1601 4561 1657 Si!
4590 1617 4775 1656 "me"
4798 1600 5005 1654 Domini
5026 1600 5365 1655 bmedid'm‘

9 6320 1345 6630 =-

2769 1826 5653 1859 "hum—mw

2470 1920 2835 1995 865-866
2890 1943 3661 2054 OPUSCULUM
3741 1950 4923 2079 QUINQUAGESIMUM
4988 1947 5675 2058 SEPTIMUM.

2470 2151 2579 2211 DE
2632 2148 3015 2215 PRINCIPIS
3055 2150 3377 2215 OFFICIO
3420 2154 3499 2214 IN
3543 2153 4082 2216 COERCITIONE
4125 2156 4653 2219 IMPROBORUM
4687 2201 4703 2229 ,
4750 2160 5281 2225 ADDITAcALlA
5328 2160 5669 2222 EIUSDEM

3511 2252 3981 2321 ARGUMENTI
4024 2254 4678 2320 DISSERTATIONE.

2462 2519 3228 2601 haunsyruu._-7Efjusdem
3272 2521 3569 2601 Gothifredi
3621 2526 3773 2601 ducis
3802 2526 4081 2601 lenitatem
4134 2528 4186 2581 in
4233 2529 4517 2601 puniendis
4545 2530 4860 2601 criminibus
4910 2531 5285 2601 reprehendit,
5338 2532 5669 2601 ostenditque

2533 2599 2795 2672 quantum
2818 2593 2981 2672 nimia
3008 2593 3331 2672 benignitate
3374 2594 3674 2663 principum
3711 2596 3764 2648 in
3797 2596 4018 2672 populos
4045 2593 4534 2672 damni—redundet.
4564 2600 4790 2672 Augeri__
4809 2593 5077 2671 profecto,
5108 2615 5215 2656 non
5244 2593 5458 2669 reprimi
5493 2593 5681 2671 impro-

2527 2664 2717 2715 borum
2745 2662 3053 2725 audaciam;
3090 2662 3282 2731 resque
3298 2664 3529 2717 humana
3552 2662 3763 2733 susque
3794 2662 3968 2733 deque
3995 2666 4210 2721 misceri
4228 2708 4245 2734 ,
4272 2666 4376 2722 nisi
4414 2677 4631 2737 peccata
4652 2662 4877 2739 paribus
4903 2662 5079 2741 pmnis
5104 2662 5469 2728 coerceantur.

2532 2770 2882 2853 Gorntrssno
2919 2794 3368 2851 excellentissimo
3398 2796 3519 2848 duci
3548 2834 3563 2859 ,
3596 2794 3811 2867 ‘Pmnus
3838 2810 4026 2863 pecca-
4056 2802 4101 2861 Β
4130 2811 4270 2849 nunc
4312 2810 4410 2865 per
4455 2796 4731 2865 epistolam
4762 2796 4981 2868 replico.
5030 2796 5227 2853 Fateor
5265 2812 5425 2862 sane,
5463 2796 5678 2852 multum

2462 2900 2549 2945 tor
2577 2887 2869 2942 monachus
2902 2887 3131 2941 salutem
3168 2887 3221 2939 in
3244 2885 3489 2941 Domino.

2530 2978 2631 3044 Qui
2664 2978 2991 3047 pigmentata
3023 2974 3261 3045 quotidie
3288 2973 3458 3039 bibit,
3489 2988 3553 3029 ac
3584 2970 3739 3027 melle
3780 2971 4029 3037 condita,

2457 3068 2741 3138 aliqu.me
2758 3066 2911 3136 longa
2933 3065 3210 3119 dulcedine
3230 3072 3415 3133 gustus
3434 3061 3550 3130 ejus
3570 3062 3882 3125 offenditur,
3899 3072 3955 3116 et
3974 3063 4029 3116 in

2456 3160 2767 3213 austeritate
2788 3158 2909 3211 vilis
2938 3154 3420 3225 vappmjncuudius
3442 3151 3759 3207 delectatur.
3783 3151 3848 3205 Et
3876 3160 4027 3205 certe

2454 3266 2551 3320 per
2565 3246 3128 3308 Salomonemdicitur,
3146 3244 3301 3312 quia:
3323 3260 3341 3294 ι
3366 3242 3465 3309 Qui
3484 3242 3587 3296 mel
3610 3242 3833 3296 multum
3853 3256 4031 3296 come-

2455 3340 2555 3402 dit,
2595 3353 2697 3392 non
2724 3346 2808 3391 est
2833 3336 2883 3390 ei
2912 3335 3127 3391 bonum.
3162 3352 3184 3386 ι
3234 3332 3604 3402 Interadipati
3644 3346 3861 3404 quoque
3886 3332 4029 3402 juris

2457 3426 2634 3481 edulia
2662 3426 2897 3480 virentes
2923 3425 3101 3479 herba:
3138 3424 3408 3478 fastidium
3449 3424 3780 3491 reprimunt,
3812 3432 3867 3477 et
3892 3439 4027 3477 nau-

2460 3517 2661 3573 seantis
2688 3516 2756 3571 ad
2795 3517 3051 3571 vomitum
3089 3514 3388 3584 peccatoris
3434 3530 3631 3569 arcana
3679 3524 4026 3582 componunt.

2467 3604 2547 3662 Tu
2570 3621 2721 3668 sane.
2745 3606 2826 3665 vir
2846 3605 3289 3667 eminentissime,
3312 3604 3700 3671 quodammodo
3721 3602 3885 3657 multa
3900 3616 4033 3671 quo-

2471 3698 2599 3753 tidie
2618 3696 2870 3766 percipis,
2893 3704 2946 3748 et
2969 3704 3215 3750 nectareo
3236 3709 3427 3763 sapore
3452 3708 3758 3764 conspersa,
3783 3694 3907 3747 dum
3934 3692 4030 3748 tibi

2467 3788 2831 3857 unusquisque
2872 3787 2938 3840 ad
2961 3796 3138 3840 votum
3164 3786 3417 3853 loquitur,
3446 3801 3543 3839 nec
3570 3786 3710 3839 aliud
3736 3786 4026 3854 quidquam

2464 3890 2751 3947 suggerere
2771 3876 2959 3930 nititur
2982 3915 2996 3937 ,
3026 3876 3126 3929 nisi
3153 3878 3295 3943 quod
3322 3876 3427 3930 tuis
3457 3876 3676 3931 auribus
3700 3877 4024 3930 blandiatur.

2460 3967 2727 4036 Quidquid
2751 3966 2843 4019 tibi
2894 3966 3053 4033 plane
3101 3966 3381 4021 dicendum
3428 3976 3547 4029 est,
3581 3968 3729 4034 prius
3773 3976 4029 4021 aecurate

2460 4056 2817 4125 componitur,
2838 4062 2893 4109 et
2908 4055 3061 4124 quasi
3088 4053 3290 4109 fabrilis
3312 4056 3648 4109 instrumenti
3673 4057 3850 4110 studio
3878 4056 4027 4110 cudi-

4133 2885 4263 2938 mihi
4296 2886 4537 2954 displicet
4552 2894 4576 2951 ,'
4597 2888 4722 2956 quia
4740 2888 5118 2942 ‘mouarchiam
5147 2889 5304 2951 hanc,
5339 2890 5389 2943 in
5421 2905 5521 2958 qua
5553 2904 5681 2957 pene

4131 2985 4349 3032 centum
4379 2977 4545 3031 millia
4575 2979 4776 3047 degunt
4802 2979 5081 3033 hominum
5107 3020 5122 3045 ,
5150 2989 5399 3048 tauquam
5434 2980 5679 3033 rusticum

4132 3067 4416 3135 quemdam
4435 3067 4667 3123 viculum
4693 3068 4950 3139 negligis;
4983 3084 5209 3139 eamque
5237 3070 5390 3133 duci,
5415 3083 5508 3137 per
5530 3084 5680 3137 quem

4130 3154 4243 3224 regi
4263 3161 4319 3208 et
4345 3154 4711 3209 administrari
4746 3156 4977 3222 debeat,
5008 3172 5112 3212 non
5145 3159 5451 3213 committis.
5478 3157 5549 3211 Ex
5572 3172 5682 3211 om-

4130 3245 4289 3299 nibus
4329 3244 4527 3314 quippe
4550 3284 4565 3309 ,
4611 3244 4806 3312 quibus
4846 3262 4989 3301 nunc
5025 3261 5123 3315 per
5154 3248 5425 3317 regiminis
5459 3244 5680 3302 ofﬁcium

4130 3334 4472 3406 praeemines.
4517 3334 4762 3391 districto
4802 3335 4971 3406 judici
5019 3336 5360 3391 ratiocinium
5395 3336 5586 3399 debes;
5628 3341 5682 3391 et

4131 3433 4335 3494 quanto
4384 3438 4527 3477 nunc
4576 3424 4857 3493 gloriosius
4890 3434 4975 3481 est
5013 3426 5067 3480 in
5106 3426 5389 3483 obtinenda
5432 3425 5681 3496 dignitate

4132 3512 4425 3584 fastigium,
4452 3522 4597 3569 tanto
4619 3515 4803 3569 durius
4822 3516 4926 3569 erit
4954 3515 5005 3569 in
5035 3515 5297 3569 reddenda
5327 3516 5527 3569 ratione
5546 3514 5679 3582 judi-

4131 3604 4295 3661 cium.
4346 3603 4603 3659 Transfer
4650 3620 4778 3675 ergo
4819 3607 5024 3673 pondus
5066 3606 5119 3659 in
5172 3606 5420 3666 alterum,
5462 3604 5679 3673 utquod

4131 3693 4362 3764 propriis
4388 3709 4491 3748 non
4513 3704 4668 3763 potes
4689 3696 4987 3749 cervicibus
5008 3694 5171 3759 ferre,
5194 3710 5290 3764 per
5307 3695 5464 3748 alium
5488 3693 5677 3757 valeas,

4132 3782 4525 3839 communicato
4553 3784 4735 3837 labore
4751 3823 4766 3848 ,
4798 3793 5029 3853 portare.

4200 3874 4331 3929 Illud
4359 3874 4522 3928 etiam
4548 3874 4678 3928 mihi
4703 3874 4807 3928 non
4830 3875 5176 3929 mediocriter
5197 3874 5455 3944 displicet,
5480 3873 5600 3944 quia
5628 3874 5677 3928 in

4132 3963 4426 4033 plectendis
4450 3962 4667 4033 ﬂagitiis
4722 3972 4777 4017 et
4816 3964 5116 4019 temerariis
5166 3964 5461 4032 iniquorum
5513 3965 5679 4018 homi-

4132 4067 4261 4106 num
4306 4052 4528 4108 ausibus
4578 4052 4914 4117 coercendis,
4971 4052 5244 4108 remissior
5295 4053 5525 4107 cerneris
5564 4066 5678 4107 esse

2460 4152 2568 4209 tur,
2590 4160 2652 4198 ac
2671 4144 2900 4214 politur:
2928 4143 3173 4198 videlicet
3197 4144 3451 4213 quidquid
3480 4144 3605 4199 illud
3622 4153 3724 4211 est,
3754 4146 4025 4199 substrata
4054 4134 4099 4197 C
4128 4154 4289 4210 qnam
4335 4138 4559 4207 debeas;
4594 4150 4651 4195 et
4677 4142 4801 4195 dum
4844 4141 5213 4210 peccatoribus
5250 4140 5451 4209 parcis,
5492 4156 5679 4211 augere

2461 4232 2637 4304 potius
2667 4231 2937 4287 humilitas
2960 4240 3233 4301 suggerat.
3257 4245 3417 4301 quam
3440 4231 3609 4287 libera
3640 4233 3912 4302 loquentis
3935 4249 4027 4286 au-

2458 4325 2679 4379 ctoritas
2708 4323 2869 4375 dicat.
2904 4322 2969 4374 Et
2988 4337 3020 4375 ο
3045 4321 3254 4386 infelix,
3279 4331 3334 4376 et
3360 4322 3661 4390 deceptioni
3695 4338 3908 4391 semper
3932 4322 4027 4377 ob-

2463 4414 2677 4468 noxium
2719 4415 3000 4467 mundanae
3039 4411 3311 4479 fastigium
3360 4412 3677 4481 dignitatis!
3728 4414 3855 4480 quia
3902 4428 4022 4465 cum

2465 4503 2671 4557 caeteris
2694 4502 2870 4554 dicant
2896 4500 3138 4554 homines
3160 4501 3246 4553 illa
3277 4516 3394 4568 qua:
3418 4501 3691 4564 sentiunt;
3723 4502 4025 4568 potentibus

2462 4590 2640 4646 saeculi
2695 4589 2858 4643 fucati
2903 4591 3166 4644 sermonis
3207 4600 3518 4660 argumenta
3570 4604 3924 4661 componunt;
3972 4602 4027 4645 et

2457 4695 2555 4738 eos
2576 4682 2665 4749 qui
2690 4696 2747 4734 se
2769 4681 2887 4734 aliis
2912 4681 3169 4735 exhibent
3196 4698 3355 4749 puros
3373 4722 3387 4745 ,
3412 4683 3605 4736 divites
3632 4683 4027 4751 compelluntur

2459 4786 2671 4841 semper
2697 4770 2895 4824 habere
2920 4780 3214 4839 suspectos.
3259 4772 3393 4825 Dum
3428 4787 3554 4838 ergo
3589 4774 3839 4827 mundani
3872 4774 4024 4841 quili-

2460 4866 2551 4918 bet
2606 4862 2852 4917 homines
2908 4862 3239 4915 cxcellentize
3277 4870 3377 4915 tum
3423 4863 3612 4930 pocula
3662 4865 4026 4918 tantummodo

2465 4954 2665 5008 mellita
2705 4952 3009 5021 propitiant,
3067 4953 3117 5006 id
3145 4954 3289 5008 enim
3341 4952 3678 5008 solummodo
3706 4964 4023 5022 suggerunt,

2470 5042 2614 5111 quod
2668 5042 2760 5094 tibi
2798 5041 3049 5108 placitum
3106 5056 3223 5098 esse
3282 5044 3634 5111 perpendam,
3689 5044 3828 5097 imor
3851 5044 4029 5101 dulces

2467 5130 2795 5201 quotidiante
2817 5133 3192 5186 asseutationis
3209 5134 3485 5187 illecebras
3501 5149 3605 5188 non
3621 5134 3778 5187 debet
3806 5135 4029 5190 moleste

2466 5222 2594 5277 ferri
2637 5236 2875 5277 meorum
2925 5223 3220 5276 amaritudo
3247 5239 3569 5289 sermonum,
3601 5234 3857 5294 tanquam
3887 5226 4030 5281 inter

2465 5327 2657 5367 suaves
2691 5310 2876 5381 epulas
2898 5310 3186 5381 aliquando
3215 5313 3389 5382 placet
3416 5316 3702 5386 agrestium
3732 5316 3879 5369 viror
3908 5316 4028 5371 ber-

2464 5401 2677 5459 barum.
3573 5443 3582 5453 .

2971 5490 3196 5546 CAPUT
3233 5488 3517 5556 PRIMUM.

2720 5580 2869 5645 Quod
2893 5580 3113 5648 justitia:
3145 5584 3283 5650 rigor
3305 5595 3459 5649 regna
3488 5589 3774 5638 conservet.

2538 5672 2687 5742 Quod
2708 5687 2836 5741 ergo
2861 5672 2991 5725 vivis
3017 5672 3108 5725 tibi
3137 5675 3626 5741 ετισμρκοι-ιῐιοιιὶὺυε
3654 5675 3892 5745 protulit,
3922 5678 4023 5733 hoc

4128 4244 4347 4299 peccata
4368 4230 4720 4285 convinceris.
4754 4230 5014 4285 Enervato
5034 4232 5228 4301 quippe
5249 4231 5419 4301 rigore
5434 4230 5674 4297 iustitia,

4129 4330 4301 4375 status
4343 4321 4602 4375 evertitur
4641 4320 4967 4391 disciplinae;
5004 4331 5058 4375 et
5085 4321 5211 4375 dum
5242 4321 5447 4375 ultoris:
5487 4319 5678 4375 severi-

4131 4416 4254 4469 tatis
4282 4430 4507 4470 censura
4541 4414 4855 4483 reprimitur
4878 4455 4893 4480 ,
4924 4414 5210 4469 temeraria
5238 4412 5569 4482 delinquendi
5620 4411 5681 4464 li-

4128 4505 4308 4559 ceutia
4330 4504 4622 4557 relaxatur.
4648 4502 4950 4557 lnordinata
4974 4518 5102 4555 sane
5124 4507 5293 4569 pietas
5312 4500 5475 4553 nutrit
5500 4498 5678 4567 impie-

4130 4602 4324 4657 tatem;
4350 4600 4404 4645 et
4436 4591 4618 4643 timida
4644 4606 4832 4645 manus
4853 4591 5063 4653 medici,
5086 4589 5276 4644 vulnus
5299 4596 5454 4659 auget
5478 4586 5674 4658 aegroti.

4126 4683 4280 4737 Facit
4321 4682 4463 4737 enim
4512 4680 4807 4733 exuberare
4854 4680 5224 4749 putredinem,
5274 4681 5396 4733 dum
5441 4692 5546 4732 non
5592 4690 5676 4731 se-

4130 4774 4329 4833 cando,
4369 4772 4462 4825 sed
4484 4770 4744 4840 palpando
4773 4770 5011 4841 quotidie
5044 4770 5351 4841 superducit
5372 4768 5679 4824 vulnusculo

4128 4864 4456 4919 cicatricem.
4503 4862 4920 4929 Pharmacopola
4979 4861 5245 4929 denique,
5300 4858 5387 4928 qui
5440 4857 5680 4911 mollibus

4130 4955 4411 5025 unguentis
4432 4970 4534 5008 non
4557 4953 4843 5023 permiscet
4860 4952 5189 5016 acredinem,
5210 4950 5501 5005 tumoribus
5515 4948 5680 5003 exsic-

4129 5044 4312 5099 candis
4340 5043 4536 5097 nullam
4571 5051 4744 5111 potest
4773 5041 5029 5095 adhibere
5055 5040 5325 5092 virtutem.
5358 5036 5470 5092 Non
5498 5036 5675 5091 omnia

4130 5133 4366 5189 membra
4390 5133 4639 5187 Ecclesia:
4660 5148 4763 5186 uno
4784 5131 5075 5201 funguntur
5092 5130 5283 5185 ollicio.
5309 5129 5461 5183 Aliud
5483 5142 5677 5197 nempe

4130 5224 4418 5289 sacerdoti,
4448 5222 4593 5277 aliud
4624 5219 5077 5289 competitjudici.
5106 5220 5199 5274 Ille
5226 5219 5485 5289 siquidem
5512 5217 5677 5270 visce~

4129 5315 4278 5369 ribus
4307 5315 4466 5368 debet
4496 5311 4893 5382 pietatisse']
4934 5309 5178 5373 afﬂuere.
5232 5320 5288 5365 et
5332 5309 5386 5363 in
5429 5316 5676 5363 maternae

4133 5402 4511 5460 misericordia:
4573 5401 4779 5471 gremio
4818 5400 4916 5455 sub
4956 5400 5370 5455 exuberantibus
5428 5396 5676 5453 doctrina:

4058 5465 4106 5524 D
4133 5513 4346 5568 semper
4384 5497 4638 5551 uberibus
4670 5495 4808 5549 filios
4847 5493 5150 5550 confovere.
5180 5494 5336 5549 Istius
5370 5503 5542 5547 autem
5566 5492 5673 5547 oili-

4133 5588 4271 5641 cium
4301 5596 4416 5650 est,
4450 5594 4509 5638 ut
4534 5601 4656 5640 reos
4682 5584 4897 5653 puniat,
4926 5594 4980 5638 et
5004 5598 5067 5638 ex
5091 5597 5276 5636 eorum
5309 5582 5548 5636 manibus
5570 5582 5672 5635 eri-

4131 5678 4241 5749 piat
4292 5680 4630 5742 innocentes;
4661 5674 4729 5731 ἰιι
4763 5676 4993 5745 vigorem
5032 5674 5362 5730 rectitudinis
5388 5684 5435 5726 ct
5460 5673 5668 5741 jttslitizc
