5882 6590
1039 387 1137 448 821

1675 377 1920 438 OPUSC.
1962 381 2118 436 LVII.
2156 409 2225 420 -—
2259 379 2346 433 DE
2388 376 2674 432 PillNClP.
2717 369 2936 429 OFFIC.
2981 369 3044 426 ΙΝ
3083 369 3327 426 COERC.
3370 367 3645 424 IMPROB.

4182 359 4290 416 822

1043 510 1244 563 teneat,
1273 505 1328 552 et
1355 510 1386 550 a
1412 494 1528 550 zelo
1549 493 1888 550 sanctionum
1920 491 2168 561 legalium
2189 504 2296 544 non
2321 496 2560 559 tepescat
2588 504 2602 552 ;
2635 489 2682 548 Α
2712 495 2825 538 tum
2869 483 3062 537 divina;-
3093 480 3476 549 indignationis
3507 479 3806 532 incurrunt.
3839 476 3934 531 Vir
3968 489 4204 544 namque
4225 475 4295 528 de

1042 601 1104 644 ut
1128 587 1484 657 ab‘azquitatis
1506 585 1645 639 linea
1674 600 1778 637 non
1801 584 2062 648 declinet;
2088 590 2145 634 ut
2168 579 2388 651 legitimi
2414 578 2611 646 vigoris

1042 679 1258 749 genium
1289 691 1395 730 non
1417 681 1654 728 enervet.
1687 672 1993 726 Meminerit
2020 670 2183 723 etiam
2233 682 2446 736 semper
2472 665 2613 734 quod

1043 783 1142 837 per
1160 765 1475 836 Apostolum
1497 763 1694 816 dicitur
1719 778 1733 815 :
1762 781 1780 813 ι
1804 761 1898 815 ’νίς
1919 775 2025 814 non
2051 760 2240 812 timere
2261 754 2615 826 potestatem?

1043 856 1132 912 fac
1178 855 1377 909 bonum
1405 896 1420 919 ,
1479 860 1538 906 et
1573 852 1796 908 habebis
1836 850 2049 903 laudem
2086 861 2153 901 ex
2181 848 2288 901 illa.
2335 845 2426 898 Dei
2472 844 2614 898 enim

1042 947 1295 1001 minister
1313 955 1397 1000 est
1424 945 1517 999 tibi
1549 959 1601 999 tn
1635 943 1856 998 bonum.
1882 940 1938 996 Si
1963 953 2144 995 autem
2170 942 2371 999 malum
2397 938 2614 1000 feceris,

1044 1037 1212 1102 time,
1249 1051 1356 1090 non
1404 1035 1549 1090 cnim
1595 1035 1712 1089 sine
1756 1047 1918 1087 causa
1961 1032 2196 1102 gladium
2229 1038 2408 1099 portat
2437 1028 2613 1088 (Rom.

1042 1125 1142 1196 xl).
1183 1145 1201 1178 ι
1242 1124 1297 1180 ln
1346 1124 1541 1194 quibus
1579 1124 1764 1192 utique
1816 1122 1998 1177 verbis
2035 1121 2249 1193 [datum
2291 1120 2370 1174 vel
2418 1119 2619 1188 aliquid

1038 1216 1237 1289 simile]
1286 1217 1508 1285 intelligi
1538 1256 1552 1279 ,
1583 1215 1728 1269 aliud
1758 1229 1878 1270 esse
1903 1215 2135 1285 gladium
2163 1211 2452 1282 principis,
2478 1210 2620 1266 aliud

1043 1310 1271 1364 infulam
1303 1307 1624 1363 sacerdotis.
1678 1305 1794 1361 Non
1827 1307 1971 1361 enim
2020 1307 2087 1360 ad
2126 1306 2229 1360 hoc
2276 1301 2622 1374 praecingeris

1039 1398 1220 1468 gladio
1242 1438 1257 1462 ,
1286 1407 1346 1451 ut
1369 1395 1899 1452 violentorum-mala
1931 1395 2130 1450 debeas
2153 1395 2392 1464 palpare,
2415 1392 2500 1446 vel
2529 1408 2624 1448 un-

1039 1503 1202 1557 gere;
1245 1487 1337 1541 sed
1380 1493 1438 1539 ut
1490 1501 1554 1540 ea
1601 1486 1825 1541 studeas
1861 1486 2063 1539 vibrati
2101 1486 2378 1538 mucronis
2426 1483 2624 1538 ictibus

1047 1577 1399 1631 obtruncare.
1452 1575 1588 1632 Hinc
1639 1585 1722 1632 est
1769 1576 1910 1646 quod
1966 1577 2250 1643 sequitur:
2287 1592 2304 1625 ι
2338 1573 2432 1630 Dei
2477 1574 2624 1631 enim

1040 1666 1290 1721 minister
1342 1677 1427 1724 est
1477 1669 1669 1724 vindex
1720 1668 1772 1722 in
1821 1668 1957 1721 iram
2025 1667 2118 1730 ei,
2175 1667 2267 1734 qui
2319 1666 2458 1719 male
2510 1667 2621 1736 agit

1039 1755 1204 1827 (Ibid.
1214 1765 1286 1823 ).›

1659 1867 1886 1924 CAPUT
1925 1867 1988 1922 11.

1077 1969 1413 2040 Quod'judea:
1435 2016 1451 2042 ,
1491 1977 1580 2046 qui
1619 1976 1992 2058 maleagentea
2026 1992 2130 2029 non
2167 1975 2354 2044 punit,
2387 1975 2585 2028 diaboli

1273 2084 1278 2089 .
1642 2055 1883 2099 utinister
1908 2055 2005 2098 est.

1111 2132 1168 2186 Si
1217 2148 1346 2201 ergo
1389 2134 1482 2187 Dei
1524 2133 1769 2187 minister
1791 2142 1914 2196 est,
1950 2135 2040 2202 qui
2079 2133 2217 2188 mala
2260 2131 2522 2187 facientes
2560 2132 2613 2186 in

1038 2218 1174 2272 iram
1203 2220 1466 2284 vindicat;
1493 2221 1691 2275 diaboli
1715 2221 1901 2289 procul
1928 2221 2096 2276 dubio
2123 2222 2370 2277 minister
2388 2230 2492 2285 est,
2520 2221 2613 2291 qui

1036 2306 1359 2364 criminosos
1383 2323 1446 2363 ac
1471 2311 1730 2380 reprobos
1753 2311 1991 2365 suaviter
2011 2311 2216 2381 palpat.
2245 2311 2310 2365 Et
2337 2311 2477 2366 sicut
2504 2311 2614 2365 Deo

1036 2397 1236 2464 praebet
1264 2399 1581 2462 obsequium
1611 2401 1702 2470 qui
1736 2416 2020 2470 perversos
2048 2401 2361 2466 ulciscitur;
2397 2402 2477 2455 sic
2504 2401 2608 2454 mi-

1036 2484 1208 2539 nister
1229 2496 1310 2540 est
1337 2488 1650 2552 adversarii,
1676 2490 1767 2557 qui
1794 2491 2228 2559 perpetrantibus
2251 2491 2434 2558 iniqua
2455 2489 2609 2543 blan-

1037 2575 1203 2630 ditur.
1236 2576 1470 2632 Necesse
1497 2587 1603 2644 est,
1641 2588 1700 2633 ut
1735 2581 2021 2633 contrahat
2053 2594 2240 2634 mucro
2268 2573 2570 2649 rubiginem
2593 2619 2608 2642 ,

1037 2667 1128 2735 qni
1174 2681 1386 2739 semper
1430 2669 1482 2725 in
1519 2670 1670 2726 theca
1702 2671 2012 2726 reconditus
2036 2711 2052 2738 ,
2086 2686 2361 2742 nunquam
2395 2679 2613 2725 exercet

1037 2757 1313 2815 ultionem.
1355 2760 1562 2815 Scaber
1587 2763 1734 2817 ensis
1764 2763 2024 2827 eﬂicitur,
2057 2765 2148 2833 qui
2175 2765 2303 2818 dum
2328 2763 2613 2818 cohibetur

1035 2862 1253 2916 semper
1291 2865 1319 2902 a
1349 2850 1570 2906 vulnere
1596 2890 1610 2914 ,
1659 2868 1765 2906 non
1815 2853 2059 2908 limatur.
2107 2854 2224 2920 Quo
2266 2864 2486 2918 contra,
2517 2869 2614 2922 per

1036 2936 1373 2993 Ezechielem
1401 2940 1635 2994 dicitur:
1664 2960 1681 2992 ι
1711 2940 1936 2997 Gladius
1964 2954 2228 2998 exacutus
2252 2953 2338 2998 est
2372 2952 2427 2998 et
2455 2943 2612 2997 lima-

1038 3039 1127 3082 tus
1151 3047 1165 3094 ;
1198 3038 1254 3082 ut
1283 3031 1452 3085 credat
1480 3032 1752 3100 victimas,
1775 3044 2035 3090 executus
2061 3045 2171 3099 est;
2204 3046 2263 3089 ut
2285 3035 2565 3104 splendeat
2591 3075 2607 3100 ,

1037 3119 1255 3176 limatus
1307 3131 1391 3176 est
1433 3121 1648 3193 (Ezecli.
1683 3123 1839 3195 xxn).
1876 3144 1894 3176 ι
1947 3124 2123 3180 Distat
2169 3127 2328 3196 plane
2371 3124 2608 3180 tribunal

1033 3209 1236 3276 judicis
1274 3229 1302 3266 a
1336 3215 1594 3269 cathedra
1639 3219 1960 3272 sacerdotis.
2000 3217 2097 3274 Ille
2126 3219 2383 3273 nimirum
2415 3220 2483 3272 ad
2512 3218 2618 3273 hoc

1037 3298 1276 3367 gladium
1308 3312 1508 3371 portat,
1542 3313 1599 3358 ut
1627 3320 1748 3360 eum
1780 3307 1832 3361 in
1854 3307 2060 3362 ultione
2094 3307 2292 3376 injuste
2319 3309 2618 3363 viventium

1040 3400 1229 3444 exerat
1251 3407 1264 3444 :
1285 3391 1385 3446 iste
1405 3393 1596 3447 baculo
1621 3403 1828 3450 tantum
1852 3404 2142 3453 contentus
2164 3407 2247 3452 est
2272 3399 2614 3462 innocentiae,

1041 3485 1103 3530 ιιι
1125 3478 1338 3546 quietus
1393 3491 1448 3535 et
1471 3482 1714 3551 placidus
1735 3493 1942 3550 teneat,
1975 3486 2276 3542 custodiam
2307 3487 2619 3556 disciplinae.

1040 3566 1360 3638 Quanquam
1408 3579 1462 3626 et
1491 3573 1744 3628 sacerdos
1783 3575 1830 3628 si
1865 3575 2217 3630 immoderata
2263 3576 2407 3631 circa
2447 3575 2624 3643 subje-

1041 3664 1165 3712 ctos
1189 3658 1385 3726 pietate
1407 3662 1726 3726 resolvitur,
1753 3670 1807 3716 et
1839 3664 1952 3733 ipse
1978 3667 2248 3719 sententia
2281 3665 2450 3720 divini
2481 3664 2628 3720 furo-

1043 3745 1120 3798 ris
1154 3760 1259 3800 non
1286 3748 1556 3804 immerito
1599 3751 2008 3807 condemnatur.
2045 3752 2180 3808 Nam
2230 3756 2482 3810 sacerdos
2508 3765 2625 3810 erat

1044 3832 1205 3900 Heli,
1252 3837 1316 3890 de
1347 3853 1453 3905 quo
1482 3840 1685 3893 dictum
1725 3849 1811 3895 est
1849 3843 1918 3896 ad
1952 3841 2257 3898 Samuelem
2285 3863 2298 3898 :
2329 3862 2347 3895 ι
2381 3845 2456 3900 Eo
2482 3847 2625 3915 quod

1044 3937 1270 3980 noverat
1296 3929 1515 3997 indigne
1540 3945 1701 4000 agere
1725 3931 1862 3986 ﬁlios
1883 3948 2009 3988 suos
2031 3975 2043 3996 ,
2082 3943 2139 3988 et
2167 3951 2272 3990 non
2303 3937 2628 4007 corripuerit

1042 4029 1162 4079 eos,
1194 4015 1396 4072 idcirco
1437 4020 1613 4088 juravi
1648 4021 1829 4076 domui
1872 4021 1991 4078 Heli
2037 4026 2181 4094 quod
2228 4041 2336 4080 non
2379 4029 2627 4098 expietur

1043 4107 1303 4173 iniquitas
1331 4107 1524 4163 domus
1555 4111 1670 4176 ejus
1703 4113 1937 4168 victimis
1971 4123 2029 4170 et
2070 4115 2410 4180 muneribus,
2459 4132 2628 4188 usque

1045 4194 1104 4248 in
1127 4203 1385 4250 aeternum
1419 4198 1469 4270 (1
1505 4199 1630 4268 Reg.
1658 4203 1714 4271 ι).
1756 4222 1773 4254 1
1815 4204 1940 4258 Erat
1966 4205 2304 4277 ergojudex,
2330 4223 2521 4264 causas
2547 4219 2638 4264 at-

1044 4296 1154 4352 que
1174 4287 1384 4355 negotia
1413 4288 1746 4359 jurgantium
1768 4283 2026 4350 dirimere
2047 4295 2305 4366 negligat;
2332 4298 2625 4354 maximam

1043 4373 1151 4428 diei
1183 4385 1389 4444 partem
1424 4381 1713 4436 missarum
1757 4386 2032 4441 solemniis
2053 4428 2066 4452 ,
2099 4397 2152 4442 et
2181 4391 2521 4445 orationibus
2546 4393 2627 4446 in-

1045 4462 1284 4568 pistendo
1328 4478 1632 4525 consumat.
1672 4472 1778 4527 Sed
1798 4489 1925 4529 ecce
1965 4475 2070 4530 illic
2106 4477 2336 4543 dicitur,
2369 4480 2494 4549 quia
2526 4496 2626 4536 nec
2653 4508 2704 4568 Β

1044 4551 1216 4620 ipsius
1256 4557 1472 4623 quidem
1518 4562 1818 4617 sacerdotis
1867 4564 2126 4632 iniquitas
2171 4568 2376 4636 expiari
2426 4572 2625 4638 poterit

1045 4641 1280 4698 victimis
1315 4656 1370 4700 et
1407 4650 1718 4704 muneribus
1756 4667 1924 4720 usque
1951 4654 2005 4709 in
2061 4665 2358 4722 mternum,
2389 4672 2454 4713 eo
2482 4660 2626 4727 quod

1049 4729 1168 4785 lleli
1197 4732 1323 4787 vitia
1355 4750 1460 4789 non
1494 4741 1798 4795 coerCuerit
1830 4742 2083 4799 filiorum.

1667 4848 1895 4906 CAPUT
1943 4852 2028 4908 111.

1191 4953 1342 5020 Quod
1373 4957 1576 5027 iniquos
1604 4961 1860 5029 castigare
1890 4975 1965 5016 est
2007 4963 2112 5018 Deo
2140 4967 2479 5034 sacriﬁcium.

1119 5065 1187 5120 Et
1232 5071 1501 5138 perpende
1535 5073 1696 5141 quale
1725 5082 1849 5138 est,
1899 5077 2043 5144 quod
2086 5079 2319 5134 victimae
2356 5082 2519 5136 simul
2562 5097 2626 5138 ac

1052 5171 1299 5222 munera,
1325 5175 1445 5227 qua:
1467 5173 1688 5230 peccata
1710 5166 2082 5237 principaliter
2102 5170 2351 5236 abluunt,
2385 5173 2624 5227 habitam

1045 5265 1177 5322 erga
1211 5253 1479 5323 subjectos
1522 5256 1906 5327 negligentiam
1941 5265 2161 5331 expiare
2203 5277 2312 5320 non
2357 5277 2614 5335 possunt.

1055 5339 1202 5395 )lulti
1252 5359 1443 5413 nempe
1489 5344 1636 5402 falsa:
1676 5349 1893 5418 pietatis
1929 5352 2100 5423 868
2143 5367 2329 5410 errore
2365 5357 2620 5428 decepti,

1055 5431 1196 5486 unde
1218 5448 1277 5486 se
1305 5435 1414 5490 Deo
1449 5437 1663 5506 placere
1692 5440 2008 5512 insipienter
2035 5455 2318 5521 autumant
2337 5488 2352 5510 ,
2377 5448 2500 5502 inde
2527 5449 2624 5504 ad~

1053 5534 1243 5609 versus
1283 5540 1405 5580 eum
1444 5529 1734 5586 crudeliter
1762 5542 2035 5609 pugnant;
2078 5547 2133 5591 et
2158 5552 2226 5590 ex
2254 5551 2319 5591 eo
2352 5548 2632 5596 merentur

1055 5608 1189 5665 iram
1211 5651 1225 5674 ,
1272 5613 1413 5670 unde
1447 5630 1508 5672 se
1536 5620 1827 5688 adepturos
1855 5608 2065 5694 opinati
2109 5637 2235 5682 sunt
2276 5629 2544 5697 gratiam;
2576 5640 2631 5684 et

1057 5699 1182 5754 dum
1209 5701 1327 5758 aliis
1352 5707 1559 5763 veniam
1588 5707 1735 5765 falsae
1763 5712 1983 5783 pietatis
2007 5715 2354 5788 impertiuut,
2390 5719 2488 5790 ipsi
2516 5736 2630 5777 mu-

2714 571 2837 625 tiliis
2861 571 3245 640 pmphctarum
3270 567 3406 621 dixit
3431 568 3497 621 ad
3527 567 3759 628 socium,
3784 573 3842 617 ut
3861 579 3918 619 se
3945 572 4289 633 percuteret:

2714 677 2872 729 quem
2917 660 3173 728 quoniam
3221 658 3306 711 ille
3354 657 3516 712 ferire
3568 656 3924 724 contempsit,
3968 653 4218 724 protinus
4263 671 4292 706 a

2716 751 2868 804 leone
2898 763 3185 818 percussus
3225 747 3432 801 interiit
3463 744 3581 815 (III
3608 744 3739 814 Reg.
3766 743 3960 812 xxvn).
3990 743 4214 797 Placere
4237 756 4296 796 se

2717 839 2827 891 Deo
2858 838 2923 891 de
2953 838 3154 905 pietate
3181 852 3277 890 sua
3307 836 3606 890 arbitratus
3635 843 3719 887 est
3740 833 3948 900 Achab,
3981 849 4103 889 cum
4127 831 4299 886 Bena-

2717 928 2821 982 dab
2852 942 3033 996 regem
3059 925 3230 996 Syrite
3259 941 3364 980 non
3407 925 3568 979 modo
3591 923 3805 978 vocavit
3833 921 4056 976 fratrem
4075 961 4089 986 ,
4123 919 4218 975 sed
4243 930 4302 975 et

2720 1020 2774 1074 in
2799 1035 2962 1074 curru
2991 1019 3211 1088 proprio
3253 1016 3355 1072 sibi
3397 1015 3651 1087 dignatus
3684 1024 3769 1069 est
3807 1026 4158 1068 assessorem.
4192 1009 4303 1064 Sed

2720 1108 2843 1162 audi
2876 1107 3005 1176 quid
3035 1106 3330 1162 indiscreta
3352 1108 3525 1174 pietas
3555 1115 3832 1159 mereatur
3851 1103 4041 1157 audire
4070 1120 4082 1155 :
4114 1119 4132 1152 ι
4162 1099 4303 1167 Quia

2721 1199 2996 1260 dimisisti,
3039 1199 3212 1266 inquit
3238 1199 3495 1252 Dominus
3518 1237 3532 1262 ,
3556 1197 3730 1251 virum
3779 1196 4000 1265 dignum
4029 1201 4207 1248 morte
4237 1194 4305 1247 de

2723 1304 2886 1342 manu
2916 1298 3027 1353 tua,
3056 1291 3162 1343 erit
3187 1289 3364 1342 anima
3397 1298 3485 1342 tua
3507 1303 3604 1356 pro
3629 1288 3810 1340 anima
3831 1286 3971 1355 ejus,
3995 1295 4051 1339 et
4075 1283 4305 1354 populus

2725 1387 2848 1434 tuus
2885 1393 2984 1446 pro
3029 1378 3223 1449 populo
3268 1378 3386 1448 ejus
3421 1376 3632 1448 (Ibid).
3667 1396 3684 1429 ι
3745 1376 3874 1431 Saul
3920 1375 4070 1445 Agag
4118 1386 4303 1445 regem

2721 1468 2978 1524 Amalech
3027 1483 3131 1523 non
3169 1467 3386 1533 occidit,
3438 1468 3532 1522 sed
3573 1476 3788 1536 captum
3831 1474 4050 1536 peracta
4077 1464 4306 1518 victoria

2723 1556 3100 1620 conservavit,
3131 1565 3186 1611 et
3208 1571 3307 1628 pro
3340 1557 3444 1611 hac
3468 1555 3842 1611 misericordia
3874 1554 4036 1624 digne
4056 1566 4308 1607 remune-

2727 1656 2879 1702 ratus
2917 1647 3164 1701 audivit:
3208 1665 3226 1698 t
3256 1646 3361 1701 Pro
3410 1661 3474 1702 eo
3516 1648 3659 1717 quod
3707 1644 3954 1714 abiecisti
3999 1658 4309 1699 sermonem

2727 1738 2961 1804 Domini,
2984 1739 3180 1809 abjecit
3205 1747 3258 1793 te
3280 1738 3560 1801 Dominus,
3591 1753 3657 1791 ne
3678 1737 3755 1790 sis
3780 1751 3873 1789 rex
3901 1733 3950 1805 (ι
3980 1733 4106 1804 Reg.
4123 1733 4303 1802 xm)»

2651 1824 2695 1882 Β
2724 1831 2856 1886 Pius
2889 1831 3101 1885 exstitit
3128 1829 3354 1900 populus
3393 1844 3520 1899 erga
3567 1828 3819 1882 mulieres
3862 1825 4302 1888 Madianitarum,

2723 1923 2817 1977 sed
2843 1923 2922 1976 ait
2942 1921 3047 1975 illis
3069 1920 3282 1991 Moyses
3308 1937 3321 1973 :
3356 1939 3373 1971 ι
3396 1919 3507 1974 Cur
3528 1917 3757 1972 feminas
3778 1915 4140 1972 reservastis?
4168 1915 4311 1984 Ergo

2719 2019 2946 2065 cunctos
2971 2008 3261 2063 interficite
3284 2047 3299 2074 ,
3327 2007 3590 2076 quidquid
3618 2006 3835 2074 generis
3861 2013 3948 2060 est
3980 2004 4267 2060 masculini
4291 2044 4307 2066 ,

2719 2102 2885 2156 etiam
2913 2100 3206 2172 parvulos;
3238 2109 3294 2154 et
3322 2098 3605 2163 mulieres,
3639 2113 3760 2167 qua:
3783 2104 4053 2152 noverunt
4079 2096 4224 2151 viros
4256 2097 4309 2150 in

2718 2203 2886 2258 contu,
2906 2192 3156 2262 iugulate
3179 2189 3368 2260 (Num.
3399 2193 3574 2258 xxxi).
3605 2209 3623 2242 ι
3657 2190 3803 2245 idem
3827 2204 4042 2259 quoque
4069 2188 4306 2259 Moyses,

2717 2295 3002 2357 postquam
3034 2285 3326 2340 fabricatus
3351 2291 3498 2338 esset
3525 2283 3728 2337 vitulus
3760 2284 3811 2337 in
3844 2282 3986 2338 Oreb
4007 2324 4020 2344 .
4057 2281 4135 2337 ait
4179 2281 4310 2336 filiis

2715 2375 2888 2428 Levi:
2921 2393 2938 2425 ι
2959 2374 3184 2430 Decidat
3213 2374 3583 2442 unusquisque
3605 2371 3852 2436 fratrem,
3884 2382 3939 2425 et
3960 2372 4218 2434 amicum,
4252 2379 4311 2425 et

2715 2467 3018 2536 proximum
3036 2480 3190 2519 suum
3213 2462 3409 2536 (Exod.
3436 2463 3631 2531 xxxii).
3668 2482 3687 2515 ι
3717 2463 3781 2516 Ει
3802 2471 4088 2531 postquam
4113 2460 4310 2531 viginti

2716 2556 2820 2611 tria
2855 2554 3025 2609 millia
3053 2556 3333 2609 hominum
3367 2569 3507 2609 caesa
3538 2563 3691 2616 sunt,
3719 2554 3795 2607 ait
3827 2572 3839 2606 :
3874 2571 3892 2602 ι
3925 2551 4301 2608 Consecrastis

2716 2650 3084 2705 hodiemanns
3103 2657 3310 2704 vestras
3332 2647 3584 2714 Domino,
3613 2647 3985 2715 unusquisque
4008 2646 4058 2698 in
4088 2644 4201 2698 tilio
4256 2653 4316 2698 et

2715 2740 2887 2794 fratre
2913 2756 3035 2802 suo,
3069 2750 3126 2794 ut
3156 2740 3317 2794 detur
3340 2739 3494 2794 vobis
3514 2739 3820 2793 benedictio
3849 2737 4060 2806 (Ibid.).
4093 2755 4110 2787 ι
4142 2737 4310 2790 Ama-

2713 2829 2902 2886 lecitcs
2929 2830 3020 2885 ille
3038 2870 3053 2894 ,
3080 2829 3170 2898 qui
3198 2829 3460 2901 gloriatur
3489 2844 3548 2883 se
3575 2829 3872 2899 peremisse
3895 2828 4025 2883 Saul
4046 2870 4060 2894 ,
4086 2827 4214 2883 dum
4249 2843 4311 2884 se

2713 2935 2822 2974 non
2852 2920 3060 2990 galeam
3086 2961 3101 2983 ,
3129 2921 3222 2974 sed
3258 2919 3504 2974 diadema
3540 2919 3609 2972 de
3637 2921 3815 2989 capite
3843 2918 4097 2973 bellantis
4129 2919 4318 2973 abs'tu-

2711 3010 2840 3064 lisse
2888 3009 3180 3079 confingit,
3235 3009 3413 3079 gladio
3463 3009 3632 3064 David
3682 3023 4012 3078 percussus,
4061 3009 4320 3064 occubuit

2718 3098 2804 3167 (Il
2839 3097 2962 3168 Reg.
2989 3099 3051 3167 t).
3103 3099 3482 3154 Interfectores
3508 3099 3673 3153 etiam
3700 3098 3968 3161 lsbosetli,
3995 3099 4120 3152 dum
4154 3109 4320 3167 caput

2643 3173 2689 3233 (ἶ
2723 3186 2868 3242 illius
2893 3188 3046 3256 quasi
3071 3187 3189 3242 loco
3218 3187 3460 3242 muneris
3476 3183 3713 3241 offerunt
3732 3187 3921 3251 David,
3947 3187 4185 3258 gladium
4210 3203 4319 3243 nou

2723 3278 2960 3332 evadunt
2995 3277 3077 3349 (Il
3114 3277 3242 3347 Reg.
3275 3276 3384 3348 tv);
3415 3287 3471 3332 et
3509 3291 3671 3346 quem
3699 3286 4058 3346 speraverant
4103 3279 4322 3333 muneri

2727 3369 2930 3436 gratias
2961 3367 3333 3422 redhibentem
3354 3407 3368 3431 ,
3396 3369 3672 3424 commissi
3705 3369 3886 3438 potius
3917 3369 4193 3424 homicidii
4221 3385 4320 3426 ex-

2727 3459 3009 3529 periuntur
3035 3460 3288 3513 ultorem.
3318 3459 3514 3514 Petrus
3549 3460 3716 3515 etiam
3773 3462 3999 3517 Ananiae
4027 3474 4082 3519 et
4125 3464 4323 3535 Saphi-

2728 3562 2802 3602 ra:
2833 3548 3175 3603 mendacium
3206 3564 3313 3602 non
3341 3548 3573 3604 inultum
3600 3553 3748 3606 abire
3775 3554 4027 3621 permisit
4056 3554 4196 3623 (Act.
4227 3557 4315 3624 v);

2727 3639 2822 3693 sed
2850 3653 2944 3693 eos
2989 3641 3102 3694 oris
3146 3639 3323 3710 gladio
3351 3639 3576 3706 feriens,
3611 3642 3840 3698 aliorum
3889 3660 3956 3699 ne
3987 3647 4162 3703 simile
4191 3648 4324 3718 quid

2728 3725 2868 3782 forte
2891 3737 3299 3797 pra-sumerent,
3323 3731 3486 3785 corda
3509 3733 3824 3801 perterruit.
3859 3733 4059 3788 Paulus
4083 3749 4320 3806 quoque,

2727 3817 2854 3870 dum
2910 3815 3224 3871 excessibus
3265 3831 3520 3872 coercere
3566 3819 3860 3890 discipulos
3912 3822 4125 3888 nititur,
4169 3824 4322 3896 virga

2731 3905 3170 3976 delinquentibus
3222 3908 3587 3962 comminatur
3633 3909 3681 3980 (Ι
3739 3909 3862 3964 Cor.
3917 3915 4015 3982 tv).
4070 3913 4324 3970 Salvator

2730 3996 2893 4052 etiam
2928 4004 3136 4064 noster,
3167 3997 3266 4065 qui
3320 4005 3578 4067 tanquam
3627 4001 3776 4056 mitis
3827 4017 3998 4072 agnus
4047 4006 4322 4074 apparuit,

2733 4103 2860 4142 mox
2906 4095 2967 4141 ut
3009 4085 3172 4143 Petro
3211 4089 3335 4143 cteli
3394 4099 3660 4160 terraeque
3695 4091 3822 4163 jura
3868 4096 4162 4160 commisit,
4192 4112 4324 4164 pro-

2731 4178 2875 4233 tinus
2931 4194 3055 4234 eum
3098 4180 3230 4235 dura
3279 4181 3660 4253 redargutione
3721 4187 4022 4257 corripuit:
4073 4209 4092 4240 ι
4147 4188 4318 4255 Vade,

2730 4267 2926 4337 inquit,
2977 4277 3100 4337 post
3155 4283 3260 4331 me,
3309 4270 3536 4337 Satana,
3565 4275 3876 4330 scandalum
3906 4291 3967 4332 cs
3998 4278 4160 4339 mihi:
4192 4282 4321 4348 quia

2731 4370 2837 4410 non
2885 4358 3032 4426 sapis
3092 4374 3211 4427 quas
3264 4360 3357 4414 Dei
3394 4370 3548 4416 sunt:
3601 4365 3695 4418 sed
3738 4381 3826 4429 ea,
3874 4382 3995 4435 qua:
4044 4369 4322 4426 hominum

2733 4444 2950 4515 (Matth.
2984 4463 3072 4501 xvi
3097 4464 3112 4509 ;
3141 4447 3313 4502 Marc.
3335 4450 3476 4521 vni).
3502 4472 3519 4504 ι
3553 4452 3790 4520 Quidest
3816 4470 3945 4525 ergo
3975 4458 4117 4526 quod
4149 4464 4324 4516 sancti

2730 4537 2835 4590 viri
2880 4538 3040 4594 toties
3091 4539 3145 4593 in
3175 4540 3549 4610 delinquentes
3593 4547 3938 4614 reperiuntur
3978 4549 4195 4613 invecti,
4239 4552 4325 4607 vel

2733 4628 3074 4697 correptione
3110 4631 3423 4700 verborum,
3461 4634 3545 4687 vel
3575 4635 3868 4693 ultionibus
3905 4654 4152 4708 operum,
4195 4643 4321 4703 nisi.

2735 4724 2793 4770 ut
2823 4717 3109 4773 manifeste
3139 4719 3424 4787 clarescat,
3447 4725 3571 4792 quia
3598 4726 3648 4778 in
3675 4727 3773 4781 hac
3799 4728 4126 4784 mortalitate
4174 4743 4324 4788 recte

2737 4822 2841 4862 non
2868 4808 3088 4875 vivitur,
3109 4811 3154 4865 si
3179 4811 3390 4867 blandis
3440 4830 3503 4869 ac
3526 4816 3775 4872 mollibus
3799 4821 4063 4890 asperitas
4091 4836 4198 4876 non
4224 4825 4325 4877 mi-

2737 4902 2962 4956 scetur?
2988 4903 3121 4959 Nam
3151 4906 3239 4960 ubi
3277 4909 3494 4975 penitus
3516 4910 3798 4982 disciplina
3833 4917 4194 4985 postponitur,
4229 4917 4319 4972 ubi

2737 4992 2982 5048 districta
3005 4995 3229 5066 legitimi
3257 5000 3457 5069 vigoris
3477 5017 3705 5058 censura
3736 5006 4070 5075 reprimitur,
4099 5022 4324 5063 necesse

2734 5093 2818 5138 est
2846 5095 2907 5139 ut
2943 5103 3110 5156 prona
3155 5105 3368 5160 semper
3398 5094 3464 5148 ad
3492 5094 3690 5149 malum
3729 5095 4042 5166 fragilitatis
4071 5098 4323 5157 humana:

2734 5180 2971 5234 conditio
2992 5182 3058 5234 ad
3087 5181 3272 5238 illicita
3301 5184 3596 5239 relaxetur.
3625 5183 3690 5238 Et
3725 5186 3778 5239 in
3805 5203 3927 5241 eum
3953 5189 4137 5257 procul
4161 5190 4323 5247 dubio

2736 5277 2847 5322 tota
2870 5267 3236 5337 subjectormn
3263 5272 3420 5341 culpa
3454 5274 3736 5339 redundat,
3764 5277 3854 5344 qui
3879 5291 3992 5340 eos,
4023 5293 4094 5333 ne
4127 5282 4323 5347 praeci-

2732 5362 2970 5432 pitanter
2992 5363 3340 5430 excederent,
3363 5365 3464 5420 sub
3486 5360 3780 5437 disciplina:
3806 5369 3921 5422 loro
3958 5369 4214 5423 cohibere
4233 5371 4327 5426 deo

2732 5452 2938 5506 buerat.
2976 5451 3288 5508 inordinata
3321 5469 3517 5525 nempe
3549 5455 4027 5526 pietas‘principis,
4077 5457 4206 5528 quid
4241 5470 4328 5514 est

2731 5539 2897 5604 aliud,
2924 5556 3086 5610 quam
3119 5541 3365 5600 confusio
3389 5544 3600 5615 plebis?
3635 5544 3770 5600 Nam
3801 5548 3926 5605 dum
3957 5547 4045 5602 ille
4070 5564 4098 5601 a
4135 5549 4322 5603 mode-

2730 5633 2900 5686 randa
2923 5634 3200 5702 regiminis
3233 5635 3442 5692 habena
3467 5635 3799 5706 reprimitur,
3841 5637 4066 5708 subjecti
4101 5639 4324 5708 quique,

2731 5723 3120 5780 velutcﬂreues
3142 5725 3283 5796 equi,
3302 5741 3399 5799 per
3421 5727 3644 5798 abrupta
3664 5732 4148 5800 raptantur.Agere
4174 5730 4323 5785 nimi-
