5882 6636
110 0 1906 196 '-

13 6343 952 6636 Ξ

2505 486 2622 531 rum
2658 477 2782 534 licet
2805 469 2961 538 omne
2998 487 3476 560 869quodlibet,
3500 506 3552 549 et
3577 514 3717 553 nunc
3739 502 3939 569 liquido
3965 520 4078 559 cer.

2502 563 2650 616 nitur
2678 571 2817 633 quod
2845 586 2984 639 sape
3014 576 3211 630 dictum
3244 579 3295 633 in
3326 581 3462 635 libro
3491 584 3735 642 Judicum
3776 563 4074 660 reperitur:

2505 667 2524 697 ι
2555 651 2609 702 In
2641 654 2826 711 diebus
2857 660 2956 714 illis
2979 678 3083 716 non
3115 679 3231 719 erat
3256 685 3346 724 rex
3384 674 3436 726 in
3462 675 3640 737 lsrael.
3672 683 3764 732 sed
3789 687 4076 752 unusquis-

2497 751 2604 802 que
2632 745 2770 807 quod
2794 747 2893 800 sibi
2916 759 3118 806 rectum
3138 756 3418 814 videbatur
3439 767 3844 835 agebatUm/ic.
3873 745 4023 840 xvii).
4053 793 4071 825 ι

2499 827 2565 880 Et
2605 832 2730 884 illud
2759 837 2900 901 quod
2932 848 3172 908 tempore
3221 847 3412 904 Achab
3457 827 3757 922 intpiissimi
3813 862 3950 927 regis
3987 827 4074 916 di-

2504 927 2648 973 ctum
2689 934 2770 977 est
2805 941 2899 992 per
2944 929 3265 989 Michteam:
3328 958 3346 990 ι
3374 940 3486 996 Non
3544 946 3742 1001 habent
3791 951 4072 1006 Dominum

2504 1008 2620 1073 isti;
2667 1025 2969 1070 revertatur
3011 1022 3174 1089 igitur
3204 1032 3567 1101 unusquisque
3594 1036 3644 1088 in
3672 1039 3886 1093 domum
3910 1059 4069 1098 suam

2503 1097 2556 1150 in
2587 1114 2717 1167 pace
2763 1104 2880 1169 (III
2913 1106 3038 1177 Reg.
3073 1115 3259 1180 xxii).i
3311 1119 3386 1170 De
3435 1097 3673 1191 tempore
3700 1142 3910 1197 quoque
3943 1097 4066 1185 Saul

2502 1187 2742 1241 dicitur:
2801 1210 2817 1240 Ι
2849 1193 2981 1256 Quia
3040 1211 3232 1255 retusa:
3277 1216 3432 1259 erant
3481 1212 3622 1266 acies
3670 1231 3968 1280 vulnerum,
4015 1233 4067 1275 et

2500 1274 2756 1341 ligonum,
2786 1292 2839 1334 et
2869 1287 3178 1342 tridentium
3209 1304 3262 1345 et
3304 1301 3571 1354 securium
3594 1320 3761 1374 usque
3783 1310 3849 1361 ad
3886 1313 4068 1364 stimu-

2499 1363 2608 1416 lum
2661 1370 3036 1438 corrigendum
3092 1379 3144 1447 (1
3175 1381 3297 1453 Reg.
3345 1392 3555 1459 xxtn).i
3611 1363 3826 1452 Retusa:
3873 1405 4065 1472 quippe

2495 1464 2624 1506 sunt
2654 1459 2798 1514 acies
2829 1467 3169 1534 utensilium,
3218 1487 3338 1528 cum
3370 1478 3517 1533 zelus
3546 1495 3608 1534 ac
3645 1483 3823 1539 fervor
3861 1495 4064 1544 exstin-

2493 1545 2677 1613 guitur
2698 1553 3102 1626 magistrorum,
3145 1577 3244 1618 nec
3291 1568 3540 1626 stimulus
3570 1571 3697 1640 ‘est,
3725 1581 3812 1647 qui
3845 1594 4058 1653 pungat,

2495 1649 2617 1689 cum
2676 1641 2826 1698 deest
2887 1649 2974 1714 qui
3028 1652 3448 1722 delinquentium
3516 1679 3731 1732 peccata
3786 1677 4059 1743 corripiat.

2493 1725 2649 1782 llunc
2690 1744 3012 1804 pungentem
3041 1756 3097 1794 se
3119 1743 3316 1802 Paulus
3357 1754 3630 1810 stimulum
3662 1764 3860 1816 sentire
3888 1781 4061 1834 cnspe-

2493 1832 2602 1880 rat,
2631 1836 2749 1875 cum
2797 1839 2896 1878 vox
2944 1828 3017 1883 illi
3056 1833 3232 1888 divina
3287 1839 3536 1897 dicebat:
3587 1865 3603 1897 ι
3627 1847 3825 1905 Durum
3855 1868 3938 1910 est
3965 1828 4058 1913 tibi
4089 1854 4133 1912 Β

2497 1916 2683 1962 contra
2712 1912 2987 1971 stimulum
3017 1919 3297 1980 calcitrarc
3325 1931 3460 1996 (Act.
3493 1937 3623 2002 ix).i

3097 2033 3321 2092 CAPUT
3369 2041 3456 2096 ιν.

2563 2109 2718 2175 Quod
2778 2134 2952 2200 regunt
2999 2129 3286 2210 consiliarii
3343 2151 3444 2187 non
3509 2140 3672 2192 solum
3725 2147 3839 2210 pii,
3903 2153 3990 2199 mt

2843 2191 2997 2243 etiam
3041 2201 3314 2261 prudentes
3358 2221 3466 2256 esse
3504 2191 3703 2264 debent.

2562 2272 2851 2333 Enimvero
2904 2286 3042 2350 quod
3103 2289 3344 2348 dicturus
3395 2313 3510 2350 sum
3558 2317 3661 2355 non
3717 2309 3842 2360 mihi
3891 2312 4058 2378 stylus

2489 2357 2728 2418 historim
2756 2369 2992 2432 tradidit,
3024 2379 3116 2428 sed
3147 2394 3327 2436 comes
3361 2384 3593 2441 Ubaldus
3622 2432 3635 2454 ,
3685 2396 3763 2446 vir
3816 2400 4057 2454 videlicet

2493 2449 2722 2507 disertus
2752 2472 2814 2512 ac
2839 2465 3090 2529 prudens,
3146 2473 3286 2526 nudo
3340 2477 3597 2533 duntaxat
3647 2501 3895 2541 sermone
3930 2509 4054 2546 nar-

2488 2544 2647 2594 ravit.
2683 2543 3030 2617 Theodosius,
3075 2557 3285 2626 inquit,
3335 2565 3624 2632 imperator
3652 2591 3770 2626 cum
3808 2580 4056 2645 religioso

2486 2637 2717 2698 quodam
2780 2645 2999 2695 ercmita
3051 2661 3404 2708 consueverat
3464 2660 3659 2727 habere
3707 2669 4048 2736 colloquium,

2483 2725 2635 2790 cujus
2664 2729 2908 2784 videlicet
2937 2735 3341 2804 obtemperabat
3391 2748 3682 2813 imperator
3715 2759 3968 2824 imperiis,
4000 2775 4052 2816 et

2482 2815 2825 2870 conscientia:
2875 2823 2976 2876 sibi
3019 2825 3228 2883 latentis
3280 2849 3472 2887 arcana
3529 2845 3810 2906 pandebat.
3858 2849 4053 2904 Servus

2481 2900 2662 2969 itaque
2691 2906 2807 2971 Dei,
2835 2922 2889 2961 ut
2915 2924 3029 2966 erat
3057 2919 3303 2987 simplex,
3335 2941 3499 2992 purus
3531 2948 3592 2983 ac
3627 2938 3905 2991 mundana:
3932 2958 4052 3007 pro-

2482 2999 2764 3061 pemodum
2820 3006 3098 3067 pravitatis
3150 3011 3403 3080 ignarus,
3456 3022 3751 3086 Angustum
3811 3031 4051 3088 districto

2480 3090 2784 3151 permonuit
2824 3102 2877 3144 ut
2906 3111 3027 3163 erga
3058 3100 3421 3169 delianentes
3456 3112 3573 3176 pius
3601 3118 3851 3171 existeret
3878 3160 3890 3181 ,
3936 3135 3988 3174 ut
4019 3143 4045 3176 a

2481 3189 2691 3230 reorum
2723 3180 3012 3240 nltionibus
3039 3191 3328 3247 abstineret
3354 3237 3366 3258 ,
3407 3209 3458 3251 et
3491 3204 3577 3269 qui
3608 3207 3705 3257 sibi
3740 3210 4047 3275 deposceret
4078 3213 4120 3270 C

2480 3281 2509 3315 η
2545 3282 2776 3334 superno
2805 3276 2985 3336 iudice
3011 3283 3239 3347 veniam,
3285 3288 3396 3354 ipse
3424 3307 3525 3344 non
3559 3298 3797 3363 exigeret
3828 3317 3854 3351 a
3881 3304 4044 3357 fratre

2475 3359 2784 3425 vindictam,
2817 3368 3064 3424 nimirum
3097 3390 3216 3428 cum
3254 3381 3364 3445 ipse
3385 3380 3549 3448 juds-x
3585 3389 3725 3440 dicat
3754 3408 3766 3442 :
3815 3410 3831 3441 ι
3857 3393 3910 3446 in
3941 3413 4043 3463 qua

2478 3461 2726 3503 mensura
2791 3458 2954 3509 mensi
3006 3460 3251 3529 fueritis,
3299 3471 3484 3524 eadem
3536 3479 3848 3532 remetielnr
3896 3487 4045 3539 vobis

2478 3533 2695 3601 (Matth.
2746 3545 2890 3614 \'ll).l
2943 3549 3240 3619 Imperator
3286 3557 3465 3626 itaque
3513 3563 3669 3618 [idem
3722 3573 3891 3624 sancti

2478 3630 2693 3683 tnonitis
2751 3636 3042 3700 adhibens,
3097 3648 3259 3712 coepit
3312 3647 3589 3717 ﬂagitiosis
3638 3666 3691 3710 et
3739 3661 4039 3729 quibusque

2475 3721 2789 3774 nocentibus
2827 3726 3036 3792 impune
3079 3737 3363 3789 commissa
3407 3744 3676 3806 remittere
3702 3789 3715 3810 ,
3762 3753 4038 3819 sacrilegis

2468 3821 2536 3861 ac
2564 3809 2675 3878 lege
2700 3813 2992 3880 plectendis
3019 3825 3298 3880 venialiter
3321 3831 3613 3902 indulgere,
3641 3843 3848 3894 cunctis
3874 3849 4033 3898 etiam

2469 3892 2646 3951 aliena
2678 3899 2800 3966 jura
2835 3915 3030 3962 temere
3084 3917 3497 3979 pervadentibus
3544 3925 3719 3980 debita
3771 3929 4032 3986 relaxare.

2467 3977 2572 4039 Atl'
2604 3985 2718 4042 haec
2786 3997 2934 4060 regni
3009 4013 3262 4064 proceres
3324 4023 3773 4080 conqueruntur,
3841 4023 4035 4087 regalis

2469 4077 2708 4142 mysterii
2737 4077 3067 4159 [ministerii]
3101 4099 3420 4152 tractatores
3460 4102 3669 4157 ruinam
3714 4111 3895 4162 mundi
3945 4129 4036 4181 pe-

3827 4161 3836 4162 ,
3885 4161 3892 4162 ,
3945 4161 4007 4181 Γ-

2469 4161 2754 4222 riciitantis
2808 4178 3165 4245 expostulant,
3219 4192 3272 4237 et
3317 4201 3413 4254 per
3450 4190 3530 4243 las
3561 4209 3624 4246 ac
3657 4196 3806 4249 nefas
3839 4212 4030 4255 cuncta

2463 4250 2737 4318 confundi,
2768 4261 2866 4312 nisi
2905 4280 2999 4332 per
3026 4271 3331 4337 :equitatem
3351 4275 3572 4341 justitize
3601 4285 3759 4339 rebus
3781 4289 4029 4346 humanis

2465 4340 2694 4396 celerius
2720 4363 3070 4418 occurratur,
3114 4360 3399 4420 aliirmant.
3448 4370 3832 4430 Lainentantur
3878 4383 4028 4434 deni-

2465 4441 2572 4495 que
2610 4445 2706 4499 νει·
2729 4445 3112 4506 superstitiosa:
3140 4451 3294 4520 hujus
3324 4471 3386 4508 ac
3412 4458 3610 4514 frivolae
3643 4467 3851 4529 pictatis
3882 4472 4028 4538 igna-

3208 4516 3221 4520 ν
3643 4516 3654 4529 1
3735 4516 3849 4520 """
3883 4516 3997 4538 'D"“

2473 4516 2609 4571 viam
2637 4526 2834 4586 passim
2867 4533 3082 4596 rapinas
3108 4553 3168 4590 ac
3200 4542 3480 4597 violentias
3515 4551 3623 4602 lieri
3644 4593 3655 4612 ,
3687 4555 3859 4623 legum
3894 4563 4024 4613 scita

2468 4607 2687 4666 dissolvi
2726 4629 2780 4668 ct
2811 4621 2874 4669 ad
2905 4624 3147 4678 audenda
3200 4631 3482 4696 plectibilia
3519 4654 3739 4709 qumque
3767 4649 3842 4699 vel
3874 4654 4026 4703 noxia

2458 4713 2834 4767 perversormn
2868 4714 3132 4779 nequitias
3155 4717 3427 4776 hominum
3453 4741 3550 4793 per
3577 4745 3840 4786 concessae
3871 4738 4025 4791 liber-

2463 4790 2591 4843 tatis
2647 4796 2920 4852 audaciam
2983 4808 3256 4862 concitari.
3301 4812 3408 4868 Hae
3459 4818 3750 4886 imperator
3804 4832 4022 4893 querula

2457 4884 2793 4946 suggestione
2837 4902 3132 4956 permotus,
3164 4901 3228 4952 ad
3261 4901 3530 4960 hominem
3565 4910 3656 4964 Dei
3687 4919 4020 4973 veredarium

2457 4967 2710 5034 destinat,
2740 4982 3018 5036 consilium
3050 4985 3270 5057 ﬂagitat,
3301 4998 3425 5060 quid
3465 5003 3562 5053 sibi
3610 5019 3638 5054 a
3682 5021 4021 5064 murmuran-

2460 5060 2601 5116 tibus
2648 5069 2898 5136 objicitur
2941 5083 3187 5145 exponit,
3227 5090 3352 5153 quid
3400 5093 3734 5157 potissimum
3779 5101 3845 5152 sit
3905 5104 4018 5170 ipse

3245 5149 3256 5153 _
3401 5149 3411 5157 .
3810 5149 3843 5152 "
3905 5149 4018 5170 Ἰ’“’ν

2456 5149 2693 5208 facturus
2729 5158 2967 5227 inquirit.
3000 5165 3118 5222 Haec
3149 5174 3224 5224 vir
3259 5177 3346 5229 Dei
3387 5181 3566 5236 solerti
3624 5191 4018 5247 examinatione

2459 5240 2751 5299 discutiens
2783 5255 3196 5326 mutaudanvque
3235 5268 3312 5318 sui
3346 5273 3551 5324 consilii
3579 5279 3900 5332 sententiam
3935 5297 4017 5334 re-

2457 5342 2804 5400 cognoscens,
2836 5359 2928 5395 ore
2954 5347 3168 5412 quidem
3199 5352 3358 5417 siluit,
3390 5365 3617 5428 quadam
3650 5382 3774 5420 vero
3805 5373 4013 5439 mystici

2452 5424 2631 5490 Operis
2662 5428 3047 5494 signiﬁcatione
3091 5447 3380 5508 respondit.
3422 5453 3726 5519 Aspiciente
3752 5463 4012 5526 siquidem

2451 5517 2795 5581 pragmaticus
2822 5522 3096 5591 legationis
3126 5531 3301 5597 bajulo
3326 5577 3338 5598 ,
3367 5553 3525 5607 caput
3556 5548 3786 5615 undique
3811 5555 4010 5616 pexuit,

2451 5610 2505 5653 et
2531 5605 2785 5673 quidquid
2810 5611 2857 5664 in
2887 5619 3146 5682 gremium
3178 5623 3484 5685 demolitum
3533 5649 3612 5688 est
3656 5642 3730 5691 vel
3757 5643 4008 5708 rli‘usum,

2452 5699 2504 5756 in
2551 5698 2725 5768 ignrm
2775 5708 2885 5762 sine
2935 5729 3077 5770 mora
3131 5720 3389 5794 projccit;
3444 5744 3668 5801 nzoxque
3717 5741 4009 5808 corripiens

2975 369 3033 425 S.
3074 370 3272 428 PETRI
3315 375 3591 431 ΒΑΜΙΑΝΙ
3630 378 3778 436 οΡΡ.
3812 384 4044 444 TOMUS
4081 390 4209 449 SEU
4251 394 4427 455 PARS
4465 402 4549 458 lli.
4574 408 5015 472 -_—OPUSCL"LA
5061 413 5279 484 νΑιιιΑ.

4056 4545 4105 4606 D
4135 4575 4264 4639 lunt,

5639 422 5736 482 εει

4111 514 4156 571 Α
4183 537 4477 604 sarculum,
4513 544 4808 612 ingreditur
4846 551 5147 620 hortulum,
5195 573 5413 629 quteqne
5459 570 5618 624 noxia
5657 573 5740 622 th:-

4179 625 4413 691 molitur,
4448 636 4661 691 steriles
4703 641 4898 695 herbas
4933 648 5220 714 exstirpat,
5244 652 5586 710 circumcirca
5619 675 5738 715 sar-

4178 714 4341 774 riens.
4374 715 4542 790 87o
4569 727 4793 781 virentia
4837 734 5028 785 excolit
5060 746 5115 789 ct
5145 741 5440 797 communit
5472 744 5728 801 oluscula.

4177 800 4295 856 Illas
4325 806 4488 874 igitur
4507 816 4743 870 eradicat
4766 859 4778 881 ,
4812 829 4867 873 ut
4903 824 5172 880 radicibus
5217 830 5411 884 evulsis
5450 843 5728 900 arescant;

4177 890 4308 948 istas
4335 911 4461 951 vero
4496 901 4639 959 fovet
4677 919 4731 962 et
4769 913 4962 967 excolit
4993 954 5006 978 ,
5061 925 5118 969 ut
5160 933 5256 987 per
5281 922 5443 977 adulti
5477 927 5730 994 germinis

4172 981 4499 1043 incrementa
4543 996 4842 1060 proﬁciant.
4875 1001 4967 1057 His
4993 981 5175 1073 itaque
5212 1011 5434 1080 mystica
5460 981 5730 1084 signiﬁca.

4171 1071 4315 1128 tione
4356 1083 4608 1145 peractis,
4645 1087 4697 1140 in
4725 1090 4912 1146 eadem
4941 1071 5134 1149 silentii
5158 1113 5382 1154 censura
5414 1105 5725 1170 persistens,

4169 1159 4344 1215 innuit
4373 1175 4559 1224 nuntio
4607 1184 4662 1227 ut
4697 1179 4758 1230 ad
4807 1195 4960 1236 suum
5016 1187 5284 1243 dominum
5320 1191 5530 1257 redeat,
5575 1196 5728 1263 eique

4167 1261 4285 1315 qua:
4317 1255 4521 1311 viderat
4552 1275 4648 1328 per
4680 1269 4921 1324 ordinem
4972 1274 5287 1332 innotescat.
5341 1279 5438 1347 Qui
5474 1283 5725 1338 nimirum

4165 1354 4270 1392 non
4313 1359 4428 1399 sme
4456 1353 4685 1418 quadam
4736 1359 4901 1414 animi
4952 1371 5338 1425 stomacliantis
5369 1372 5752 1443 indignatione-

4164 1442 4434 1498 reversus,
4466 1454 4801 1500 murmurare
4851 1454 5014 1521 cmpit
5035 1494 5050 1518 ,
5081 1468 5136 1510 et
5163 1461 5436 1529 conqueri,
5465 1463 5588 1530 quia
5618 1477 5722 1517 Ιιοι

4162 1520 4360 1576 missus
4384 1537 4525 1582 esset
4565 1533 4630 1586 ad
4661 1538 4774 1590 sani
4817 1520 5010 1607 capitis
5039 1520 5334 1615 hominem,
5364 1552 5456 1606 sed
5475 1553 5544 1606 ad
5569 1567 5722 1608 vesa-

4161 1623 4288 1663 num
4326 1618 4522 1683 potius,
4571 1638 4633 1676 ac
4667 1627 5014 1686 dementem:
5072 1635 5382 1705 Sperabam,
5427 1643 5620 1712 inquit,
5664 1651 5718 1720 ut

4166 1699 4252 1720 ,μ
4284 1719 4287 1720 ν
4453 1710 4482 1720 ..

4160 1699 4568 1764 decurrentibus
4616 1729 4699 1768 me
4748 1720 4924 1774 verbis
4972 1699 5292 1793 instrueret,
5339 1738 5393 1784 et
5438 1731 5592 1798 juxta
5642 1718 5719 1789 iu-

4161 1791 4466 1858 quisilionis
4510 1816 4644 1856 mea:
4685 1807 4915 1872 seriem,
4977 1827 5072 1881 per
5128 1825 5324 1885 apertae
5366 1822 5720 1888 responsionis

4163 1879 4454 1946 alloquium
4482 1901 4546 1940 ex
4577 1893 4825 1948 omnibus
4874 1879 5205 1955 informare-t.
5250 1904 5342 1960 Ille
5377 1879 5551 1961 autem
5578 1908 5717 1963 velut

4163 1967 4405 2024 alienatae
4436 1979 4630 2030 mentis
4671 1995 4732 2034 ac
4761 1981 4997 2039 furiosus
5018 2027 5032 2051 ,
5063 1990 5221 2044 modo
5251 1994 5502 2049 incultam
5533 1998 5718 2067 capitis

4164 2062 4434 2113 caesariem
4493 2079 4742 2132 pet-tere;
4793 2075 4948 2128 modo
5005 2090 5252 2148 correpto
5309 2099 5403 2151 per
5448 2086 5713 2140 hortulum

4162 2161 4315 2198 suum
4362 2154 4527 2219 coepit
4575 2155 4748 2224 ligone
4800 2165 5038 2230 sarrire;
5098 2180 5348 2237 tanquam
5402 2188 5497 2243 ego
5539 2175 5712 2230 lendes

4160 2236 4273 2298 ejus
4353 2254 4414 2292 ac
4465 2245 4795 2310 peduuculos
4845 2255 5350 2324 magnipenderem,
5404 2263 5485 2316 vel
5529 2266 5713 2320 ruralis

4158 2324 4433 2379 industria:
4462 2335 4825 2400 magisterium
4868 2339 5182 2408 ﬂagitarern.
5216 2346 5364 2403 Tunc
5408 2350 5709 2420 imperator,

4158 2415 4297 2480 quod
4344 2419 4621 2475 dicebatur
4695 2427 4976 2495 diligenter
5052 2437 5388 2501 auscultans.
5445 2450 5498 2495 et
5542 2442 5708 2499 altiori

4158 2508 4376 2560 consilio
4407 2518 4546 2578 quod
4570 2515 4767 2571 factum
4799 2519 4990 2587 fuerat,
5040 2536 5214 2580 mente
5243 2541 5595 2601 pertractans,
5639 2537 5708 2589 alt

4157 2598 4257 2651 hoc
4300 2617 4402 2654 non
4436 2620 4555 2656 esse
4596 2611 4894 2676 ridiculum,
4943 2618 5036 2669 sed
5087 2623 5429 2690 mysterium;
5474 2636 5632 2696 atque
5661 2628 5707 2681 id

4156 2686 4256 2740 sibi
4319 2698 4458 2757 quod
4515 2699 4803 2763 quzesierat
4853 2686 5186 2763 evidentibus
5246 2686 5455 2767 indiciis
5504 2686 5706 2770 indubi-

4155 2783 4329 2829 tanter
4359 2796 4669 2847 expressum
4699 2807 4711 2840 :
4754 2791 4971 2857 Serv'us,
5010 2797 5197 2866 inquit,
5229 2800 5317 2855 Dei
5342 2803 5493 2858 nobis
5522 2807 5702 2861 melius

4156 2871 4359 2931 agendo
4429 2888 4587 2940 quam
4636 2878 4899 2947 loquendo
4935 2892 5237 2957 respondit,
5267 2902 5322 2946 et
5348 2897 5576 2963 genuino
5601 2885 5702 2951 suai

4153 2962 4482 3022 operationis
4509 2969 4749 3035 oraculo,
4791 2973 4986 3027 nodum
5021 2980 5176 3031 unius
5221 2992 5412 3037 nostra:
5456 2988 5696 3054 quastio-

4154 3047 4236 3099 nis
4263 3050 4507 3105 absolvit.

4771 3151 4996 3209 CAPUT
5049 3157 5110 3212 ν.

4458 3231 4722 3303 Principia
4762 3243 4981 3308 officium
5017 3248 5275 3316 quodnam
5314 3254 5400 3306 ait.

4220 3317 4356 3380 Quid
4379 3323 4520 3374 enim
4552 3329 4789 3391 apertius
4816 3347 4900 3394 eo,
4952 3337 5093 3403 quod
5135 3343 5385 3396 verticem
5415 3346 5614 3412 pexuit,
5647 3357 5695 3402 et

4149 3419 4266 3455 mox
4304 3407 4352 3458 in
4386 3411 4558 3475 ignem
4601 3415 4808 3472 detersa
4851 3423 5112 3489 projecit?
5154 3443 5214 3482 ac
5243 3431 5287 3483 si
5329 3432 5564 3488 diceret:
5601 3436 5696 3489 Per

4147 3496 4475 3553 multimoda:
4510 3502 4788 3562 divisionis
4841 3515 5128 3579 pectinem,
5182 3518 5280 3573 hoc
5325 3530 5408 3574 est
5452 3536 5546 3591 per
5574 3523 5693 3594 legi-

4146 3582 4286 3636 tima:
4315 3586 4666 3647 discussionis
4689 3609 4751 3648 ac
4781 3598 5116 3659 discretionis
5152 3623 5370 3663 examen
5393 3650 5406 3672 ,
5457 3621 5510 3666 et
5545 3615 5693 3667 noxia

4141 3686 4363 3742 quaeque
4397 3677 4723 3746 dispereant,
4755 3698 4808 3741 ct
4838 3705 4956 3759 quae
4989 3694 5124 3749 bona
5153 3708 5276 3752 sunt
5305 3700 5522 3771 abjectis
5545 3705 5691 3759 malis

4141 3764 4420 3829 purilicala
4475 3785 4806 3829 remaneant.
4859 3779 5113 3838 Eamdem
5172 3801 5328 3856 porro
5368 3764 5686 3847 sententiain

4139 3867 4234 3920 per
4257 3856 4453 3912 hortuli
4482 3876 4694 3930 quoque
4737 3869 4902 3922 voluit
4944 3873 5139 3929 iterare
5165 3877 5447 3944 culturam,
5476 3891 5532 3936 ut
5560 3884 5688 3938 sicut

4139 3943 4226 3996 ille
4283 3951 4472 4001 noxias
4521 3967 4640 4005 cum
4694 3957 4806 4011 suis
4864 3964 5156 4028 cespitibus
5229 3968 5420 4023 herbas
5467 3973 5686 4036 evulsit,

4138 4031 4338 4087 bonum
4377 4047 4553 4094 autem
4600 4044 4716 4100 olus
4741 4087 4755 4111 ,
4790 4058 4847 4101 ut
4893 4053 5109 4108 uberius
5148 4058 5494 4126 germinaret,
5534 4077 5688 4117 exco-

4137 4119 4235 4173 luit
4263 4139 4277 4185 ;
4333 4125 4404 4178 ita
4441 4143 4537 4182 nos
4561 4169 4574 4191 ,
4616 4136 4768 4200 quasi
4800 4150 4897 4203 per
4917 4119 5206 4197 discretum
5238 4141 5440 4201 lib'ratte
5471 4148 5685 4217 iustitia:

4135 4213 4426 4279 sarculum,
4468 4229 4522 4272 et
4555 4221 4892 4281 elaboremus
4921 4234 5176 4297 reprobus
5210 4235 5462 4292 radicitus
5491 4241 5683 4294 exstir-

4133 4315 4282 4368 pare,
4313 4313 4364 4357 et
4403 4308 4571 4362 bonos
4603 4322 4659 4364 ut
4687 4314 4796 4368 Deo
4819 4316 5144 4375 fructiﬁcent
5172 4323 5222 4376 in
5253 4327 5531 4393 tranquilla
5560 4343 5684 4398 pace

4132 4406 4468 4461 componere.
4528 4401 4639 4455 Hoc
4687 4403 4758 4456 illi
4808 4407 4896 4473 qui
4946 4410 5170 4465 aderant
5220 4415 5510 4480 audientes,
5547 4418 5682 4487 quod

4131 4485 4274 4537 velut
4326 4489 4543 4542 anilium
4601 4509 4860 4562 nugarum
4891 4499 5277 4567 depulaverant
5323 4514 5445 4559 ante
5490 4507 5679 4562 ridicu-

4315 4583 4559 4632 vencrari
4608 4597 4884 4650 coeperunt
4911 4629 4923 4652 ,
4968 4601 5022 4643 et
5076 4608 5257 4645 revera
5293 4594 5579 4662 spiritualis
5624 4612 5681 4653 ac

4137 4667 4410 4730 profundie
4460 4671 4735 4737 sapientia:
4751 4690 5162 4735 sacramentum.
5196 4682 5342 4737 Tunc
5379 4686 5677 4753 imperator,

4134 4754 4230 4805 hoc
4269 4765 4516 4824 tanquam
4561 4765 4868 4830 prophetico
4894 4771 5242 4828 confirmatus
5284 4778 5518 4840 oraculo,
5574 4779 5677 4833 vio-

4129 4839 4324 4894 lentias
4372 4846 4565 4912 injuste
4614 4850 4899 4906 viventium
4948 4859 5107 4924 cwpit
5154 4860 5355 4924 ulcisci,
5402 4874 5578 4918 reatus
5619 4879 5678 4920 ac

4127 4934 4327 4986 scelera
4345 4935 4582 4991 districta
4600 4940 4983 5007 jurisdictionis
5006 4950 5462 5007 animadversione
5490 4970 5674 5024 percu-

4126 5029 4258 5083 tere,
4278 5025 4435 5078 anefa
4449 5028 4538 5080 riis
4568 5031 4786 5084 ausibus
4814 5034 5081 5100 improbos
5110 5039 5372 5103 cohibere,
5389 5051 5441 5095 et
5467 5056 5560 5112 pc
5578 5059 5670 5099 au-

4123 5116 4423 5170 ctoritatem
4480 5120 4770 5187 imperialis
4811 5128 5056 5191 potentia;
5110 5143 5472 5197 perversorum
5519 5139 5672 5192 corda

4125 5207 4458 5269 terrilirans,
4495 5210 4545 5260 in
4584 5226 4716 5279 pace
4754 5225 4943 5268 cuncta
4995 5233 5309 5288 componere
5356 5221 5443 5278 Sic
5495 5225 5670 5295 itaque

4122 5295 4388 5360 mundus,
4439 5300 4529 5365 qui
4591 5302 4768 5367 perire
4815 5316 5050 5373 coeperat
5104 5322 5196 5378 per
5249 5311 5545 5378 ignaviam,
5601 5315 5666 5368 ad
5749 5315 5757 5323 ’

4124 5386 4390 5451 tequitatis
4440 5400 4598 5456 atque
4636 5389 4858 5456 iustitia:
4903 5394 5135 5451 reﬂoruit
5181 5398 5527 5467 disciplinam.
5557 5398 5665 5458 Hoc

4121 5486 4294 5527 autem
4347 5492 4464 5542 ego,
4517 5495 4619 5531 non
4653 5491 4710 5532 ut
4740 5493 5046 5538 constanter
5076 5503 5256 5541 verum
5304 5488 5460 5544 fuisse
5493 5492 5664 5561 perhi-

4119 5563 4292 5627 beani,
4325 5569 4477 5619 retuli
4506 5586 4517 5630 ;
4566 5570 4655 5622 sed
4689 5571 4826 5637 quod
4865 5573 4991 5626 mihi
5036 5576 5274 5630 cursorio
5313 5591 5556 5634 set-incus
5585 5594 5662 5631 re-

4117 5655 4279 5710 latum
4311 5669 4414 5720 est,
4461 5661 4510 5711 in
4544 5673 4800 5727 quantum
4830 5679 4932 5718 non
4979 5663 5257 5735 intercepit
5290 5667 5501 5730 oblivio,
5531 5683 5660 5738 prte-

4117 5744 4288 5798 libavi.
4353 5748 4725 5803 Verumtamen
4771 5766 5038 5823 nunquam
5095 5755 5192 5810 hoc
5245 5773 5410 5826 nsque
5455 5759 5518 5811 ad
5568 5773 5658 5814 nos

5464 6423 5490 6428 -
5533 6421 5576 6430 »η-
5610 6415 5706 6428 -ι’“““
