5882 6636
952 426 1056 488 813

950 542 1265 610 antiquitas,
1294 537 1436 592 fama
1471 541 1743 609 vulgante,
1792 540 2203 598 transmitteret,
2236 538 2279 590 si
2328 551 2434 590 non
2470 534 2537 589 ad
2564 538 2617 596 Α

951 634 1324 690 todillcationis
1379 634 1687 703 cxemplum
1755 632 2013 703 prodesse
2072 630 2303 700 posteris
2368 626 2541 681 credi-

954 727 1146 782 disset.

1021 817 1185 887 871
1217 812 1318 870 Vix
1348 814 1506 885 plane
1531 814 1901 886 quinquennio
1931 824 2055 867 ante
2088 827 2220 866 mea:
2247 808 2548 865 nativitatis

951 917 1230 971 exortum,
1263 908 1514 960 humanis
1546 909 1704 961 rebus
1738 916 2018 972 exetnptus
2051 910 2132 955 est
2174 902 2365 955 tertius
2397 899 2544 961 Otto,

949 1000 1041 1067 qui
1083 999 1377 1066 imperialis
1412 1000 1581 1067 apicis
1620 998 1884 1067 dignitate
1926 994 2305 1065 pollucibiliter
2343 992 2546 1056 ﬂoruit,

949 1096 1009 1142 et
1035 1087 1334 1142 Romanam
1371 1088 1753 1155 rempublicam
1804 1096 2025 1140 strenue
2065 1084 2415 1154 gubernavit.
2450 1082 2548 1135 Hic

953 1178 1138 1245 itaque
1173 1193 1295 1232 cum
1323 1179 1617 1234 vicennalis
1667 1178 2047 1232 adolescentia:
2091 1177 2177 1229 vix
2227 1176 2405 1228 adhuc
2452 1188 2547 1228 ex-

932 1271 1208 1325 cessisset
1232 1281 1465 1333 aetatem,
1503 1271 1646 1324 inter
1689 1270 1921 1337 instgnia
1967 1267 2132 1321 multa
2194 1277 2249 1320 et
2290 1265 2549 1335 pactam

954 1373 1079 1429 quae
1108 1359 1277 1428 gessit
1316 1344 1487 1413 tribus
1516 1358 1666 1428 regni
1696 1354 2011 1427 proceribus
2060 1364 2221 1423 atque
2259 1355 2552 1409 comitibus

953 1448 1147 1502 oculos
1183 1448 1349 1512 eruit,
1381 1445 1664 1517 Bodulpbo
1694 1446 1961 1509 videlicet,
1993 1445 2301 1500 Raimundo
2336 1454 2392 1499 et
2432 1445 2552 1499 Ari-

952 1540 1177 1595 mundo.
1212 1539 1270 1594 In
1308 1554 1417 1608 quo
1467 1540 1721 1593 nimirum
1751 1538 2045 1606 conspicuo
2082 1538 2281 1593 decore
2300 1534 2548 1603 iustitiae,

953 1633 1033 1687 lic
1062 1634 1304 1686 omnium
1337 1631 1511 1686 aliena
1548 1632 1917 1702 diripientium
1966 1630 2176 1684 viscera
2224 1627 2551 1691 tremefecit,

954 1724 1035 1779 sic
1070 1732 1240 1777 totum
1276 1740 1496 1786 regnum
1540 1724 1593 1778 in
1639 1724 1949 1777 securitatis
1974 1732 2027 1776 et
2054 1723 2205 1790 pacis
2249 1721 2555 1790 tranquilli-

957 1823 1071 1868 tate
1110 1817 1432 1883 composuit,
1466 1824 1525 1867 ut
1570 1827 1761 1867 omnes
1795 1812 1907 1868 fere
1959 1814 2097 1867 intra
2136 1812 2439 1880 compendii
2470 1813 2552 1867 sui

1585 424 1828 485 οίιυεε,
1868 424 2023 481 LV",
2080 454 2133 465 ...
2168 422 2257 478 οε
2291 404 2584 465 ΡΒΙΝΕΙΡ.
2626 406 2847 470 ΟΕΡΊΕ.
2898 420 2963 476 lN
3003 421 3248 480 COERC.
3287 425 3563 482 tllPROB.

3161 540 3391 594 CAPUT
3428 540 3720 596 PR'MUM.

2781 630 2934 694 Quod
2952 631 3177 699 justitiw
3209 635 3351 700 tigor
3380 635 3526 685 bonis
3557 651 3618 685 ac
3658 634 3811 687 malis
3838 634 3978 688 utilis
4008 648 4107 689 cst-

2720 720 2865 773 Tene
2913 722 3099 789 igitur,
3152 723 3236 777 vir
3287 724 3737 787 eminentissime,
3799 735 4059 780 stateram
4105 727 4246 797 aequi

2646 810 2966 877 libraminis,
3011 828 3239 867 examen
3283 814 3423 866 intra
3478 816 3737 869 trutinam
3788 818 3999 881 cohibe,
4049 819 4251 887 pariles

2648 901 2901 968 legalium
2956 908 3259 960 sectionum
3310 907 3493 959 lances
3545 923 3653 974 pra:
3702 909 3872 961 oculis
3916 926 4131 978 semper
4158 927 4253 981 ap-

2650 994 2839 1057 pemle.
2869 992 2976 1046 Sed
3002 994 3089 1047 hic
3113 995 3253 1050 forte
3278 994 3407 1048 illud
3432 996 3740 1050 Salomonis
3766 998 3990 1064 objicies
4020 1015 4034 1053 :
4077 1018 4094 1050 t
4129 1000 4253 1055 Noli

2650 1098 2769 1137 esse
2800 1085 3021 1137 nimium
3048 1086 3228 1153 justus
3256 1086 3452 1153 (It‘ccle.
3480 1090 3593 1155 ru).
3630 1108 3648 1137 ο
3684 1089 3748 1142 Ει
3773 1104 3874 1157 ego
3902 1091 3994 1143 tibi
4024 1104 4251 1146 econtra

2653 1173 2988 1241 respondeo:
3020 1174 3136 1227 Noli
3163 1190 3281 1228 esse
3315 1176 3541 1229 nimium
3588 1178 3725 1243 pius.
3777 1178 3930 1231 Sicut
3968 1181 4111 1233 enim
4154 1183 4255 1235 sub

2653 1265 3008 1318 immoderata
3037 1264 3249 1332 justitia
3278 1267 3701 1335 pusillanimitas
3742 1268 4031 1337 frangitur,
4059 1272 4129 1324 ita
4154 1272 4254 1325 sub

2653 1354 2853 1423 pietate
2884 1355 3049 1407 nimia
3074 1355 3217 1409 male
3243 1354 3380 1409 liber
3402 1359 3616 1410 animus
3649 1358 3717 1410 ad
3756 1360 4104 1413 insolentiam
4131 1376 4261 1430 pru-

2654 1446 2859 1500 caciter
2916 1445 3223 1500 effrenatur.
3289 1446 3546 1517 Nunquid
3595 1450 3739 1503 enim
3792 1450 3903 1506 illic
3963 1452 4261 1507 indiscreta

2655 1535 2829 1606 pietas
2856 1552 2961 1590 non
2990 1538 3310 1605 prohibetur
3338 1554 3351 1589 :
3388 1556 3405 1587 ι
3437 1537 3666 1597 Pcrcute
3694 1538 3862 1593 filium
3898 1551 4047 1596 tuum
4080 1542 4262 1610 virga.

2655 1640 2710 1682 et
2737 1628 2991 1682 liberabis
3025 1629 3261 1683 animam
3290 1626 3407 1694 ejus
3436 1644 3464 1681 a
3492 1631 3697 1683 mut-te?
3734 1651 3750 1680 ι
3772 1630 3955 1699 (Prov.
3986 1632 4171 1701 ιιιιι.)
4197 1631 4266 1685 Et

2656 1719 2851 1772 itennn
2884 1736 2895 1772 :
2932 1737 2949 1767 ι
2989 1718 3087 1783 Qui
3119 1719 3294 1788 parcit
3321 1720 3506 1788 virgae,
3538 1720 3652 1773 odit
3680 1719 3847 1773 tilium
3882 1737 4042 1775 suum
4072 1721 4263 1787 (Prov.

2660 1810 2803 1875 ιιιι).
2836 1827 2854 1860 ι
2889 1808 2958 1862 Et
2983 1808 3110 1861 alibi
3141 1826 3154 1861 :
3190 1827 3211 1860 ι
3245 1807 3348 1874 Qui
3382 1808 3557 1879 diligit
3584 1808 3755 1863 filium
3794 1825 3983 1871 suum,
4021 1810 4267 1864 assiduat

957 1902 1188 1959 “utilem
1216 1918 1275 1957 se
1306 1904 1653 1958 formidolosa
1702 1904 2079 1971 reprimet-ent,
2117 1918 2216 1958 nec
2260 1902 2398 1969 juris
2432 1919 2556 1973 pro-
2585 1898 2635 1958 Β
2664 1897 2736 1949 illt
2769 1896 2977 1965 ﬂagella
3023 1896 3211 1967 (Eccli.
3240 1899 3413 1963 XXXI).
3449 1917 3466 1948 ι
3501 1897 3567 1951 Ει
3604 1898 3744 1951 idem
3777 1914 3790 1951 :
3831 1916 3849 1947 ι
3889 1899 4073 1968 Equus
4106 1897 4263 1951 indu—

956 1993 1061 2061 prii
1096 1994 1359 2047 terminos
1391 2009 1486 2062 per
1515 1994 1857 2049 insolentiam
1893 1995 2245 2049 transilirent.
2281 1993 2434 2049 Unde
2461 2010 2556 2063 per

957 2098 1053 2139 ora
1079 2087 1257 2153 p0puli
1292 2088 1406 2139 haec
1434 2101 1493 2138 se
1522 2084 1774 2154 praeconii
1800 2084 1939 2138 fattta
1966 2083 2286 2149 diffuderat;
2322 2087 2373 2137 in
2404 2084 2556 2139 evul-

960 2174 1116 2230 lione
1169 2190 1260 2227 sex
1321 2175 1599 2228 oculorum
1654 2190 1817 2227 unum
1868 2180 2121 2243 pacatum
2174 2183 2255 2229 est
2310 2189 2556 2244 regnum.

963 2263 1099 2319 Tres
1131 2264 1253 2317 facti
1285 2274 1408 2317 sunt
1434 2268 1585 2328 czcci,
1619 2275 1669 2317 et
1698 2266 1846 2319 onmi
1890 2267 2086 2335 popqu
2133 2267 2333 2334 quietis
2363 2278 2561 2335 Optata:

961 2353 1146 2407 lumen
1190 2353 1412 2407 infnlsit.
1468 2353 1543 2407 Tu
1595 2371 1830 2423 quoque,
1878 2357 1961 2407 vir
2002 2358 2306 2422 magnifice,
2340 2368 2560 2412 sancto-

962 2452 1083 2491 rum
1139 2439 1236 2492 tibi
1294 2441 1593 2508 principum
1626 2480 1638 2503 ,
1693 2450 1746 2493 et
1800 2440 1989 2507 legalia
2043 2440 2165 2507 jura
2226 2446 2561 2497 servantium

963 2528 1209 2594 exempla
1260 2543 1528 2596 propone;
1586 2530 1761 2581 noxiae
1815 2530 2033 2597 pietatis
2086 2529 2377 2600 lanuginem
2430 2550 2457 2585 a
2512 2543 2562 2585 te

963 2622 1152 2689 procul
1181 2622 1427 2685 exclude,
1461 2630 1514 2674 et
1561 2636 1684 2689 erga
1718 2623 1993 2689 populum,
2033 2623 2119 2689 qui
2168 2622 2263 2675 tibi
2308 2625 2563 2676 commis-

966 2726 1059 2765 Stts
1089 2726 1197 2774 εει,
1222 2722 1405 2781 satage
1434 2713 1925 2782 scmperjustitiam
1956 2715 2250 2768 custodire.
2285 2716 2559 2784 Scriptum

968 2811 1051 2855 est
1079 2803 1221 2854 enim
1254 2819 1267 2855 :
1302 2822 1320 2853 ι
1348 2803 1499 2856 Beati
1549 2804 1638 2872 qui
1692 2806 2000 2857 custodiunt
2044 2803 2326 2872 judicium,
2379 2822 2433 2861 et
2486 2808 2563 2858 fa-

970 2892 1119 2945 ciunt
1163 2894 1434 2962 justitiam
1488 2895 1537 2945 in
1591 2896 1736 2947 omni
1795 2906 2033 2961 tempore
2081 2893 2251 2963 (Parit.
2296 2904 2402 2951 cvi.
2446 2918 2461 2947 ι
2498 2897 2559 2948 lit

972 2980 1225 3036 Salomon
1267 3002 1279 3036 :
1327 3002 1344 3035 ι
1396 2984 1627 3053 Diligite,
1661 2985 1852 3053 inquit,
1876 2985 2163 3052 justitiam.
2192 2987 2280 3054 qui
2310 2985 2563 3050 jttdlcatis

971 3081 1173 3128 terram
1210 3075 1357 3141 (δίη).
1392 3075 1452 3143 ι).
1492 3096 1509 3128 ι
1543 3077 1633 3131 Sic
1656 3092 1785 3131 eruo
1826 3078 2169 3131 rectitudinis
2211 3077 2324 3130 zelo
2353 3094 2564 3147 semper

974 3180 1254 3225 accensus.
1292 3167 1475 3221 incede
1506 3184 1647 3221 nunc
1679 3167 2017 3237 perjustitia:
2050 3169 2337 3233 trami.em,
2372 3181 2425 3221 ut
2458 3186 2559 3223 non

2659 1989 2822 2042 tuitus
2843 1988 3021 2041 evadit
3049 1990 3306 2053 durus,et
3332 1989 3474 2041 ﬁlius
3500 1989 3760 2041 remissus
3782 1989 3975 2042 evadet
3998 2004 4261 2057 przeceps.

2660 2079 2824 2132 Laeta
2863 2078 3030 2131 lilium
3063 2087 3233 2143 tuum,
3262 2087 3317 2131 et
3345 2090 3631 2146 paventem
3661 2090 3712 2131 te
3749 2077 3940 2143 faciet;
3991 2080 4113 2133 ludo
4140 2095 4263 2134 cum

2660 2184 2744 2229 eo,
2782 2177 2838 2220 et
2874 2169 3219 2221 contristabit
3251 2178 3320 2222 te.
3360 2168 3473 2223 Non
3508 2172 3784 2223 corridcas
3820 2171 3927 2233 illi,
3963 2187 4027 2224 ne
4059 2171 4266 2237 doleas,

2661 2268 2716 2311 et
2746 2259 2796 2309 in
2840 2259 3137 2311 novissimo
3163 2259 3547 2327 obstupescent
3576 2258 3767 2313 dentes
3800 2262 3873 2313 tui
3904 2259 4115 2328 (Ιίήίί.)⁸
4153 2281 4170 2313 ι
4204 2260 4263 2316 Si

2664 2366 2793 2419 ergo
2826 2359 2979 2419 pater
3004 2350 3346 2419 disciplinam
3378 2360 3431 2403 et
3461 2351 3729 2419 flagellum
3760 2352 3918 2405 debet
3944 2352 4103 2405 unico
4138 2352 4269 2417 filio,

2663 2452 2868 2511 quanto
2903 2444 3078 2511 magis
3124 2444 3375 2512 princeps
3420 2443 3635 2511 populo,
3684 2456 3750 2495 ne
3799 2452 3949 2497 tanta
3992 2442 4272 2498 effrenata

2666 2534 2934 2588 libertatis
2964 2536 3188 2587 audacia
3220 2546 3405 2601 pereat
3447 2534 3770 2587 multitudo?
3814 2534 3963 2589 Unde
4006 2536 4274 2602 scriptum

2663 2635 2749 2677 est
2781 2644 2791 2679 :
2833 2645 2851 2675 ι
2885 2625 3001 2678 Rex
3043 2627 3301 2694 insipiens
3334 2628 3522 2695 perdet
3553 2626 3808 2695 populum
3842 2642 4018 2691 suum,
4054 2636 4103 2679 et
4134 2627 4271 2680 civi-

2665 2726 2806 2771 tates
2836 2718 3283 2771 inhabitabuntnr
3326 2732 3422 2785 pcr
3456 2726 3677 2771 Sensum
3712 2718 4031 2784 prudentum
4060 2717 4253 2785 (Ereti.

2664 2812 2742 2879 ι).
2779 2830 2794 2859 i
2836 2810 2901 2865 Ut
2930 2826 3057 2877 ergo
3086 2811 3441 2879 populus,qui
3474 2810 3569 2863 tibi
3603 2811 3877 2878 subjectus
3901 2819 4006 2871 est,
4030 2825 4095 2863 ex
4117 2808 4252 2876 justi

2666 2900 2945 2967 regiminis
2974 2902 3349 2951 observatione
3393 2901 3654 2958 salvetur,
3690 2915 3915 2953 necesse
3945 2909 4029 2954 est
4064 2910 4121 2953 ut
4153 2901 4269 2971 ipse

2667 2988 2717 3039 in
2748 2989 3001 3040 tribunali
3031 2989 3283 3041 examine
3306 2991 3653 3053 constitutus,
3684 3005 3803 3056 quae
3834 2998 3959 3041 sunt
3981 2989 4127 3057 juSta
4159 2989 4253 3044 de-

2666 3096 2887 3145 cernas;
2915 3092 2968 3133 ct
2998 3098 3091 3135 eos
3116 3083 3333 3147 insuper
3353 3096 3489 3150 ques
3515 3097 3610 3149 per
3641 3081 3946 3149 provincias
3970 3080 4177 3148 dirigis,
4209 3088 4271 3135 ut

2670 3174 2802 3242 legis
2835 3176 3006 3226 edicta
3051 3174 3296 3227 districte
3335 3183 3755 3241 prosequantur,
3791 3174 4059 3225 instituas.
4110 3172 4261 3227 Unde

972 3253 1313 3324 judicnmlus,
1362 3259 1455 3311 sed
1497 3258 1942 3321 remutmrandns,
1993 3259 2057 3310 ad
2109 3259 2281 3327 ipsum
2314 3258 2558 3328 qnardo-
2589 3254 2635 3316 C
2668 3266 2749 3315 vir
2774 3265 2988 3329 sapiens
3010 3280 3132 3316 cum
3163 3265 3541 3332 promisisset:
3568 3283 3583 3312 ι
3612 3260 3785 3316 .ludcx
3812 3262 4259 3331 sapiensjndica-

976 3349 1323 3418 quejustitize
1356 3353 1649 3407 revertaris
1685 3364 1983 3407 auctorem.

1360 3532 1552 3592 ΑΗΔ
1617 3534 2170 3597 DlSSERTATIO.

1096 3670 1176 3711 υε
1211 3668 1427 3713 EODEM
1469 3670 1781 3714 PRINCIPIS
1832 3672 2086 3714 OFFICIO
2147 3674 2207 3714 IN
2249 3673 2444 3716 [MPUB

1612 3749 1988 3792 OEBCENDIS.

974 3846 1368 3903 ARGUMENTUI.
1396 3880 1460 3889 -—
1492 3848 1723 3903 Nimiam
1757 3853 2226 3907 mansuetudinem
2272 3864 2326 3907 et
2374 3855 2567 3907 leuita-

1049 3929 1156 3971 tem
1184 3918 1491 3985 fugiendam
1522 3921 1694 3973 eidem
1735 3920 2053 3975 Gotltifredo
2094 3924 2345 3985 inculcat,
2381 3927 2568 3977 admo-

1047 4003 1182 4042 nens
1234 3990 1403 4049 illum,
1453 3990 1631 4042 videat
1675 3991 1838 4043 etiam
1892 4002 2053 4059 atque
2100 3995 2297 4055 etiam,
2346 4012 2409 4046 nc
2441 3987 2568 4046 dum

1046 4059 1234 4180 plant-is
1273 4059 1552 4112 sceleratis
1595 4062 1789 4127 parcit,
1824 4064 1991 4114 bonos
2029 4078 2218 4114 omnes
2259 4069 2467 4129 perdat.
2502 4064 2573 4117 Ut

1096 4143 1160 4179 oc
1193 4130 1241 4180 ei
1294 4128 1509 4180 facilius
1570 4134 1929 4180 persuadeat.
1980 4133 2285 4180 ext-iuniori:
2339 4135 2573 4180 nummis

1096 4143 1169 4202 oe
1193 4130 1241 4181 ei
1294 4128 1930 4202 faciliusupersuatleat,
1980 4128 2285 4198 ext-Inplum
2338 4135 2576 4202 llugonis

1049 4197 1339 4271 ducis.iqui
1366 4210 1491 4251 ante
1518 4198 1855 4271 illumrtotius
1875 4200 1989 4271 fere
2016 4197 2179 4253 Italia:
2202 4197 2571 4271 gubernacula

1046 4267 1544 4389 itdnJiniStraverat,
1578 4270 1815 4335 adducit,
1843 4269 2063 4340 ejusque
2084 4267 2432 4326 severitatem
2460 4274 2571 4327 col-

1068 4352 1137 4388 au
1182 4347 1254 4389 at.
1682 4374 1688 4381 -

1068 4347 1254 4390 nudat.
1682 4374 1688 4381 -

1047 4444 1407 4501 COTHIFBEDO
1451 4447 1949 4517 prtecellentissimo
1996 4452 2317 4517 marchioni,
2356 4451 2574 4509 PETRUS

976 4547 1232 4605 percator
1254 4540 1552 4591 monachus
1584 4538 1831 4592 salutem.

1049 4624 1204 4695 Sicpe
1230 4628 1451 4680 nuntius
1480 4639 1595 4696 post
1630 4630 1877 4681 nuntium
1917 4630 2167 4691 mittitur,
2208 4639 2263 4683 ut
2313 4644 2419 4693 res,
2453 4646 2571 4700 quae

978 4714 1141 4768 nimis
1168 4727 1251 4769 est
1272 4719 1598 4779 necessaria,
1627 4719 1947 4789 importunis
1977 4721 2168 4774 saltem
2192 4723 2443 4789 precibus
2473 4722 2572 4776 im—

978 4812 1239 4876 p’etrctnr.
1272 4806 1404 4860 Nam
1448 4819 1499 4862 et
1530 4810 1872 4878 evangelieus
1907 4811 1993 4864 ille
2015 4811 2182 4875 jndex
2211 4824 2365 4865 extra
2400 4812 2575 4865 Evan-

981 4894 1178 4964 gelium
1220 4897 1406 4951 vivens
1434 4897 1582 4967 (Luc.
1632 4902 1810 4969 xvm),
1840 4902 1932 4972 qui
1964 4920 2068 4957 non
2098 4904 2288 4970 Deum,
2320 4922 2425 4959 non
2473 4908 2571 4959 bo-

984 4988 1183 5042 minem
1235 4992 1618 5056 reverehatur,
1669 4993 1826 5046 ta'tlio
1876 4996 2089 5049 tandem
2178 5006 2234 5049 et
2307 4996 2573 5049 indefessa

986 5078 1227 5131 mulieris
1263 5080 1519 5132 instantia
1550 5084 1721 5135 victus
1776 5086 2103 5152 agnoscitur.
2137 5085 2216 5137 Tu
2244 5101 2389 5150 vero,
2415 5102 2574 5156 quem

985 5178 1037 5223 ct
1064 5171 1204 5223 inter
1230 5172 1473 5226 homines
1501 5173 1670 5241 pudor
1692 5177 1932 5231 honestae
1970 5180 2090 5231 vita:
2134 5180 2485 5248 spectabilem
2524 5190 2579 5235 et

986 5264 1124 5329 apud
1158 5263 1326 5315 Deum
1356 5276 1537 5317 castus
1568 5265 1744 5319 reddit
1786 5267 1947 5321 timor
1985 5269 2270 5339 insignem,
2302 5270 2580 5338 petitionio

986 5349 1085 5407 bus
1117 5354 1252 5407 meis
1284 5355 1553 5422 repulsam
1584 5372 1687 5411 non
1717 5357 1882 5412 debes
1907 5360 2176 5429 ingerere,
2207 5378 2367 5429 quem
2395 5364 2581 5431 utique

986 5461 1091 5503 non
1148 5451 1518 5504 adversarium
1570 5466 2034 5523 conquerentem,
2091 5460 2185 5512 sed
2245 5459 2337 5514 tibi
2397 5461 2577 5527 potius

985 5539 1182 5608 apicis
1211 5540 1359 5593 utilia
1391 5555 1785 5611 suggerentem.
1832 5546 2033 5616 Scripsi
2062 5550 2154 5603 tibi
2179 5565 2350 5617 nuper
2377 5553 2578 5619 episto-

986 5626 1091 5683 lam
1114 5632 1205 5685 “de
1248 5634 1513 5687 servando
1553 5637 1730 5705 rigore
1773 5637 2018 5706 justitiaa,
2044 5655 2207 5709 quam
2240 5658 2383 5696 nunc
2410 5643 2576 5713 872

988 5721 1229 5790 apicibus
1258 5724 1473 5793 quidem
1498 5727 1731 5795 gemino,
1758 5728 1850 5784 sed
1876 5744 1904 5784 a
1932 5744 2204 5802 proposua
2256 5733 2425 5787 semel
2463 5749 2576 5786 ma-

991 5814 1123 5868 teria
1148 5829 1252 5868 non
1287 5814 1498 5870 recedo.

2601 4594 2652 4652 Ι)

2670 3356 2747 3406 bit
2789 3360 3038 3422 ptipttllltll
3087 3372 3272 3417 suum,
3324 3364 3378 3408 et
3428 3355 3762 3423 principatus
3799 3355 4003 3407 scnsati
4053 3354 4265 3408 stabilis

2668 3448 2806 3511 erit;
2833 3468 2848 3497 ›
2876 3449 3123 3516 protinus
3155 3448 3389 3501 addidit:
3424 3467 3441 3499 ι
3473 3448 3782 3501 Secundum
3804 3448 4040 3517 jndicem
4064 3448 4270 3517 populi,

2670 3540 2749 3593 sic
2778 3549 2832 3593 et
2860 3540 3089 3592 ministri
3116 3539 3263 3605 ejus;
3296 3554 3352 3593 et
3374 3539 3552 3609 qualis
3582 3549 3665 3594 est
3698 3549 3876 3593 rector
3900 3539 4158 3602 civitatis,
4198 3548 4276 3593 ta-

2672 3630 2816 3683 leset
2839 3629 3203 3682 inhabitantes
3228 3630 3279 3681 in
3295 3646 3355 3681 ea
3377 3629 3587 3699 (1ὁὶι1.).
3615 3648 3631 3679 ι
3655 3626 3792 3693 Quid
3819 3627 3973 3694 plane
3997 3625 4277 3681 sanctius?

2672 3720 2810 3786 Quid
2844 3721 2949 3771 Deo
2977 3720 3234 3772 charius?
3255 3720 3393 3784 Quid
3424 3727 3571 3771 certe
3600 3719 3652 3771 itt
3678 3718 3986 3772 Christiana
4020 3716 4279 3787 religione

2673 3812 3058 3879 pr.cstantius,
3105 3827 3267 3878 quam
3308 3810 3558 3877 judicare
3600 3808 3867 3875 jusdtiam
3897 3849 3909 3870 ,
3968 3816 4023 3861 et
4072 3806 4278 3863 illicitis

2677 3904 2902 3958 ausibus
2934 3918 3031 3971 per
3068 3901 3293 3971 legitimi
3343 3901 3540 3971 rigoris
3566 3914 3861 3953 occurrere
3888 3896 4228 3967 disciplinam
4254 3896 4293 3951 2⁷

2674 3994 2728 4047 In
2762 4009 2869 4062 quo
2895 3994 3149 4047 nimirum
3184 4002 3237 4046 et
3270 3993 3589 4045 nocentilms
3618 4001 3905 4059 praestatur
3936 4000 3986 4043 et
4017 3986 4280 4058 patienti-

2675 4084 2794 4136 bus.
2826 4082 2934 4134 lllis
2958 4082 3183 4145 scilicet,
3224 4089 3281 4132 ut
3307 4080 3579 4134 violentiae
3626 4078 3896 4147 piaculum
3940 4095 4046 4132 non
4094 4079 4281 4131 incur-

2677 4185 2831 4237 rant;
2867 4175 2982 4227 istis
3012 4181 3218 4236 autem,
3244 4180 3301 4225 ut
3324 4171 3617 4226 discrimen
3655 4171 3963 4239 ingerenda:
3990 4171 4279 4225 calamita-

2678 4266 2746 4318 tis
2771 4264 3025 4317 evadant.
3078 4262 3187 4315 lllis
3213 4302 3226 4322 ,
3264 4271 3322 4315 ut
3352 4261 3593 4316 contenti
3638 4260 3874 4330 propriis
3898 4300 3912 4324 ,
3944 4259 4121 4314 aliena
4169 4276 4279 4314 non

2679 4355 2930 4423 rapiant;
2967 4354 3114 4413 istis,
3156 4362 3213 4403 ut
3239 4350 3449 4403 defensi
3487 4365 3633 4419 pura:
3664 4350 3908 4403 tuitionis
3940 4349 4279 4415 umbraculo,

2677 4449 2894 4517 propria
2940 4462 3045 4499 non
3097 4446 3347 4498 amitant.
3380 4444 3486 4497 Illis
3514 4484 3527 4507 ,
3574 4458 3641 4496 ne
3671 4442 3913 4496 laedendo
3944 4442 4224 4512 proximos
4258 4482 4273 4498 .
4350 4470 4362 4481 α

2677 4542 2842 4595 divini
2878 4540 3077 4593 furoris
3134 4540 3183 4591 in
3241 4552 3299 4591 se
3349 4536 3574 4602 gloriam
3607 4542 3937 4604 provocent;
3971 4535 4090 4588 istis
4118 4572 4131 4598 ,
4165 4544 4223 4588 ut
4252 4548 4283 4588 tl

2680 4634 3038 4688 nefandorum
3073 4630 3316 4698 nequitia
3359 4628 3573 4681 liberati
3601 4668 3613 4689 ,
3646 4629 3850 4695 gratias
3877 4642 4092 4695 semper
4121 4640 4287 4695 agenv

2682 4736 2792 4783 tes,
2828 4725 2881 4778 in
2906 4722 3079 4789 jubiln
3120 4722 3315 4774 divina:
3350 4720 3525 4771 laudis
3570 4718 3860 4771 exsultent.
3914 4718 4065 4783 Quod
4099 4716 4283 4786 utique

2680 4815 2899 4870 suavius
2932 4812 3258 4867 sacriﬁcium
3291 4813 3399 4864 Deo
3443 4810 3584 4863 valet
3610 4809 3791 4863 oll'erri
3820 4850 3833 4873 ,
3871 4823 4032 4877 quam
4065 4809 4131 4863 de
4162 4808 4281 4863 vio-

2681 4908 2949 4961 lentorum
3001 4905 3248 4958 manibus
3282 4902 3512 4971 pupillos
3542 4902 3755 4969 eripere
3790 4939 3804 4963 ,
3858 4900 4047 4953 viduas
4100 4898 4286 4951 defend

2680 5018 2805 5056 sare
2832 5042 2844 5063 ,
2875 5014 3167 5067 oppressos
3227 4997 3439 5065 erigere
3472 5035 3484 5058 ,
3531 4994 3793 5061 spoliatos
3853 4999 3907 5044 et
3953 4988 4193 5055 ahjectos
4228 4989 4282 5042 in

2682 5096 2916 5149 amissos
2949 5092 3149 5161 proprii
3182 5089 3323 5160 juris
3358 5088 3543 5141 titulos
3587 5083 3930 5139 reformare?
3964 5083 4096 5135 Ilinc
4136 5080 4283 5134 enim

2682 5188 3041 5254 scriptuntest
3064 5202 3107 5235 :t
3138 5180 3192 5234 lit
3218 5180 3511 5247 judicando
3532 5187 3649 5231 esto
3680 5174 3895 5245 pupillis
3925 5170 4236 5227 misericors
4263 5210 4278 5233 ,

2682 5287 2741 5330 ut
2765 5286 2938 5344 pater,
2971 5285 3024 5326 et
3054 5288 3150 5341 pro
3182 5272 3299 5325 viro
3340 5270 3499 5322 matri
3530 5268 3778 5331 illarum;
3814 5274 3868 5320 et
3899 5266 4010 5319 eris
4050 5272 4105 5317 tu
4139 5261 4283 5315 velut

2684 5369 2825 5421 ﬁlius
2852 5365 3115 5419 Altissimi
3150 5363 3406 5417 ohediens
3432 5402 3447 5425 ,
3480 5372 3535 5413 et
3573 5360 3919 5413 miserebitur
3963 5357 4037 5409 tui
4070 5355 4241 5424 magis
4265 5394 4279 5418 ,

2685 5473 2846 5527 quam
2868 5454 3242 5521 matcrUL'rcli.
3270 5453 3366 5521 tv).
3383 5472 3399 5502 ι
3427 5450 3563 5517 Quid
3589 5465 3718 5519 ergo
3734 5446 3939 5517 majus?
3960 5446 4098 5512 Quid
4117 5444 4169 5498 in
4186 5446 4277 5496 htt-

2688 5548 2862 5602 manis
2876 5547 3129 5617 operibus
3155 5544 3694 5609 excellentius,qnatn
3718 5541 3895 5607 itl,pro
3919 5553 4024 5607 quo
4039 5535 4286 5590 mortalis

2689 5639 2848 5692 homo
2874 5647 2926 5690 et
2958 5636 3051 5689 Dei
3105 5635 3245 5688 filius
3293 5633 3432 5687 fiat‘:
3469 5640 3523 5685 ct
3571 5632 3711 5685 Deus
3740 5630 3905 5700 873
3932 5629 4004 5683 illi
4052 5642 4162 5682 non
4190 5641 4286 5695 pa-

2689 5742 2876 5795 ternte,
2910 5732 3002 5783 sed
3030 5729 3171 5796 quod
3198 5726 3368 5793 majus
3397 5734 3501 5791 est,
3536 5726 3745 5778 viscera
3786 5732 4046 5777 maternte
4067 5720 4287 5791 pietati.

2688 5820 2996 5894 impendat?
3033 5819 3095 5875 Ut
3120 5818 3209 5887 qui
3245 5827 3396 5873 stans
3417 5831 3515 5888 pro
3540 5815 3758 5887 pupillis
3815 5824 3869 5868 et
3898 5810 4287 5867 viduis'advor-
