5882 6650
240 32 1899 241 -τ

2523 482 2625 541 887

2941 484 3001 540 S.
3041 484 3244 541 PETRI
3282 484 3565 541 DAMIANI
3603 484 3755 540 OPP.
3794 481 4030 540 Τοιιυε
4068 482 4201 542 SEU
4253 484 4433 543 PARS
4470 487 4559 544 III.
4583 502 4652 531 -ι-
4689 490 5051 549 OI'USCL'LA
5094 486 5343 550 \‘ARIA.’

5648 502 5738 557 ευ

2520 601 2615 643 sus
2670 590 2954 659 impiorum
3024 592 3289 660 nequitias
3342 592 3601 655 dimicat,
3652 594 3763 662 ipse
3833 604 4092 665 tanquam
4119 606 4166 664 Α
4196 596 4299 650 rini
4357 613 4479 653 cum
4526 598 4816 670 Spoletano
4863 604 5214 673 ducatu;juri
5245 621 5370 662 vero
5408 612 5621 681 proprio
5644 612 5738 669 Tu-

2518 678 2746 737 Iacteola
2780 682 2988 737 soboles
3017 683 3117 737 sub
3142 684 3555 741 confoventibus
3595 700 3655 740 se
3699 686 3896 741 divina:
3925 686 4094 756 pieta-

2520 772 2592 826 tis
2614 772 2866 828 uberibus
2892 774 3218 843 requiescat.

3134 883 3362 940 CAPUT
3399 886 3461 941 11.

2552 969 2735 1028 Sacra:
2774 972 3104 1059 Scrivturar,‘
3128 993 3191 1030 ac
3240 977 3344 1033 SS.
3392 976 3617 1061 Patruus
3660 980 3725 1035 de
3768 981 4053 1049 placandis

2938 1061 3131 1114 tmquts
3159 1063 3374 1100 εοητοη
3400 1059 3670 1102 sententia.

2584 1126 2641 1185 In
2662 1128 2987 1187 ulciscendis
3011 1133 3167 1202 plane
3192 1150 3258 1188 ac
3295 1134 3448 1204 legali
3480 1138 3769 1192 severitate
3792 1136 4091 1208 plectendis

2507 1222 2824 1277 excessibus
2864 1224 3190 1292 iniquorum,
3239 1238 3428 1280 omnes
3488 1226 3703 1282 sibimet
3760 1229 4087 1284 unanimiter

2509 1310 2825 1375 concinunt,
2842 1321 2896 1366 et
2922 1312 2973 1365 in
2994 1314 3151 1367 unius
3179 1316 3459 1369 sententia:
3485 1317 3704 1372 decreta
3728 1318 4082 1385 concurrunt,

2509 1408 2565 1452 et
2590 1397 2775 1453 Patres
2800 1386 3045 1455 videlicet
3096 1402 3229 1471 legis
3257 1406 3510 1473 antiqum,
3540 1416 3595 1460 et
3635 1410 3809 1463 sancti
3835 1410 4085 1465 doctores

2505 1488 2782 1545 Ecclesim.
2825 1492 2878 1545 In
2907 1492 3021 1562 lege
3046 1510 3275 1563 namque
3303 1498 3563 1565 scriptum
3592 1509 3677 1551 est
3705 1516 3718 1553 :
3753 1518 3772 1550 ‹
3811 1499 4081 1558 Maleficos

2503 1592 2574 1634 ne
2602 1580 2825 1648 patiaris
2864 1583 3044 1637 vivere
3078 1584 3271 1653 (Exod.
3312 1588 3503 1654 un)»
3542 1588 3914 1656 EtApostolus
3940 1590 4083 1645 inter

2505 1666 2672 1721 multa
2714 1687 2726 1720 :
2778 1688 2797 1721 ο
2833 1670 2956 1725 Sive
2984 1672 3095 1741 regi
3137 1675 3290 1742 quasi
3321 1676 3669 1743 prgeccllenti,
3699 1679 3813 1731 sive
3852 1680 4079 1737 ducibus

2500 1764 2755 1825 tanquam
2779 1759 2847 1814 ab
2868 1776 2932 1814 eo
2963 1762 3142 1816 missis
3188 1765 3254 1816 ad
3303 1766 3595 1819 vindictam
3644 1768 4073 1834 malefactorum,

2499 1840 2713 1898 Iaudem
2738 1861 2869 1902 vero
2892 1848 3157 1904 bonorum
3188 1848 3240 1919 (1
3269 1850 3411 1905 Petr.
3446 1855 3528 1922 ιι).
3562 1875 3580 1905 ι
3616 1855 4076 1927 BeatusAugusti-

4196 685 4362 740 sciam
4397 690 4710 743 reservavit.
4740 690 4906 759 Hujus
4927 701 5165 762 tempore
5188 694 5469 763 Capuauus
5490 700 5736 770 princeps,

4194 776 4238 829 si
4273 777 4375 830 rite
4408 793 4516 833 rem
4548 790 4726 846 teneo,
4774 782 4900 836 dum
4954 785 5202 840 nianibus
5234 787 5568 846 cbirothecas
5600 794 5739 849 vellet

4193 868 4479 933 adducere,
4513 871 4565 925 bi
4595 872 4685 940 qui
4732 874 4993 930 adversus
5035 891 5158 931 eum
5194 879 5650 950 conspiraverant,
5694 868 5737 940 ei

4191 960 4438 1027 pr0tinns
4466 962 4618 1030 quasi
4641 964 5060 1031 subservientes,
5089 979 5405 1036 occurrunt,
5431 989 5620 1029 manus
5637 975 5737 1043 ejus

4190 1057 4452 1120 utrasque
4501 1054 4877 1123 complodunt;
4928 1066 4984 1112 et
5034 1074 5157 1114 mox
5201 1064 5495 1133 evaginatis
5540 1065 5733 1136 gladiis.

4186 1150 4310 1191 eum
4339 1139 4731 1206 confodientes,
4761 1144 5097 1200 interimunt.
5133 1148 5282 1214 Quod
5304 1167 5446 1215 mox,
5465 1162 5521 1207 ut
5549 1154 5733 1208 incom-

4186 1230 4506 1297 parabilium
4547 1233 4803 1288 virtutum
4861 1236 5000 1300 viro,
5053 1235 5261 1309 Hugoni
5315 1242 5559 1299 videlicet
5609 1260 5735 1298 mar-

4185 1319 4386 1384 cliioni,
4411 1321 4499 1388 qui
4529 1317 4703 1375 dictus
4729 1334 4834 1388 est,
4859 1334 5108 1392 patenter
5136 1326 5381 1390 innotuit.
5409 1330 5477 1385 nil
5511 1343 5735 1386 inoratus

4183 1405 4491 1477 Capuanam
4530 1412 4719 1465 urbem
4751 1416 5054 1471 numerosis
5080 1419 5409 1475 exercituum
5451 1421 5735 1492 legionibus

4180 1496 4528 1553 circumfudit
4554 1516 4568 1553 ;
4600 1514 4828 1572 eamque
4866 1506 5047 1560 tandiu
5070 1507 5276 1565 bellicis
5300 1523 5624 1566 armatorum
5651 1528 5731 1568 eo-

4180 1586 4282 1656 piis
4305 1602 4615 1659 expugnare
4650 1607 4753 1647 non
4805 1593 5033 1660 destitit,
5064 1597 5235 1654 donec
5270 1615 5335 1655 ex
5374 1615 5437 1656 ea
5466 1602 5735 1657 victoriam

4178 1689 4397 1746 caperet
4418 1689 4473 1734 et
4501 1682 4876 1740 interfectores
4912 1687 5110 1743 domini
5149 1690 5230 1744 sui
5255 1691 5413 1761 digno
5453 1692 5599 1747 necis
5620 1708 5731 1762 sup-

4180 1770 4337 1838 plicio
4355 1771 4667 1828 trucidaret.
4694 1775 4773 1830 De
4791 1791 4899 1845 quo
4924 1778 5178 1833 nimirum
5200 1790 5255 1835 et
5270 1780 5370 1834 alia
5396 1788 5471 1835 tot
5491 1781 5729 1836 virtutum

4179 1858 4407 1927 insignia
4435 1859 4764 1927 referuntur,
4794 1873 4853 1919 ut
4893 1866 5202 1934 prolixitate
5239 1878 5529 1938 temporum
5558 1870 5727 1938 splen-

2498 1948 2603 1989 nus
2633 1935 2709 1988 ait
2742 1953 2756 1990 :
2791 1955 2809 1987 ι
2854 1936 2983 2003 Quae
3010 1951 3091 1993 cst
3137 1942 3345 1993 vanitas
3393 1944 3482 1997 uni
3532 1959 3772 2013 parcere,
3805 1956 3857 1999 et
3885 1962 4073 2001 onmes
4106 1950 4149 2009 Β
4176 1948 4298 2001 dida
4330 1950 4561 2006 nominis
4601 1951 4717 2019 ejus
4753 1952 4899 2009 fama
4945 1955 5145 2011 aboleri
5194 1935 5487 2014 nullatenus
5535 1935 5726 2022 valeat;

2498 2025 2552 2079 in
2578 2027 2867 2083 discrimen
2896 2030 3196 2086 adducere?
3224 2032 3537 2107 Polluuntur
3555 2037 3699 2090 enim
3727 2053 3935 2103 omnes,
3966 2054 4073 2093 uno
4100 2080 4105 2087 .

2496 2125 2773 2183 peccante.
2813 2137 2833 2170 ι
2863 2118 2927 2172 Ει
2960 2118 3318 2191 Hieronymus
3349 2141 3363 2178 :
3401 2143 3419 2175 ι
3456 2123 3555 2191 Qui
3603 2128 3836 2193 percutit
3879 2130 4069 2191 malus.

2495 2202 2691 2273 inquit,
2723 2206 2774 2260 in
2803 2222 2867 2262 eo
2888 2210 3029 2276 quod
3061 2211 3187 2265 mali
3215 2222 3355 2273 sunt,
3383 2224 3435 2268 et
3466 2215 3625 2268 liabet
3653 2232 3874 2271 causam
3904 2219 4072 2273 inter—

2494 2292 2761 2359 fcctionis,
2788 2302 3128 2368 ntpercutiat
3156 2304 3444 2370 pessimos,
3492 2308 3739 2363 minister
3780 2310 3873 2364 Dei
3904 2322 4007 2367 est.
4044 2333 4063 2365 ι

2492 2382 2622 2439 Item
2650 2384 2773 2441 alibi
2804 2406 2817 2443 :
2856 2407 2875 2439 ι
2910 2388 3219 2447 Homicidas
3270 2401 3325 2447 et
3368 2396 3664 2467 sacrilegos
3704 2401 3927 2467 punire,
3961 2419 4067 2458 non

2487 2484 2572 2531 est
2613 2474 2804 2545 effusio
2854 2483 3151 2552 sanguinis.
3190 2503 3210 2535 ι
3242 2486 3309 2539 Ει
3354 2487 3543 2543 beatus
3590 2491 3665 2543 ait
3706 2492 4061 2551 Ambrosius:

2494 2566 2763 2625 tHostem
2794 2569 2959 2627 ferire
2987 2575 3213 2632 victoria
3253 2587 3354 2642 est,
3410 2596 3559 2635 reum
3604 2583 3861 2653 :equitas,
3907 2586 4064 2643 inno-

2487 2669 2699 2713 centeni
2728 2662 3095 2718 homicidium.
3126 2685 3146 2718 ι
3179 2666 3328 2733 Quod
3348 2654 3597 2738 profecto
3626 2676 3797 2729 sancti
3832 2677 3897 2731 de
3930 2676 4063 2732 infe-

2483 2748 2653 2801 remla
2696 2750 2871 2820 impiis
2914 2752 3116 2808 ultione
3168 2771 3275 2811 non
3331 2760 3591 2823 dicercnt,
3645 2765 3747 2819 nisi
3780 2770 4064 2836 corporale

2481 2838 2805 2906 supplicium
2836 2842 2997 2898 etiam
3026 2845 3309 2902 animabus
3340 2864 3528 2907 eorum
3566 2854 3914 2925 aliquatenus
3942 2875 4061 2916 cre-

2477 2926 2675 2982 derent
2708 2928 3069 2997 profuturum.
3099 2935 3176 2989 De
3228 2952 3334 3005 quo
3364 2941 3646 3009 nimirum,
3676 2948 3895 3003 omissis
3924 2950 4064 3005 intc-

2479 3017 2584 3070 rim
2612 3018 2751 3084 aliis,
2768 3021 2903 3110 quid
2943 3023 3175 3093 Cyrillus
3205 3026 3731 3103 Hicrosolymitanus
3776 3039 4061 3110 episcopus

2479 3108 2735 3172 senserit,
2764 3109 3001 3164 breviter
3042 3113 3343 3171 inseramus
3375 3138 3388 3173 :
3432 3138 3450 3171 ι
3488 3121 3654 3187 Mors,
3686 3124 3889 3195 inquit,
3940 3108 4060 3199 qua:

2476 3208 2653 3264 paena:
2678 3212 2840 3254 causa
2871 3198 3101 3255 infertur
3145 3218 3245 3272 pro
3272 3218 3517 3275 peccato,
3553 3216 3804 3283 purgatio
3824 3227 3908 3271 est
3935 3198 4057 3288 pec-

4175 2032 4267 2094 sed
4290 2042 4440 2107 quasi
4464 2042 4647 2097 virens
4680 2058 4896 2114 semper
4933 2061 5001 2100 ac
5027 2045 5242 2110 ﬂorens,
5277 2048 5327 2101 in
5348 2062 5439 2103 ore
5462 2048 5727 2103 hominum

4174 2130 4487 2185 soleiuuiter
4510 2133 4670 2187 vivat.
4712 2134 4751 2187 E
4777 2136 4972 2205 quibus
5002 2146 5056 2191 et
5090 2150 5188 2192 nos
5213 2138 5449 2192 scribere
5484 2137 5727 2192 nonnulla

4172 2234 4479 2288 possumus,
4504 2238 4623 2292 quae
4669 2223 4847 2278 forent
4886 2225 5226 2280 mdificatioui
5253 2241 5525 2297 procerum
5553 2225 5723 2298 premo

4174 2315 4319 2370 tura;
4352 2311 4444 2363 sed
4467 2312 4592 2379 quia
4622 2312 4746 2365 dum
4774 2313 4928 2367 nobis
4975 2313 5305 2379 dicerentur,
5333 2316 5532 2385 singula
5556 2325 5726 2385 gesto-

4168 2415 4287 2453 rum
4312 2402 4469 2456 verba
4495 2414 4681 2458 uolare
4710 2404 5067 2475 neglexinms,
5096 2423 5162 2461 ne
5193 2409 5332 2477 quod
5362 2408 5521 2475 absit,
5551 2408 5723 2479 aliquo

4167 2489 4417 2547 fallamur
4472 2496 4524 2549 in
4554 2498 4737 2562 verbo,
4772 2499 5054 2553 scribenda
5098 2499 5212 2554 lucc
5257 2501 5375 2555 aliis
5411 2502 5718 2571 delegamus.

4164 2578 4337 2636 Breve
4363 2592 4563 2650 tamen,
4593 2589 4733 2655 quod
4758 2589 4935 2642 audivi
4964 2591 5027 2643 de
5060 2591 5245 2657 puerili
5275 2591 5389 2659 ejus
5417 2602 5594 2657 suate,
5624 2606 5721 2645 non

4167 2680 4335 2726 taceo.
4360 2673 4593 2730 Obertus
4622 2676 4900 2747 [chrtns,
4926 2688 4971 2731 et
4997 2679 5247 2734 Albertus
5292 2679 5467 2753 etiam]
5494 2681 5721 2736 marcido

4161 2778 4316 2834 pater
4340 2768 4456 2838 ejus
4488 2768 4726 2839 llugonis
4757 2772 4897 2840 regis
4923 2772 5185 2826 naturalis
5212 2772 5350 2825 filius
5376 2774 5610 2838 exstitit;
5637 2772 5717 2842 qui

4162 2856 4412 2909 nimirum
4450 2855 4680 2911 Guillatn
4732 2856 4995 2930 [Willam]
5036 2860 5255 2931 majoris
5299 2859 5552 2915 Bunifacii
5590 2877 5721 2916 mar-

4160 2945 4367 2998 cliiouis
4397 2944 4579 3010 tiliam,
4612 2948 4877 3016 conjugali
4922 2948 5023 3002 sibi
5066 2948 5265 3002 findere
5309 2947 5588 3017 copulavit.
5628 2949 5719 3004 llic

4160 3050 4266 3087 non
4295 3034 4466 3089 multo
4500 3045 4619 3105 post
4658 3036 5080 3106 indignationem
5126 3038 5279 3107 primi
5316 3037 5526 3092 Ottouis
5561 3038 5721 3108 impe-

4159 3126 4357 3180 ratoris
4389 3126 4637 3193 incurrit,
4686 3142 4749 3181 ac
4779 3126 5004 3182 subinde
5042 3128 5222 3183 relicta
5254 3129 5493 3199 conjuge,
5517 3128 5719 3184 Panno-

4159 3218 4303 3270 niam
4335 3216 4593 3288 profugns
4644 3216 4933 3273 exsulavit.
4958 3217 5057 3284 Qui
5088 3234 5209 3273 cum
5256 3217 5409 3289 longo
5438 3228 5554 3288 post
5591 3229 5718 3273 tein-

2473 3288 2583 3340 cati
2615 3288 2802 3356 ipsius,
2834 3306 2932 3360 pro
2977 3306 3084 3361 quo
3129 3292 3355 3363 jubetur
3404 3300 3612 3356 inferri.
3658 3324 3677 3357 ι
3741 3307 4053 3365 Absolvitur
4082 3290 4125 3353 (ἶ
4154 3320 4285 3374 pore
4334 3314 4663 3375 resunipttIS.
4706 3305 4759 3358 in
4810 3306 5039 3375 8mm"!
5091 3305 5282 3371 rediit.
5341 3288 5562 3360 ωειινειη
5598 3322 5718 3361 cum

2473 3390 2603 3445 ergo
2652 3390 2930 3445 peccatum
2982 3398 3081 3451 per
3123 3400 3339 3455 poenam
3390 3394 3611 3460 mortis;
3655 3412 3755 3451 nec
3806 3411 4052 3469 superest

2474 3464 2699 3535 aliquid,
2728 3472 2871 3538 quod
2901 3486 2999 3540 pro
3027 3473 3130 3529 hoc
3158 3478 3389 3534 crimine
3424 3481 3612 3551 judicii
3641 3487 3776 3552 dies,
3808 3464 4051 3560 et-pcena

2471 3556 2662 3610 aeterni
2712 3558 2849 3628 ignis
2912 3561 3167 3619 inveniat.
3238 3566 3340 3624 Ubi
3413 3572 3537 3641 quis
3600 3576 3801 3644 accipit
3855 3556 4049 3648 pecca-

2473 3653 2627 3741 tum,
2683 3658 2738 3702 et
2782 3650 2943 3741 habet
3001 3654 3131 3709 illud
3174 3671 3395 3725 secum,
3454 3678 3554 3719 nec
3615 3666 3796 3737 aliquo
3844 3672 4049 3741 suppli-

2466 3733 2556 3789 cio
2598 3749 2866 3805 paenaque
2909 3740 3151 3809 diluitur,
3205 3749 3396 3802 transit
3441 3753 3604 3807 etiam
3655 3733 3775 3810 cum
3814 3772 3881 3813 eo
3909 3733 4047 3829 post

2466 3835 2722 3886 mortem.
2740 3838 2795 3881 et
2821 3830 2943 3897 quia
2974 3835 3286 3904 temporalia
3306 3838 3394 3892 iiic
3418 3855 3525 3895 non
3541 3845 3819 3911 persolvit,
3847 3863 4047 3918 expen-

2463 3914 2557 3970 det
2577 3927 2776 3971 mterna
2806 3922 3085 3990 supplicia.
3115 3923 3277 3981 Vides
3326 3944 3457 3999 ergo
3484 3946 3689 4001 quanto
3733 3914 3951 4007 gravius
3975 3940 4044 3996 sit

2462 4008 2714 4076 accipere
2736 4025 3036 4078 peccatum,
3074 4031 3233 4084 quam
3279 4030 3454 4074 morte
3484 4024 3735 4079 multari?
3766 4026 3863 4083 Hie
3897 4031 4042 4084 enim

2463 4112 2614 4153 mors
2638 4114 2735 4167 pro
2759 4103 2992 4158 vindiCta
3013 4105 3176 4159 datur
3197 4116 3254 4161 et
3280 4114 3418 4178 apud
3452 4113 3654 4180 justum
3675 4116 3912 4185 judicent
3938 4138 4041 4190 non

2458 4183 2739 4255 iudicatur
2762 4189 2843 4244 bis
2875 4192 2926 4244 in
2953 4192 3205 4263 idipsum.
3235 4197 3338 4253 Ubi
3368 4209 3549 4256 autem
3567 4183 3776 4261 nonest
3806 4186 4041 4264 solutum

2462 4278 2698 4332 vindicta
2762 4292 3067 4347 peccatum.
3104 4294 3287 4342 manet
3312 4291 3533 4345 aternis
3589 4292 3803 4363 ignibus
3837 4298 4042 4353 exstin-

2460 4368 2751 4435 guendum.
2807 4369 3011 4436 Quibus
3040 4374 3225 4444 utique
3268 4380 3441 4432 sancti
3472 4381 3573 4435 viri
3605 4386 3787 4441 verbis
3825 4386 4041 4443 indubi-

2462 4464 2645 4511 tanter
2676 4462 2957 4525 asseritur,
2982 4464 3105 4530 quia
3144 4481 3242 4534 per
3280 4471 3627 4539 temporalem
3670 4490 3887 4544 poenam
3916 4495 4039 4535 reus

2459 4544 2760 4600 absolvitur
2786 4558 2840 4603 et
2868 4566 2962 4619 per
2995 4553 3388 4612 immunitatem
3410 4563 3600 4618 aeterni
3630 4567 3873 4637 supplicii
3904 4587 4032 4626 cru-

2458 4635 2695 4692 ciatibus
2727 4651 3053 4696 reservatur.

3068 4755 3296 4811 CAPUT
3335 4758 3418 4813 llI.

2527 4836 2769 4909 (lagonis
2794 4842 2944 4897 ducis
2984 4826 3187 4968 Tusci:
3213 4850 3490 4914 prudentia
3533 4854 3587 4906 in
3615 4860 3961 4916 renuntiando

3173 4929 3351 4968 υεαω.

3173 4929 3351 4973 ucatu.

2528 4996 2597 5053 Ut
2629 5008 2809 5054 autem
2830 5002 3183 5059 domesticum
3208 5008 3325 5073 tibi,
3353 5010 3453 5071 vel,
3482 5021 3540 5065 ut
3580 5013 3650 5067 ita
3679 5014 3885 5085 loquar,
3911 5033 4025 5075 ver-

2454 5090 2705 5142 naculum
2732 5092 3067 5158 pmbeamus
3092 5099 3421 5167 exemplum,
3452 5116 3609 5157 nemo
3627 5105 3817 5161 melius
3833 5123 4025 5163 occur-

2454 5176 2547 5239 rit,
2578 5191 2738 5244 quam
2764 5179 3007 5248 gloriosae
3046 5188 3316 5242 memoria:
3344 5188 3497 5261 Hugo
3526 5192 3634 5245 dux
3682 5204 3734 5248 et
3762 5199 4023 5264 marcbio,

2448 5266 2545 5335 qui
2574 5281 2719 5333 eum,
2739 5285 2844 5338 quo
2868 5282 2919 5325 tu
2949 5288 3088 5330 nunc
3111 5274 3367 5349 fungeris,
3383 5283 3617 5339 obtinuit
3639 5288 4021 5356 principatum.

2449 5354 2714 5424 Obtinuit,
2780 5360 3021 5430 inquam,
3049 5374 3328 5438 utramque
3368 5354 3737 5431 monarchi‘am
3783 5354 3848 5449 [Ϊ.
3880 5396 4022 5433 mar-

2446 5448 2681 5518 cbiam],
2727 5460 2781 5505 et
2823 5467 2985 5522 quam
3031 5454 3367 5525 Tyrrhenum
3412 5464 3687 5533 videlicet,
3744 5448 3799 5523 et
3855 5486 4019 5539 quam

2448 5551 2601 5591 mare
2628 5541 2960 5597 Adriaticum
2987 5545 3161 5601 alluit.
3204 5546 3309 5604 Sed
3343 5566 3462 5607 cum
3492 5559 3867 5625 perpenderet,
3892 5564 4016 5632 quia

2444 5629 2614 5702 874
2637 5643 2855 5703 propter
2876 5635 3271 5706 improbitatem
3301 5643 3497 5714 injuste
3534 5649 3850 5719 viventium,
3875 5629 4017 5709 stre-

2448 5733 2552 5773 nue
2577 5732 2764 5791 regere
2788 5731 3069 5794 utramque
3094 5744 3202 5783 non
3237 5743 3437 5800 posset,
3469 5735 3725 5793 ultronea:
3750 5744 4020 5798 renuntia-

2450 5808 2608 5865 tionis
2638 5814 2883 5875 arbitrio,
2906 5818 3069 5875 cessit
3096 5820 3407 5889 imperatori
3433 5831 3803 5887 monarcliiam
3829 5834 4015 5889 Came-

4154 3399 4531 3467 grandiuscula
4549 3398 4661 3468 jam
4684 3398 4834 3467 prole
4854 3400 5152 3467 reperiens,
5173 3400 5464 3455 admiratus
5484 3402 5719 3471 expavit.

4156 3488 4323 3557 Negat
4352 3492 4511 3544 homo
4537 3506 4595 3545 se
4620 3494 4867 3564 genuisse
4884 3533 4897 3555 ,
4945 3507 5102 3561 quem
5128 3493 5411 3561 conspicit,
5435 3501 5486 3547 et
5511 3492 5712 3564 zeloty-

4154 3583 4255 3651 pitc
4280 3593 4558 3651 permotus
4582 3584 4804 3647 invidia,
4836 3586 4956 3637 feta:
4977 3582 5187 3637 mulieri
5210 3583 5496 3639 obscenum
5512 3583 5709 3638 crimen

4153 3671 4416 3735 intendit;
4455 3686 4791 3741 nequaquam
4832 3686 4891 3726 se
4921 3683 5030 3725 tam
5057 3673 5339 3741 insperata:
5362 3672 5435 3725 rei
5477 3672 5713 3741 perbibet

4150 3762 4453 3827 conscium;
4509 3759 4767 3815 diffitetur
4824 3777 4883 3816 se
4931 3763 5296 3831 conceptionis
5352 3761 5507 3829 hujus
5559 3775 5711 3817 nosse

4149 3849 4487 3919 mysterium,
4512 3865 4610 3903 nec
4634 3865 4792 3919 posse
4819 3850 4932 3904 fieri
4962 3860 5020 3903 ut
5045 3866 5105 3906 se
5141 3859 5346 3905 asserat
5392 3861 5599 3921 patrem
5621 3851 5707 3921 qui

4146 3948 4513 4008 praegnantem
4544 3955 4648 3993 non
4679 3940 4897 4009 reliquit
4926 3955 5167 3997 uxorem.

4769 4051 4996 4107 CAPUT
5030 4052 5119 4107 IV.

4145 4139 4339 4195 Cuium
4362 4142 4546 4196 matris
4576 4139 4815 4264 litiganti:
4851 4126 5143 4263 innocentia
5171 4144 5410 4213 jucunda
5458 4143 5700 4198 miraculo

4801 4228 4857 4264 ec
4880 4224 5082 4264 aratur.

4801 4224 5082 4265 εειαναιιιν.

4213 4299 4292 4353 Ad
4317 4300 4417 4355 hoc
4448 4298 4661 4353 tandem
4707 4315 4794 4354 res
4840 4300 5039 4355 diutius
5068 4302 5320 4356 ventilata
5357 4303 5697 4371 protrahitur,

4142 4401 4199 4445 ut
4222 4408 4325 4446 non
4349 4391 4527 4455 aliter,
4559 4406 4720 4460 quam
4749 4405 4846 4460 per
4876 4404 5010 4447 acta:
5030 4391 5421 4448 ourificationis
5449 4394 5694 4448 iudicium

4142 4492 4249 4537 tam
4273 4484 4453 4554 gravis
4483 4482 4715 4549 obiectio
4742 4482 5003 4553 sopiatur.
5054 4482 5165 4539 Hoc
5196 4485 5356 4556 igitur
5380 4500 5450 4539 ex
5479 4495 5695 4556 utraque

4138 4586 4290 4644 parte
4311 4576 4583 4638 convenit,
4611 4584 4668 4629 ut
4716 4577 4768 4628 in
4793 4586 4937 4630 vasta
4973 4577 5204 4646 quadam
5249 4576 5583 4646 amplissimae
5604 4579 5696 4631 do-

4139 4680 4259 4719 mus
4287 4679 4411 4720 area
4437 4674 4735 4717 conventus
4761 4665 5131 4735 religiosarum
5155 4664 5306 4719 fieret
5332 4679 5689 4735 personarum.

4137 4756 4342 4821 Quibus
4398 4756 4652 4810 nimirum
4704 4756 4756 4809 in
4788 4756 5059 4811 subselliis
5100 4761 5211 4811 suis
5250 4758 5477 4826 undique
5524 4757 5693 4813 cousi-

4134 4846 4409 4911 dentibus,
4434 4860 4569 4916 puer
4614 4844 4762 4901 solus
4798 4846 4850 4900 in
4894 4848 5069 4902 medio
5107 4858 5424 4916 poneretur;
5453 4850 5569 4905 etsi
5598 4863 5689 4919 pa-

4133 4947 4289 4999 trem,
4313 4951 4475 5005 quem
4506 4950 4779 5005 nunquam
4808 4944 4969 4991 antea
5007 4938 5227 5000 viderat,
5258 4938 5440 4993 adiens
5468 4947 5686 5008 peteret,

4129 5028 4199 5082 ab
4218 5029 4367 5083 omni
4393 5028 4583 5098 procul
4614 5028 4778 5083 dubio
4824 5041 5051 5083 matrem
5093 5030 5395 5098 suspicione
5417 5042 5683 5106 purgaret.

4133 5121 4271 5187 Quid
4293 5120 4483 5189 plura?
4513 5119 4849 5174 Conveniunt
4868 5121 5168 5190 pontifices,
5196 5122 5389 5175 adsunt
5408 5136 5527 5176 cum
5574 5137 5683 5177 mo-

4131 5209 4318 5263 nachis
4355 5220 4410 5263 et
4434 5209 4723 5263 abbatibus
4764 5208 5035 5265 inferioris
5080 5210 5242 5263 etiam
5268 5211 5471 5266 ordinis
5507 5226 5681 5265 sacer-

4129 5298 4315 5359 dotes;
4348 5296 4526 5359 fletur,
4556 5296 4812 5366 gemitur,
4843 5299 5164 5367 suspiratur,
5196 5299 5264 5353 ad
5293 5298 5484 5353 malum
5504 5299 5678 5354 oculos

4127 5385 4362 5455 erigunt,
4385 5386 4578 5455 pugnis
4600 5397 4817 5455 pectora
4841 5398 5027 5442 maesta
5051 5388 5399 5452 contundunt,
5424 5387 5677 5458 proﬂuen-

4130 5474 4271 5527 tibus
4327 5474 4585 5545 lacrymis
4638 5476 4817 5530 tristia
4866 5492 4958 5531 ora
5025 5476 5369 5547 perfundunt.
5425 5479 5680 5534 Dimissus

4127 5564 4308 5633 itaque
4329 5579 4461 5634 puer
4483 5567 4536 5621 in
4568 5565 4732 5637 875
4774 5570 4949 5621 medio
4972 5568 5091 5623 sine
5128 5577 5341 5639 papate,
5369 5572 5447 5624 vel
5472 5570 5667 5641 gerula,

4127 5656 4290 5725 cmpit
4315 5657 4425 5718 ire;
4457 5667 4513 5711 et
4540 5672 4662 5711 cum
4688 5665 4842 5726 pater
4864 5659 5074 5713 sederet
5100 5660 5239 5715 inter
5264 5660 5465 5729 vulgus,
5490 5674 5586 5716 nec
5603 5662 5667 5716 ab

4125 5746 4246 5801 aliis
4294 5748 4572 5803 videretur
4606 5748 4713 5803 ulla
4768 5749 5005 5804 subsellii
5056 5752 5315 5806 varietate
5366 5752 5659 5815 distinctus;

4126 5839 4447 5908 contemptis
4474 5838 4745 5905 omnibus,
4776 5854 4909 5910 puer
4938 5840 5005 5895 ad
5032 5856 5153 5896 eum
5200 5842 5472 5912 signautcr
5497 5855 5665 5898 acces-
