5882 6622
1011 413 1125 470 829

1658 410 1900 469 OPL‘SC.
1928 413 2081 468 LVII.
2123 443 2190 454 -—
2219 413 2307 468 DE
2364 409 2656 466 PRINCIP.
2699 408 2921 466 OFFIC.
2970 408 3036 464 IN
3082 405 3328 466 COEBC.
3365 402 3644 461 IMPROB.

4189 404 4297 458 830

1013 522 1090 576 sit
1117 519 1274 590 eique
1315 529 1568 588 tanquam
1609 523 1892 577 notissima
1924 521 2291 576 familiaritate
2333 522 2604 576 blanditus
2629 522 2683 583 Α
2707 537 2866 577 omen
2909 524 2942 576 ii
2973 523 3315 591 qufaderant
3356 520 3660 582 crederent,
3699 516 4020 586 signumque
4043 518 4146 571 hoc
4177 531 4302 572 csse

1011 612 1266 667 adhaesit.
1313 613 1403 668 Sic
1451 613 1633 681 itaque
1679 613 1930 668 liberavit
1975 621 2223 676 matrem,
2255 613 2380 666 dum
2419 612 2602 665 divino

1009 711 1343 772 provocatus
1395 703 1672 767 instinctu,
1723 704 1878 773 petiit
1926 703 2247 772 genitorem.
2293 703 2406 757 Hoc
2440 703 2602 770 igitur

1009 793 1175 846 modo
1202 794 1360 846 matri
1386 793 1630 848 confusio
1659 794 1885 856 tollitur,
1910 794 2047 863 patri
2080 794 2220 847 ﬁlius
2251 794 2517 856 redditur,
2544 803 2600 848 et

1008 881 1299 950 utriusque
1323 883 1561 950 parentis
1612 883 1834 938 affectus
1871 898 1999 951 erga
2023 898 2081 937 se
2114 884 2343 938 invicem
2375 884 2426 935 in
2450 897 2600 937 com-

1008 972 1164 1026 muni
1200 974 1382 1027 sobole
1423 977 1768 1028 reformatur.
1795 974 1995 1029 Omnes
2039 990 2169 1044 ergo
2224 977 2312 1042 qui
2348 975 2598 1038 aderant,

1011 1070 1169 1115 tanto
1214 1065 1498 1133 stupefacti
1545 1065 1827 1130 miraculo,
1856 1065 2038 1118 votiva
2075 1065 2273 1118 mentis
2301 1063 2600 1132 conjubila-

1013 1153 1164 1206 tione
1193 1162 1249 1207 et
1275 1153 1468 1225 dignas
1481 1155 1687 1210 auctori
1718 1154 1826 1208 Deo
1847 1155 2050 1223 gratias
2074 1154 2392 1218 referentes,
2418 1153 2600 1206 exsul-

913 1231 920 1238 ’
1015 1249 1152 1294 tant.

1085 1329 1184 1384 Hic
1205 1339 1465 1400 praeterea
1495 1345 1637 1399 saepe
1654 1330 1780 1384 dum
1807 1332 2096 1400 cquitaret,
2121 1332 2375 1386 comitum
2397 1346 2598 1386 cuneos

1009 1429 1133 1488 post
1152 1435 1210 1474 se
1232 1421 1505 1474 dimittere
1549 1432 1932 1485 consueverat,
1958 1430 2012 1473 et
2049 1421 2127 1474 vel
2169 1420 2337 1484 solus,
2376 1420 2459 1473 vel
2489 1435 2596 1473 uno

1009 1517 1301 1564 contentus
1324 1508 1550 1574 assecla,
1583 1508 1794 1580 longius
1830 1509 2199 1580 praecedebat;
2237 1519 2290 1564 et
2315 1518 2438 1564 tunc
2455 1511 2594 1579 agri-

1007 1597 1179 1662 colas,
1212 1599 1295 1654 vel
1318 1599 1583 1668 opiliones
1609 1601 1694 1656 his
1735 1599 2097 1670 compellabat
2149 1599 2419 1654 all'atibus.
2455 1600 2594 1667 Quid

1007 1688 1186 1752 vobis,
1217 1689 1414 1760 inquit,
1451 1691 1761 1747 videtur-de
1806 1690 2124 1746 marchione
2167 1691 2294 1756 isto,
2324 1705 2484 1760 quem
2515 1692 2595 1745 di-

1007 1780 1178 1833 cunt?
1229 1779 1480 1849 Nunquid
1531 1797 1638 1836 non
1695 1781 1931 1838 crudelis
1968 1791 2024 1836 et
2053 1782 2276 1852 impius,
2325 1797 2593 1852 pauperes

2705 611 3091 682 recuperandae
3118 608 3329 672 salutis,
3365 610 3564 662 erectis
3601 608 3654 660 in
3681 622 3829 675 spem
3880 609 4165 673 cordibus,
4203 622 4303 661 au-

2705 709 2997 766 tumarent,
3020 699 3182 769 paulo
3221 708 3340 768 post
3372 699 3484 767 ipse
3515 698 3802 752 defunctus
3827 707 3931 751 est.

2773 791 2870 846 llic
2895 804 3156 860 praeterea
3188 803 3281 844 sex
3311 786 3569 858 [septem]
3603 786 3932 840 monasteria
3966 785 4019 839 in
4049 785 4130 839 sui
4153 783 4303 856 juris

2700 883 3044 952 possessione
3093 879 3420 942 carnstruxit,
3453 892 3572 947 quae
3603 891 3711 931 non
3763 877 3925 931 modo
3971 879 4192 946 prmdiis
4233 890 4303 933 ac

2701 970 2986 1038 mancipiis
3005 1008 3021 1032 ,
3051 967 3144 1022 sed
3172 981 3226 1021 et
3252 967 3450 1027 aureis,
3478 975 3533 1020 et
3566 965 3841 1035 argenteis
3864 964 4029 1028 vasis,
4060 967 4296 1022 diversis

2700 1063 2865 1116 etiam
2899 1061 3289 1116 ecclesiasticis
3317 1057 3922 1126 ornamentis,.mpiosa
3967 1055 4295 1113 liberalitate

2701 1152 2910 1206 ditavit.
2939 1150 2996 1204 ln
3025 1165 3258 1218 quorum
3306 1164 3434 1211 uno,
3464 1146 3760 1202 venerabili
3788 1145 4036 1200 videlicet
4097 1162 4160 1200 ac
4205 1162 4295 1201 re-

2699 1240 2913 1311 ligioso,
2937 1239 3082 1308 quod
3111 1238 3178 1292 ad
3200 1239 3462 1292 honorem
3493 1237 3587 1290 Dei
3638 1233 4038 1309 genitricisest
4072 1234 4124 1287 in
4168 1233 4294 1290 Flo-

2701 1328 2916 1382 rentina
2947 1328 3079 1381 urbe
3121 1335 3528 1390 constructum,
3563 1325 3713 1399 jacet
3751 1323 3986 1380 cadaver
4027 1325 4145 1394 ejus
4191 1326 4294 1380 hu-

2700 1427 2932 1474 matum.
2977 1418 3141 1486 Cujus
3167 1418 3375 1472 obitum
3408 1432 3532 1472 cum
3557 1419 3863 1487 Augustus,
3895 1419 3986 1489 qui
4019 1427 4148 1471 tunc
4189 1415 4292 1469 ha-

2697 1512 2866 1566 benas
2891 1510 3116 1564 Romani
3142 1509 3365 1580 regebat
3396 1511 3607 1581 imperii
3631 1551 3643 1573 ,
3671 1510 3798 1566 Otto
3820 1512 4072 1566 videlicet
4099 1509 4293 1564 tertius

2698 1603 3037 1673 agnovisset,
3088 1602 3214 1670 quia
3263 1601 3537 1670 quondam
3584 1601 3849 1656 adversus
3895 1617 4020 1656 eum
4067 1599 4291 1655 stimulo

2699 1691 3049 1752 mordebatur
3078 1689 3315 1752 invidiae,
3336 1690 3580 1758 protinus
3606 1690 3660 1744 in
3691 1690 3831 1745 hanc
3859 1705 4041 1745 vocem
4061 1704 4292 1760 congrac

2698 1783 3027 1839 tulabundus
3051 1784 3230 1853 erupit
3259 1801 3272 1838 ε
3305 1780 3594 1850 «Laqueus
3631 1782 3900 1837 contritus
3939 1791 4023 1837 est
4046 1822 4060 1846 ,
4106 1791 4162 1836 et
4189 1797 4292 1837 nos

1005 1870 1288 1940 opprimit,
1314 1881 1516 1926 terram
1536 1872 1832 1940 dissipatet
1856 1881 2048 1928 cuncta
2075 1874 2299 1928 ditionis
2321 1888 2432 1928 sum
2453 1875 2592 1928 bona
2623 1857 2669 1916 Β
2697 1875 2912 1931 liberati
2963 1890 3151 1930 sumus
3200 1871 3392 1946 (Psal.
3435 1890 3602 1928 cum
3627 1875 3664 1943 ).
3702 1893 3721 1926 ι
3757 1875 3865 1929 Sed
3906 1873 4068 1943 paulo
4121 1882 4276 1943 post,

1005 1958 1292 2031 proﬂigati
1318 1962 1398 2016 Ad
1425 1964 1569 2032 quod
1599 1963 1678 2017 illi
1711 1981 1725 2016 :
1759 1963 1938 2028 Absit,
1976 1964 2147 2030 aiunt,
2194 1964 2364 2030 absit;
2399 1964 2592 2019 falsum

1005 2057 1093 2103 est
1125 2052 1362 2119 penitus,
1388 2067 1422 2106 o
1451 2053 1634 2118 homo,
1673 2054 1816 2123 quod
1849 2053 2109 2123 loqueris.
2157 2054 2274 2110 Non
2320 2065 2402 2110 est
2443 2057 2592 2111 enim

1004 2148 1251 2208 potestas
1283 2143 1411 2198 talis
1439 2158 1605 2212 super
1630 2151 1853 2209 terram,
1880 2160 2000 2214 qua:
2022 2146 2102 2199 sic
2130 2147 2400 2202 violentiis
2425 2157 2479 2202 et
2507 2164 2594 2202 ra-

1005 2227 1151 2298 pinis
1197 2232 1488 2295 abstineat,
1530 2250 1650 2302 quae
1698 2235 1752 2288 in
1803 2244 1952 2289 tanta
2004 2251 2137 2305 pace
2198 2248 2253 2292 et
2299 2241 2593 2295 securitate

1006 2319 1309 2386 subjectum
1343 2320 1442 2376 sibi
1468 2323 1725 2392 populum
1749 2331 1919 2394 regat.
1955 2324 2111 2380 Vivat
2138 2335 2413 2395 optamus,
2445 2330 2595 2383 vivat

1006 2406 1100 2462 illa
1127 2419 1367 2478 potestas
1397 2412 1460 2466 ad
1487 2411 1750 2483 refugium
1777 2428 2094 2482 pauperum,
2120 2405 2592 2486 pr'osperejloreat

1006 2499 1078 2553 ad
1102 2501 1345 2554 omnium
1398 2504 1702 2558 custodiam
1747 2503 2133 2572 subjectorum.
2167 2508 2321 2574 Quod
2350 2509 2440 2564 ille
2490 2525 2588 2563 au-

1005 2588 1186 2654 diens,
1226 2591 1540 2647 exsultabat
1588 2593 1641 2647 in
1685 2594 1936 2650 Domino.
1969 2594 2116 2650 Unde
2159 2613 2301 2666 saepe
2327 2598 2585 2654 dicebat:

1005 2678 1064 2736 In
1088 2686 1238 2734 tanta
1267 2682 1386 2735 volo
1438 2698 1656 2753 semper
1705 2699 1832 2754 erga
1885 2687 2175 2755 subjectos,
2221 2698 2274 2743 et
2320 2690 2590 2760 prmeipue

1003 2771 1262 2836 rusticos,
1293 2775 1710 2829 mansuetudine
1742 2777 1948 2845 vivere,
1987 2788 2040 2831 ut
2079 2794 2317 2846 annona,
2356 2797 2475 2850 quae
2497 2799 2592 2837 ca-

1001 2859 1135 2916 balli
1158 2863 1262 2916 mei
1289 2865 1531 2920 rodentis
1555 2879 1649 2918 ore
1696 2865 1984 2930 delabitur,
2022 2884 2051 2922 a
2095 2872 2418 2925 rusticorum
2464 2888 2589 2942 por-

1002 2950 1156 3007 cellis
1175 2965 1206 3006 e
1235 2953 1463 3022 vestigio
1512 2954 1816 3025 colligatur.
1860 2956 2032 3010 Porro
2060 2967 2239 3014 autem
2280 2976 2402 3014 cum
2434 2961 2502 3016 de
2531 2976 2589 3015 se

1002 3039 1134 3110 quid
1191 3041 1465 3096 diceretur
1507 3043 1835 3112 inquireret,
1880 3048 2008 3118 quid
2035 3049 2202 3114 aliud,
2227 3066 2388 3118 quam
2417 3052 2586 3106 nostri

1001 3127 1381 3198 Redemptoris
1438 3133 1754 3188 imitabatur
1797 3137 2138 3205 exemplum?
2182 3140 2273 3208 qui
2328 3141 2584 3194 nimirum

1001 3231 1124 3271 cum
1163 3220 1345 3274 omnia
1373 3222 1565 3290 procul
1591 3223 1753 3278 dubio
1778 3237 1979 3291 nosset,
2011 3244 2041 3280 a
2069 3229 2347 3298 discipulis
2380 3241 2584 3298 tamen,

1000 3307 1167 3362 veluti
1198 3312 1436 3376 nescius,
1473 3314 1825 3384 inquirebat:
1866 3336 1887 3368 ι
1924 3317 2094 3384 Quem
2122 3321 2311 3375 dicunt
2339 3322 2586 3378 homines

1000 3412 1121 3454 esse
1146 3399 1344 3456 Filium
1388 3405 1663 3461 hominis?
1697 3426 1716 3458 ι
1746 3408 1964 3476 (Matth.
2017 3414 2151 3480 xvi.)
2192 3411 2289 3468 Cui
2335 3429 2460 3470 cum
2510 3417 2585 3471 illi

1003 3490 1249 3547 diversas
1274 3495 1552 3551 hominum
1592 3499 1878 3568 opiniones
1916 3505 2305 3569 exprimerent,
2333 3506 2541 3561 addidit
2569 3526 2582 3562 :

1006 3599 1028 3632 ι
1079 3579 1182 3635 Vos
1209 3592 1390 3638 autem
1441 3601 1602 3655 quem
1653 3604 1740 3644 me
1783 3604 1904 3645 esse
1951 3592 2171 3647 dicitis?
2205 3613 2223 3645 ι
2264 3594 2484 3651 Scilicet
2525 3606 2586 3652 ut

1002 3682 1099 3724 rex
1126 3673 1440 3741 angelorum
1491 3675 1724 3732 formam
1753 3680 1907 3734 daret
1950 3684 2252 3737 rectoribus
2283 3685 2582 3753 hominum,

1001 3772 1270 3831 quatenus
1295 3779 1400 3819 non
1426 3767 1556 3835 quid
1581 3770 1632 3821 in
1661 3785 1723 3824 os
1756 3785 1944 3826 eorum
1987 3776 2348 3830 assentatorie
2372 3777 2586 3832 dicatur

1001 3855 1309 3919 attendant;
1350 3859 1443 3912 sed
1471 3861 1613 3928 quod
1627 3876 1815 3917 eorum
1836 3865 2205 3919 testimonium
2222 3869 2363 3935 apud
2390 3870 2585 3924 absen-

1003 3951 1084 3997 tes
1111 3944 1373 4001 habeatur
1403 3949 1696 4019 inquirant.
1728 3953 1924 4022 Sicque
1960 3959 2103 4026 quod
2133 3959 2185 4012 in
2213 3974 2270 4014 se
2300 3962 2585 4029 reprehen-

1000 4033 1158 4088 sibile
1181 4050 1245 4089 ex
1278 4051 1464 4092 eorum
1498 4039 1642 4094 fama
1674 4044 2128 4112 deprehenderint
2160 4049 2437 4119 corrigam
2468 4067 2484 4104 :
2514 4052 2583 4106 ad

999 4128 1346 4193 exsequenda
1404 4144 1531 4184 vero
1565 4131 1724 4194 bona,
1768 4149 1890 4204 quae
1917 4136 1984 4192 de
2021 4151 2080 4192 se
2118 4137 2296 4193 dicere
2317 4155 2584 4211 cognove-

1001 4213 1134 4278 tint,
1163 4217 1378 4273 avidius
1402 4219 1762 4277 invalescant.

1619 4309 1847 4367 CAPUT
1889 4315 1950 4369 V.

1486 4397 1729 4470 Hugom’s
1771 4405 1918 4458 ducis
1948 4422 2108 4461 mors.

2697 1969 2886 2026 eodem
2919 1968 3127 2023 scilicet
3169 1982 3313 2023 anno
3353 1975 3409 2022 et
3449 1968 3562 2037 ipse
3597 1966 3886 2022 defunctus
3915 1975 4016 2021 est.
4055 1965 4147 2020 Sic
4177 1967 4285 2019 ita-

2696 2075 2801 2130 que
2828 2075 2981 2116 suam
3013 2058 3346 2128 improvidus
3373 2057 3623 2128 pertulit,
3648 2059 3739 2128 qui
3766 2057 3832 2111 de
3863 2066 4036 2112 morte
4062 2057 4288 2112 alterius

2695 2153 2946 2221 nequiter
2992 2151 3322 2216 exsultavit,
3372 2167 3478 2204 non
3527 2153 3814 2204 attendens
3864 2149 3916 2204 id
4005 2149 4149 2220 quod
4199 2149 4285 2203 vir

2694 2245 2914 2313 sapiens
2964 2245 3078 2298 ait:
3132 2263 3148 2294 ι
3179 2243 3296 2297 Noli
3349 2244 3415 2297 de
3473 2250 3692 2298 mortuo
3744 2242 3962 2296 inimico
4009 2242 4288 2312 gaudere,

2695 2337 2873 2393 sciens
2903 2337 3046 2405 quod
3077 2351 3267 2389 omnes
3299 2335 3562 2389 morimur
3592 2333 3609 2404 (
3636 2332 3806 2388 Eccli.
3837 2347 3931 2386 vm
3955 2333 3988 2402 ).
4029 2353 4047 2382 ι

2767 2425 2872 2481 Sed
2925 2436 2979 2480 et
3027 2426 3173 2479 aliud
3221 2424 3513 2479 adnectere
3561 2438 3669 2478 non
3714 2423 3948 2477 otiosum
3981 2423 4289 2490 credimus,

2693 2519 2836 2588 quod
2888 2517 3029 2570 inter
3068 2525 3285 2571 sanctos
3327 2516 3570 2584 ejusdem
3604 2515 3837 2569 cmnobii
3872 2515 4168 2569 monachos
4198 2528 4293 2569 ce-

2691 2609 2832 2664 lebri
2862 2608 3110 2663 redolere
3137 2607 3397 2661 memoria
3428 2607 3741 2675 frequenter
3766 2607 4088 2660 audivimus.
4122 2605 4290 2659 Aiunt

2693 2702 2872 2766 enim,
2924 2700 3052 2769 quia
3103 2697 3363 2767 prazfatus
3413 2698 3660 2752 marchio
3704 2696 3913 2752 Marino
3945 2695 4160 2759 abbati,
4191 2696 4284 2766 qui

2694 2791 3084 2847 monasterium
3118 2791 3168 2844 id
3202 2800 3328 2844 tunc
3368 2791 3588 2860 regebat
3610 2830 3625 2855 ,
3659 2805 3758 2859 per
3796 2789 4035 2858 speciem
4067 2797 4290 2842 noctur-

2695 2898 2780 2936 na:
2825 2881 3050 2935 visionis
3096 2879 3384 2947 apparuit;
3436 2890 3632 2948 atque,
3681 2888 3739 2932 ut
3785 2894 3984 2948 corpus
4027 2894 4180 2932 suum
4231 2880 4286 2933 in

2692 2973 2945 3044 supinum
2972 2971 3127 3040 juxta
3160 2972 3608 3025 consuetudinem
3639 2971 3913 3036 volveret,
3947 2971 4088 3038 quod
4133 2970 4185 3022 in
4214 2984 4276 3024 os

2693 3067 3013 3120 reclinatum
3039 3064 3291 3132 jacebat,
3325 3064 3626 3117 admonuit.
3663 3063 3869 3129 Quibus
3913 3059 4156 3130 profecto
4184 3062 4265 3115 vi-

2616 3188 2661 3249 C
2693 3155 2936 3210 sionihus
2962 3155 3132 3208 abbas
3163 3151 3323 3206 fidem
3353 3153 3638 3222 prtcbens',
3672 3151 3904 3221 probare
3935 3166 4050 3206 rem
4077 3151 4279 3212 voluit,

2692 3257 2746 3301 et
2765 3245 2992 3300 .honesti
3017 3245 3118 3296 viri
3145 3257 3344 3311 corpus
3372 3257 3602 3312 promnn
3621 3283 3634 3305 ,
3667 3251 3724 3296 et
3753 3242 3805 3295 in
3837 3240 4029 3295 faciem
4057 3241 4245 3310 jacens
4265 3281 4282 3305 ,

2690 3337 2830 3391 sicut
2860 3335 2961 3389 sibi
2992 3334 3290 3388 revelatum
3321 3342 3470 3396 erat,
3495 3333 3792 3395 inveniens,
3845 3341 4178 3392 reverenter,
4223 3339 4287 3384 ut

2689 3427 2955 3488 decebat,
3002 3425 3057 3479 in
3106 3424 3250 3478 latus
3299 3422 3528 3476 alterum
3583 3422 3876 3491 supinavit.
3927 3419 4036 3476 Nec
4084 3421 4283 3474 mirum

2686 3517 2875 3586 plane,
2907 3515 2954 3569 si
2987 3515 3069 3568 vir
3110 3515 3214 3569 iste
3255 3512 3544 3582 sepultum
3587 3511 4039 3567 consuetudinem
4086 3510 4281 3578 petiit,

2689 3619 2852 3674 quam
2884 3613 2941 3658 et
2976 3603 3092 3673 ipse
3119 3603 3263 3656 circa
3293 3617 3352 3656 se
3381 3611 3544 3670 caput
3574 3602 3876 3656 electorum
3907 3601 4149 3654 omnium
4181 3616 4277 3657 vo-

2687 3694 2787 3748 luit
2811 3692 3083 3748 exhiberi.
3115 3691 3254 3745 Dicit
3279 3691 3424 3744 enim
3455 3689 3780 3760 evangelista
3809 3687 4052 3743 Joannes
4079 3706 4090 3740 :
4117 3685 4280 3755 Quia,

2703 3803 2723 3835 ‹
2753 3783 2954 3851 Joseph
3000 3791 3056 3838 et
3086 3782 3430 3836 .l‘licodemus
3460 3789 3790 3850 acceperunt
3815 3794 4010 3850 corpus
4038 3778 4197 3844 Jesu,
4226 3788 4283 3835 et

2687 3876 2988 3948 ligaverunt
3025 3875 3152 3928 illud
3182 3875 3363 3930 linteis
3393 3890 3516 3930 cum
3564 3875 3936 3936 aromatihus,
3980 3873 4120 3927 sicut
4161 3889 4282 3929 mos

2685 3967 2885 4022 Iudaeis
2913 3976 2998 4022 est
3025 3967 3257 4036 sepelire
3287 3965 3486 4035 (lomt.
3521 3981 3612 4018 nx
3637 3965 3677 4030 ).
3712 3985 3729 4015 ι
3762 3963 3916 4016 liunc
3943 3964 4038 4016 tibi
4068 3963 4279 4031 praede-

2686 4072 2956 4113 cessoretn
2989 4065 3172 4119 tuum,
3203 4057 3288 4109 vir
3314 4055 3775 4118 eminentissime,
3805 4053 3958 4124 quasi
3992 4053 4272 4122 speculum

2685 4153 2895 4212 statue,
2923 4143 3264 4212 aliorumque
3296 4143 3389 4197 tibi
3419 4143 3509 4211 qui
3540 4143 3839 4213 pravitates
3869 4141 4150 4195 hominum
4181 4156 4278 4209 per

2687 4236 2921 4304 rigorem
2969 4233 3197 4300 iustitia:
3251 4239 3660 4301 represserunt,
3713 4229 3958 4297 exempla
4011 4243 4275 4298 propone.

2686 4325 2956 4396 Eripe.de
2993 4324 3355 4378 violentorum
3395 4322 3647 4374 manibus
3694 4320 4052 4382 innocentes;
4083 4333 4276 4387 super-

2683 4417 2879 4471 borum
2905 4453 2921 4479 ,
2946 4421 3002 4469 et
3022 4422 3214 4469 cuntra
3241 4421 3444 4466 statuta
3473 4411 3799 4474 viventium,
3832 4416 4047 4464 erectas
4069 4406 4262 4479 frange

1075 4481 1145 4537 Ut
1178 4492 1360 4584 autem
1400 4487 1609 4557 praefati
1640 4494 1974 4549 marchionis
2017 4500 2181 4552 etiam
2215 4499 2376 4554 ﬁnem
2404 4501 2582 4558 brevi-
2608 4526 2660 4584 υ
2688 4506 2952 4561 cervices.
3005 4502 3372 4572 Experiamur
3428 4511 3477 4556 te
3525 4499 3742 4568 reprobi
3790 4499 4125 4570 principem,
4167 4514 4276 4562 non

1001 4579 1084 4625 tcr
1136 4575 1603 4646 perstringamus;
1654 4597 1778 4636 cum
1842 4586 1894 4639 in
1936 4596 2196 4642 extrema:
2251 4590 2580 4648 valetudinis

999 4659 1258 4730 languore
1292 4666 1662 4733 decumberet,
1691 4682 1745 4726 et
1773 4675 1934 4729 totius
1986 4679 2133 4746 regni
2165 4677 2344 4732 lumen
2371 4681 2577 4735 exstin-

1000 4749 1110 4818 gui,
1137 4765 1243 4804 non
1291 4767 1457 4821 parva
1487 4756 1822 4814 diversorum
1873 4762 2124 4816 ordinum
2165 4764 2454 4820 multitudo
2483 4769 2578 4822 de-

999 4839 1181 4905 lleret;
1217 4844 1539 4902 venerabilis
1585 4851 1802 4917 quidam
1858 4855 2027 4926 876
2078 4858 2384 4926 episcopus,
2418 4859 2573 4928 cujus

1000 4945 1084 4982 me
1112 4932 1178 4983 ad
1207 4947 1438 5001 praesens
1465 4941 1788 4996 vocabulum
1822 4945 1981 5015 fugit,
2016 4949 2116 5002 hoc
2146 4950 2199 5003 in
2228 4952 2390 5020 ligno,
2425 4956 2569 5021 quod

1001 5021 1053 5074 in
1082 5022 1202 5094 igne
1227 5035 1352 5081 tunc
1389 5032 1655 5098 ardebat,.
1679 5050 1996 5105 expressum
2025 5055 2119 5108 per
2151 5045 2396 5110 quzedam
2431 5045 2574 5100 litte-

1002 5128 1179 5168 rarum
1220 5119 1448 5189 vestigia
1493 5124 1868 5194 deprehendit.
1915 5130 2069 5201 Hngo
2114 5135 2358 5189 marchio
2415 5139 2575 5205 quin-

1000 5208 1253 5280 quaginta
1290 5213 1446 5270 annis
1471 5217 1620 5272 vixit.
1675 5218 1917 5291 Cumque
1971 5222 2072 5279 hoc
2118 5226 2270 5294 quasi
2330 5226 2569 5284 faustum

2687 4595 2953 4649 irrideant
2979 4593 3342 4647 sacerdotem.
3391 4589 3714 4644 Nocentium
3761 4587 4019 4643 fruticum
4062 4588 4277 4645 radice!

2682 4685 2883 4746 evelle',
2910 4691 2972 4737 ut
3001 4683 3272 4736 fructuosa
3299 4681 3560 4751 plantaria
3591 4680 3801 4749 possint
3825 4693 4011 4734 comas
4037 4678 4270 4748 erigere.

2682 4777 2775 4832 Sic
2801 4777 2969 4846 igitur
2996 4775 3052 4829 in
3082 4788 3216 4844 agro
3242 4773 3493 4836 Domini,
3521 4771 3612 4841 qui
3657 4771 3753 4826 tibi
3797 4771 3864 4826 ad
3908 4769 4272 4824 excolendum

2679 4870 3003 4926 commissus
3043 4877 3159 4931 est,
3203 4866 3479 4921 sarculum
3527 4863 3755 4934 legitimi
3794 4863 3999 4933 vigoris
4039 4876 4270 4926 exerce,

2682 4970 2742 5014 ut
2771 4969 2826 5014 et
2859 4959 3114 5027 supernis
3146 4959 3359 5011 horreis
3385 4958 3714 5025 proventum
3745 4953 4026 5008 centesimi
4059 4951 4271 5006 fructus

2683 5051 2918 5110 inferre.
2952 5059 3006 5104 et
3036 5050 3208 5118 dignae
3240 5048 3698 5103 remunerationis
3761 5061 4039 5101 nummum
4083 5044 4154 5102 ab
4190 5057 4268 5102 eo

2680 5141 2769 5210 qui
2802 5152 2853 5195 te
2880 5139 3140 5195 conduxit
3175 5138 3435 5207 mercaris
3463 5139 3730 5206 accipere.

3015 5230 3098 5285 Sit
3117 5246 3316 5285 nomen
3351 5229 3558 5284 Domini
3600 5230 3945 5285 benedictum.
