5962 6458
1054 450 1159 507 833

1701 446 1941 504 OPUSC.
1981 442 2160 501 LVIII.
2194 473 2263 485 -—
2288 441 2376 500 DE
2422 438 2604 496 VEBA
2643 435 3049 496 FELICITATE
3090 435 3175 493 ΕΤ
3222 434 3607 490 δΑΡιιΝτιΑ.

4227 433 4333 489 85⁸

1055 561 1147 615 tia:
1174 558 1431 622 vanitate,
1464 556 1605 610 velut
1638 556 1689 610 iu
1714 556 1957 611 convalle
2000 554 2310 624 salsuginis,
2343 553 2639 606 immoran-
2668 554 2711 614 Α
2740 553 2833 604 sed
2862 548 3143 605 devoravit
3164 548 3313 618 virga
3335 548 3520 601 Aaron
3550 547 3729 615 virgas
3744 562 3932 601 eorum
3958 546 4282 615 (Exod.vn).
4313 568 4329 597 ι

1058 662 1168 715 tur,
1196 651 1373 718 ibique
1405 665 1431 701 a
1464 648 1575 702 suis
1612 647 1855 699 hostibus
1884 656 2008 699 sunt
2049 644 2339 711 prostrati;
2391 642 2517 710 quia
2551 642 2633 693 di-

1056 755 1220 809 gnum
1264 749 1364 802 est,
1405 746 1463 790 ut
1512 738 1563 789 in
1601 736 1777 788 anima
1809 736 1986 789 omnis
2036 732 2333 800 spiritualis
2374 730 2635 798 sapientia

1053 832 1256 891 vincat,
1292 838 1343 882 et
1376 824 1609 881 carnalis
1634 826 1931 894 prudentia:
1960 823 2228 876 calliditas
2262 830 2463 889 pereat.
2499 820 2636 872 Hinc

1055 931 1112 977 et
1164 922 1229 976 de
1262 920 1428 973 David
1456 918 1652 985 legitur
1681 933 1692 969 :
1724 914 1859 980 Quia
1894 933 1911 964 ι
1950 914 2077 965 fecit
2119 913 2219 965 sibi
2270 928 2464 964 nomen
2514 925 2634 962 cum

1054 1020 1417 1068 reverteretur
1457 1019 1611 1077 capta
1642 1007 1820 1076 Syria,
1855 1007 1906 1058 in
1956 1004 2092 1057 valle
2124 992 2440 1065 salinarum,
2482 1001 2636 1054 caesis

1056 1101 1335 1157 duodecim
1367 1098 1601 1153 millibus
1631 1096 1713 1164 (ll
1750 1096 1871 1161 Reg.
1907 1095 2047 1159 vui).
2082 1111 2097 1141 ι
2134 1091 2309 1146 Verus
2340 1092 2483 1144 enim
2531 1090 2636 1142 Da—

1053 1196 1143 1249 vid
1175 1192 1440 1253 Christus,
1476 1189 1631 1243 fortis
1659 1186 1863 1239 scilicet
1892 1185 2097 1237 viribus
2129 1192 2183 1236 et
2210 1182 2431 1251 pulcher
2475 1196 2633 1250 aSpe-

1054 1295 1169 1347 ctu,
1215 1284 1266 1336 in
1304 1282 1442 1335 valle
1484 1280 1777 1334 salinarum
1826 1274 2106 1329 duodecim
2150 1273 2312 1325 millia
2356 1272 2632 1325 hominum

1051 1373 1269 1437 stravit,
1296 1371 1419 1441 quia
1450 1382 1547 1436 per
1591 1365 1863 1434 apostolos
1890 1379 2020 1417 suos
2052 1364 2118 1417 de
2162 1362 2325 1423 salsa,
2357 1361 2464 1414 imo
2496 1358 2633 1413 falsa

1050 1462 1214 1531 hujus
1242 1456 1423 1514 mundi
1453 1455 1715 1525 sapientia
1761 1454 2133 1521 triumphavit.
2182 1452 2283 1515 Qui
2326 1450 2469 1503 enim
2502 1450 2635 1503 duo-

1051 1551 1227 1606 decim
1259 1545 1556 1617 spiritualis
1585 1542 1752 1613 praelii
1789 1543 2083 1596 bellatores
2123 1542 2330 1601 habuit,
2362 1539 2515 1609 quasi
2549 1546 2633 1593 to-

1049 1636 1217 1692 tidem
1268 1650 1364 1705 per
1420 1649 1516 1689 eos
1568 1633 1847 1687 hominum
1898 1630 2064 1683 millia
2120 1630 2447 1693 trucidavit,
2505 1630 2631 1681 dum

1049 1727 1218 1782 stulte
1245 1726 1518 1795 sapientes
1540 1740 1566 1775 a
1600 1722 1805 1775 frivola:
1831 1720 2109 1789 sapientiae
2132 1721 2369 1773 Vanitate
2409 1734 2635 1774 conver-

1050 1816 1137 1870 tit.
1171 1815 1409 1880 Quorum
1442 1813 1690 1867 videlicet
1717 1811 2035 1885 bellatorum
2068 1827 2207 1864 unus
2232 1812 2295 1863 ad
2320 1810 2634 1865 Corinthios

2740 645 2905 714 Virga
2935 644 3135 712 quippe
3168 643 3349 695 Aaron
3395 641 3765 694 maleﬁcorum
3796 642 3979 707 virgas
4008 640 4326 703 absorbuit;

2738 735 2863 803 quia
2913 732 3174 801 sapientia
3224 731 3447 796 Christi,
3502 746 3662 798 quam
3711 730 3799 783 illa
3856 732 4141 799 signabat,
4210 747 4331 785 om.

2738 839 2833 877 nes
2879 822 3038 890 hujus
3072 822 3258 876 mundi
3311 824 3609 891 sapientias
3661 821 3990 886 annullavit,
4038 822 4335 889 mundique

2738 913 3009 980 sapientes
3036 912 3117 965 sui
3148 912 3416 979 corporis,
3446 910 3590 977 quod
3617 919 3699 963 est
3728 910 3991 971 Ecclesia,
4028 912 4333 966 visceribus

2738 1004 2996 1055 counivit.
3024 1002 3331 1055 Absurdum
3376 1010 3635 1069 prazterea
3691 1012 3777 1055 est
3821 1012 3874 1055 et
3928 1004 4060 1055 satis
4111 1004 4340 1057 inhone-

2736 1100 2902 1153 stum,
2936 1101 2994 1144 ut
3022 1092 3210 1145 eadem
3234 1092 3519 1160 prudentia
3544 1092 3846 1159 eademque
3877 1093 4148 1144 subtilitas
4172 1093 4337 1147 rebus

2712 1181 3057 1235 adhibeatur
3121 1182 3373 1235 humanis
3432 1197 3553 1250 quae
3596 1182 3967 1251 spiritualibus
4001 1184 4337 1252 impenditur

2735 1278 2790 1325 et
2837 1270 3051 1323 divinis.
3108 1270 3249 1324 Hinc
3295 1281 3414 1335 est,
3475 1274 3619 1339 quod
3672 1271 3837 1339 Moysi
3888 1272 4147 1327 Dominus
4196 1275 4274 1327 ait
4319 1290 4333 1326 :

2743 1377 2760 1410 ι
2800 1358 2964 1413 Sume
2994 1360 3088 1412 tibi
3112 1369 3378 1424 aromata,
3438 1369 3647 1415 stacten
3681 1369 3735 1415 et
3764 1362 4008 1430 onycha,
4043 1362 4335 1431 galbanum

2735 1450 2861 1505 boni
2894 1451 3096 1515 odoris,
3134 1459 3190 1504 et
3246 1451 3369 1503 thus
3419 1451 3837 1513 lucidissimum,
3892 1452 4169 1523 faciesque
4215 1454 4339 1525 thy-

2736 1540 2937 1594 miama
3004 1542 3367 1611 compositum
3434 1557 3601 1611 opere
3665 1546 4055 1613 unguentarii,
4116 1548 4340 1601 mistum

2736 1629 3023 1697 diligenter
3068 1640 3121 1684 et
3190 1646 3384 1699 purum
3456 1629 3673 1699 (Exod.
3724 1638 3894 1703 xxx).
3951 1655 3969 1686 ι
4016 1634 4339 1705 Thymiama

2736 1720 2935 1787 quippe
2964 1736 3027 1772 ex
3060 1721 3397 1774 aromatibus
3427 1724 3789 1791 compositum
3828 1724 4090 1793 facimus,
4129 1742 4251 1781 cum
4282 1728 4339 1783 in

2738 1809 2890 1861 altari
2924 1810 3047 1863 boni
3076 1812 3258 1879 Operis
3289 1812 3547 1865 virtutum
3577 1813 3980 1883 multiplicitate
4012 1819 4341 1873 redolemus.

1051 1904 1223 1961 dicit:
1261 1924 1279 1957 ι
1323 1905 1377 1957 ιιι
1428 1919 1590 1957 carne
1616 1904 1757 1956 enim
1799 1903 2162 1963 ambulantes,
2194 1917 2298 1955 non
2338 1904 2634 1955 secundum
2669 1890 2710 1947 Β
2741 1900 2893 1967 Quod
2922 1902 3140 1955 mistum
3170 1913 3227 1956 et
3255 1918 3448 1971 purum
3478 1904 3563 1969 Iit;
3611 1906 3739 1975 quia
3783 1916 3990 1975 quanto
4021 1910 4197 1963 virtus
4226 1910 4342 1962 virs

1050 2011 1273 2051 carnem
1314 1994 1611 2048 militamus
1646 2012 1656 2045 :
1693 2009 1816 2046 nam
1869 2008 2018 2044 arma
2054 1992 2256 2045 militia:
2292 2003 2491 2043 nostra:
2526 2007 2631 2044 non

1050 2088 1289 2145 carnalia
1321 2095 1465 2149 sunt,
1498 2086 1589 2139 sed
1642 2085 1881 2154 potentia
1916 2085 2047 2146 Deo,
2090 2084 2155 2135 ad
2205 2082 2634 2135 destructionem

1048 2178 1429 2235 munitionum,
1466 2174 1689 2227 consilia
1725 2176 1970 2240 corporis
2020 2174 2385 2235 destruentes,
2419 2182 2474 2225 et
2514 2186 2634 2224 om-

1047 2283 1175 2321 nem
1208 2265 1546 2319 altitudinem
1582 2264 1930 2317 extollentem
1960 2278 2018 2318 se
2051 2263 2308 2315 adversus
2353 2263 2632 2315 scientiam

1046 2356 1168 2422 Dei,
1185 2358 1310 2411 etin
1336 2350 1702 2425 captivitatem
1727 2355 2032 2424 redigentes
2056 2367 2271 2406 omnem
2304 2351 2633 2406 intellectum

1046 2448 1106 2503 in
1135 2449 1453 2518 obsequium
1484 2448 1685 2503 Christi
1717 2446 1800 2512 (II
1826 2445 1950 2500 Cor.
1992 2448 2069 2515 χ).
2113 2464 2129 2497 ι

1642 2538 1870 2593 CAPUT
1939 2538 2023 2591 III.

1051 2627 1339 2697 Sapientia:
1394 2628 1646 2691 valeatis,
1704 2639 1753 2681 et
1800 2640 2016 2679 terretur:
2058 2626 2351 2694 prudentie
2396 2625 2629 2693 etractus.

1140 2720 1310 2775 Porro
1357 2730 1535 2774 autem
1578 2721 1717 2773 sicut
1768 2720 2009 2773 cmlestis
2061 2717 2326 2785 sapientia
2381 2715 2635 2770 caelestes

1046 2809 1184 2864 facit
1210 2816 1263 2862 et
1285 2807 1554 2878 legitimos
1580 2807 1829 2861 Ecclesia!
1858 2806 2025 2867 lilins;
2058 2806 2129 2858 ita
2158 2814 2372 2857 terrena
2402 2804 2635 2872 pruden-

1047 2898 1127 2951 tia
1156 2906 1399 2950 terreaos
1430 2896 1602 2948 reddit
1625 2902 1679 2947 et
1702 2895 1931 2962 SpUl‘lOS.
1962 2894 2035 2945 De
2066 2892 2260 2960 quibus
2292 2904 2388 2959 per
2411 2888 2624 2941 Baruch

1041 2989 1285 3045 dicitur:
1322 3006 1339 3038 ι
1378 2986 1497 3039 Filii
1528 3001 1740 3055 quoque
1765 2984 1926 3052 Agar,
1964 2983 2057 3051 qui
2101 2981 2478 3049 exquisierunt
2504 2995 2631 3046 pru-

1046 3082 1291 3139 dentiam
1346 3096 1465 3149 quae
1492 3079 1557 3132 dc
1591 3086 1729 3130 terra
1762 3085 1867 3139 est,
1916 3074 2287 3142 negotiatores
2318 3080 2495 3149 terra!
2516 3112 2529 3134 ,
2580 3078 2635 3123 et

1041 3171 1319 3237 Theman,
1348 3179 1401 3223 et
1435 3169 1783 3231 fabulatores,
1818 3174 1873 3219 et
1916 3164 2281 3233 exquisitores
2314 3160 2633 3230 prudentia,

1044 3262 1195 3316 viam
1226 3260 1503 3328 sapientim
1538 3257 1869 3315 nescierunt,
1917 3267 2093 3321 neque
2138 3252 2503 3305 meminerunt
2547 3264 2634 3303 se-

1048 3350 1308 3407 milarum
1334 3346 1738 3418 ejus'(Baruch.
1788 3344 1895 3410 ιιι).
1935 3362 1954 3394 ι
1989 3340 2314 3395 Saecularem
2345 3354 2475 3408 ergo
2512 3353 2638 3407 pru-

1048 3441 1291 3497 dentiam
1323 3437 1541 3507 assequi
1598 3436 1878 3504 cupiehtes
1938 3442 1993 3487 et
2042 3430 2381 3501 spiritualem
2428 3430 2638 3497 sapien-

1050 3534 1186 3588 tiam
1232 3537 1668 3589 contemnentes,
1702 3526 1794 3579 lilii
1828 3534 1953 3579 sunt
2008 3525 2171 3593 Agar,
2217 3538 2322 3575 non
2354 3521 2540 3585 Sarae;
2584 3530 2638 3574 et

1050 3621 1525 3693 manseressso
1555 3619 1678 3673 facti
1724 3616 2007 3672 Ismaelita:
2032 3617 2156 3686 jure
2202 3613 2457 3669 censendi
2511 3621 2638 3666 sunt

1047 3733 1162 3773 non
1191 3716 1463 3771 Israelitae.
1500 3714 1566 3767 Et
1591 3712 1843 3781 quoniam
1875 3712 2042 3780 Agar,
2073 3710 2279 3762 advena
2309 3708 2637 3779 interpreta-

1038 3817 1168 3872 xtur,
1190 3807 1225 3862 ii
1262 3820 1365 3858 non
1390 3811 1517 3858 sunt
1552 3801 1829 3871 sapientiae
1868 3799 1982 3863 lilii,
2017 3798 2111 3853 sed
2135 3798 2376 3862 advenae,
2409 3806 2457 3850 et
2484 3811 2639 3865 pere-

1050 3895 1215 3970 gi‘ini.
1242 3895 1349 3950 Nec
1378 3910 1445 3948 ex
1495 3893 1601 3946 illis
1654 3900 1798 3955 sunt,
1830 3889 2025 3959 quibus
2066 3889 2248 3942 aiebat
2296 3886 2587 3957 Apostolus
2620 3904 2633 3939 :

1057 4006 1077 4041 ι
1115 3984 1231 4041 Jam
1262 4000 1367 4038 non
1396 3984 1528 4038 estis
1567 3982 1808 4051 hospites
1852 3989 1903 4035 et
1932 3981 2173 4046 advena),
2208 3978 2302 4033 sed
2324 3980 2457 4033 estis
2490 3979 2638 4031 cives

1051 4084 1384 4133 sanctorum.
1417 4082 1472 4127 et
1492 4070 1773 4126 domestici
1800 4068 1887 4123 Dei
1915 4068 2129 4138 (Ephes.
2159 4070 2242 4135 ιι).
2276 4086 2293 4118 ι
2329 4064 2409 4121 Tu
2434 4075 2635 4129 autem,

1052 4162 1429 4221 dilectissime,
1465 4170 1523 4213 ut
1556 4160 1794 4229 ejusdem
1847 4168 1899 4211 te
1959 4158 2236 4226 praplietae
2293 4154 2638 4211 sermonibus

1053 4255 1321 4324 aIIOQuar,
1342 4252 1489 4307 disce
1527 4252 1617 4306 ubi
1648 4251 1720 4305 sit
1762 4250 2068 4319 prudentia.
2106 4249 2231 4303 Haec
2257 4249 2404 4303 enim
2444 4248 2494 4301 in
2527 4247 2637 4301 Deo

1054 4358 1182 4406 sum
1212 4347 1577 4404 essentialiter
1606 4346 1919 4406 constituta,
1948 4355 2110 4413 atque
2139 4344 2207 4399 ab
2230 4360 2295 4399 eo
2341 4353 2468 4398 sunt
2507 4359 2638 4413 pro-

1051 4440 1143 4497 cul
1172 4440 1333 4494 dubio
1383 4437 1723 4507 requirenda.
1763 4434 1866 4491 Sed
1916 4436 2042 4504 quia
2096 4443 2150 4486 tu
2182 4434 2235 4490 in
2283 4434 2481 4489 smculo
2522 4450 2631 4488 non

1050 4532 1223 4587 imum
1251 4530 1465 4584 obtines
1491 4528 1686 4589 locum,
1720 4543 1815 4582 nec
1846 4538 2000 4598 potes
2032 4542 2253 4597 prorsus
2285 4528 2544 4597 effugere,
2580 4537 2638 4583 ut

1053 4630 1150 4678 aut
1178 4620 1454 4676 saeularis
1484 4619 1681 4688 eloquii
1715 4634 1837 4673 cum
1882 4618 2311 4687 colloquentibus
2340 4621 2503 4673 verba
2530 4636 2636 4675 non

1052 4713 1326 4777 conferas,
1372 4723 1464 4767 aut
1516 4692 1804 4781 aliqlando
1845 4712 1909 4766 de
1955 4711 2291 4765 litteratoria:
2340 4712 2640 4781 disciplina:

1054 4804 1251 4859 studiis
1298 4801 1497 4871 aliquid
1543 4818 1649 4855 non
1706 4802 1959 4871 attingas,
2016 4804 2119 4857 liae
2166 4804 2261 4856 tibi
2307 4804 2638 4858 discretione

1054 4894 1315 4946 utendum
1370 4904 1482 4957 est;
1535 4900 1593 4944 ut
1637 4891 1691 4944 in
1744 4891 2095 4946 saecularibus
2141 4893 2359 4961 quidem
2414 4905 2465 4946 te
2494 4892 2642 4947 velut

1054 4982 1303 5039 hebetem
1336 4982 1549 5043 reddas,
1581 4982 1631 5033 in
1657 4981 2027 5050 Spiritualibus
2063 4998 2192 5035 vero
2225 4984 2418 5039 studiis
2452 4998 2640 5037 omnes

1055 5078 1163 5125 tua
1194 5072 1388 5124 mentis
1416 5086 1607 5137 nervos
1636 5086 1895 5125 exerceas
1927 5090 1937 5123 :
1974 5072 2023 5123 in
2055 5072 2159 5125 illis
2192 5083 2241 5125 te
2275 5072 2515 5140 praebeas
2541 5088 2637 5127 ne-

1055 5164 1369 5235 gligentem,
1396 5164 1448 5217 in
1492 5165 1576 5218 his
1604 5172 1782 5217 autem
1810 5165 2032 5218 omnino
2056 5167 2318 5218 vivacem.
2346 5166 2481 5232 Quia
2510 5181 2639 5236 ergo

1056 5271 1088 5310 a
1130 5254 1411 5322 temetipso
1443 5256 1542 5308 hoc
1585 5255 1829 5309 obtinere
1859 5272 1964 5309 non
1994 5265 2167 5323 potes,
2202 5265 2259 5309 ut
2288 5257 2339 5309 in
2370 5257 2638 5311 mundalis

1056 5347 1409 5404 exsecutione
1436 5349 1632 5416 negotii
1662 5348 1881 5402 omnino
1908 5364 2095 5403 careas
2110 5352 2376 5419 serpentis
2402 5352 2631 5417 astutia;

1057 5443 1140 5496 vel
1171 5445 1274 5497 hoc
1313 5450 1529 5509 satage,
1566 5448 1624 5494 ut
1672 5450 1939 5495 terrenam
1972 5443 2309 5511 prudentiam
2361 5452 2507 5497 tuam
2553 5458 2639 5499 si-

1056 5532 1261 5604 pientia
1314 5532 1610 5600 spiritualis
1639 5532 1949 5596 absorbeat,
1988 5548 2216 5602 eamque
2260 5533 2404 5587 velut
2460 5534 2511 5587 in
2557 5534 2638 5587 sui

1056 5622 1303 5692 corporis
1350 5637 1547 5676 arcana
1596 5630 1898 5676 convertat.
1934 5622 2087 5678 Sicut
2116 5625 2182 5679 de
2214 5624 2473 5679 maleficis
2495 5625 2640 5680 Plia-

1057 5716 1244 5772 raonis
1272 5714 1548 5785 Scriptura
1572 5715 1913 5786 proloquitur
1944 5734 1956 5769 :
1999 5734 2017 5767 ι
2052 5714 2423 5785 Projecerunt,
2448 5718 2637 5789 inquit,

1054 5806 1265 5880 singuli.
1291 5806 1471 5879 virgas
1516 5823 1670 5876 suas,
1703 5821 1829 5879 qua
1872 5824 2043 5865 versa
2091 5817 2219 5866 sunt
2261 5809 2315 5867 in
2354 5811 2638 5878 dracones,

2740 1995 2839 2047 tuti
2865 1994 3129 2062 jungitur,
3163 2006 3313 2049 tanto
3362 1997 3641 2051 incensum
3679 2001 3805 2053 boni
3848 2004 4034 2070 operis
4067 2006 4343 2057 sincerius

2736 2087 3043 2139 exhibetur.
3082 2087 3181 2141 Ubi
3213 2097 3267 2141 et
3312 2088 3454 2141 bene
3507 2088 3853 2160 subiungitur
3884 2109 3898 2144 :
3932 2111 3949 2143 ‹
3986 2094 4234 2162 Cumque
4287 2096 4341 2147 in

2740 2180 3111 2232 tenuissimum
3144 2179 3417 2247 pulverem
3442 2181 3693 2235 universa
3727 2184 4247 2251 contuderis,pones
4274 2199 4345 2238 ex

2737 2283 2801 2322 eo
2854 2283 3033 2323 coram
3078 2270 3389 2325 testimonio
3442 2272 3777 2324 tabernaculi
3810 2273 4051 2343 (Ibid.).
4098 2294 4116 2325 ι
4157 2274 4211 2329 In
4265 2284 4344 2330 που

2739 2360 3063 2411 uilissimum
3092 2360 3368 2428 pulverem
3396 2373 3638 2415 aromata
3683 2363 3933 2417 universa
3972 2367 4344 2431 conterimus;

2737 2464 2861 2502 cum
2887 2451 3026 2503 bona
3052 2460 3235 2503 nostra
3276 2452 3429 2520 quasi
3459 2451 3511 2504 in
3540 2452 3647 2521 pila
3671 2453 3854 2506 cordis
3878 2456 4091 2507 occulta
4131 2456 4344 2510 discns-

2737 2539 2891 2593 sione
2923 2540 3219 2602 tundimus,
3246 2552 3300 2595 et
3341 2542 3384 2595 si
3423 2544 3695 2595 veraciter
3722 2543 3863 2596 bona
3896 2544 4032 2606 sint,
4068 2545 4347 2599 subtiliter

2738 2637 3120 2681 retractamus.
3164 2628 3426 2685 Aromata
3474 2645 3606 2698 ergo
3641 2631 3692 2684 in
3746 2632 4026 2701 pulverem
4076 2634 4345 2704 redigere,

2737 2728 2821 2771 est
2855 2720 3081 2772 virtutes
3114 2722 3467 2790 recogitando
3495 2731 3694 2787 terere,
3726 2733 3780 2777 et
3817 2740 3991 2794 usque
4024 2726 4091 2780 ad
4120 2726 4343 2781 subtili-

2738 2819 2897 2863 tate'n
2930 2812 3129 2863 occulti
3166 2814 3437 2865 examinis
3474 2829 3754 2869 revocare.

3344 2902 3570 2958 CAPUT
3628 2904 3718 2959 IV.

2884 2988 3083 3043 Nostra
3110 2991 3431 3044 studiosini
3471 3004 3521 3044 ut
3567 2976 3668 3046 soli
3720 2994 3829 3048 Deo
3863 2994 4189 3064 placeamus.

2809 3082 2875 3134 Et
2923 3082 3222 3133 notandum
3277 3082 3419 3149 quod
3472 3083 3537 3135 de
3580 3085 3771 3138 eodem
3822 3087 4045 3154 pulvere
4098 3089 4345 3144 dicitur:

2747 3191 2765 3223 ‹
2791 3172 2970 3225 Pones
3003 3187 3069 3225 ex
3104 3164 3381 3227 eo‘coram
3418 3174 3730 3229 testimonio
3754 3177 4091 3233 tabernaculi
4124 3197 4137 3232 :
4171 3199 4187 3232 ι
4221 3181 4347 3249 quia

2745 3271 2872 3313 tunc
2901 3262 3158 3313 nimirum
3210 3262 3348 3313 bona
3406 3274 3593 3315 nostra
3636 3265 3913 3319 veraciter
3950 3267 4003 3319 in
4052 3282 4350 3339 conspectu

2741 3351 2961 3419 siiperni
3002 3351 3205 3421 judicis
3236 3351 3610 3418 placent,cnm
3643 3355 3759 3407 haec
3789 3370 3943 3409 mens
3976 3356 4232 3413 subtilius
4264 3375 4351 3414 re-

2741 3431 3048 3513 cogitando.
3070 3442 3325 3506 conterit,
3354 3455 3408 3496 et
3438 3444 3594 3512 quasi
3620 3444 3686 3497 de
3708 3447 4047 3501 aromatibus
4072 3449 4351 3517 pulverem

2742 3532 2940 3585 reddit.
2962 3530 3071 3584 Nec
3098 3546 3352 3598 gressum
3381 3532 3690 3601 durumque
3716 3535 3786 3586 sit
3813 3535 4199 3606 bonum,quod
4228 3540 4352 3610 agi-

2743 3632 2851 3685 tur,
2873 3634 2938 3674 ne
2957 3621 2999 3674 si
3021 3622 3123 3675 hoc
3149 3631 3298 3675 arcta
3328 3625 3740 3677 retractationis
3764 3639 3957 3678 manus
3984 3643 4088 3680 non
4118 3630 4353 3685 commi-

2742 3718 2873 3762 nuat
2899 3709 3063 3778 831
3090 3710 3309 3764 odorem
3335 3711 3401 3763 de
3432 3725 3489 3765 se
3513 3712 3767 3766 subtilius
3791 3729 3898 3767 non
3930 3726 4201 3787 aspergat.
4236 3716 4354 3775 Hoc

2740 3800 2899 3870 plane
2929 3801 3189 3861 studium,
3208 3810 3463 3869 tantaque
3486 3802 3803 3856 subtilitatis
3837 3796 4093 3860 instantia
4128 3823 4234 3862 non
4261 3823 4351 3865 re-

2742 3892 2843 3947 bus
2858 3900 2940 3947 est
2962 3892 3264 3947 adhibenda
3294 3893 3547 3957 terrenis,
3562 3894 3654 3948 sed
3672 3896 3737 3948 ad
3757 3896 3860 3951 hoc
3878 3904 4083 3951 tantum
4104 3898 4352 3957 habenda

2743 3989 2846 4048 est,
2883 3991 2941 4034 ut
2978 3981 3196 4050 placere
3246 3981 3528 4037 valeamus
3572 3984 3855 4040 obtutibus
3896 3987 4175 4044 Creatoris
4207 4008 4219 4043 :
4250 4006 4354 4049 nec

2744 4081 2803 4125 ut
2839 4073 2893 4126 in
2920 4072 3120 4131 saseulo
3163 4074 3447 4127 videamur
3480 4074 3741 4144 insignes,
3789 4077 3883 4131 sed
3926 4088 3984 4132 ut
4024 4094 4208 4135 coram
4239 4080 4353 4138 Deo

2744 4165 2797 4219 in
2827 4174 3014 4218 nostra
3041 4165 3213 4219 simus
3247 4165 3652 4222 examinatione
3682 4168 3995 4236 prudentes.
4052 4170 4205 4226 Unde
4240 4171 4353 4229 illic

2742 4259 2960 4314 additur
3004 4270 3019 4311 :
3071 4276 3089 4308 ι
3129 4256 3315 4312 Talem
3364 4259 3816 4327 compositionem
3868 4277 3974 4317 non
4029 4262 4246 4320 facietis
4293 4266 4350 4322 in

2742 4363 2872 4406 usus
2924 4358 3158 4413 vestros,
3186 4350 3313 4418 quia
3345 4360 3595 4404 sanctum
3638 4361 3724 4407 est
3765 4353 4026 4421 Domino;
4062 4374 4080 4408 ι
4115 4371 4353 4427 moxth

2742 4438 3126 4508 subiungitur:
3165 4457 3183 4489 ι
3218 4440 3393 4515 Horn»
3434 4442 3745 4511 quicunque
3794 4441 3986 4498 fecerit
4041 4445 4239 4511 simile,
4292 4458 4354 4505 ut

2744 4531 2908 4583 odore
2930 4528 3071 4584 illius
3094 4518 3427 4598 perfruatur,
3451 4532 3648 4602 peribit
3670 4534 3738 4587 de
3772 4536 4126 4613 popillisgiiis
4148 4538 4348 4609 (Exod.

2745 4622 2848 4689 ιιι).
2886 4638 2907 4670 ι
2951 4620 3210 4689 Quisquis
3253 4636 3422 4689 ergo,
3472 4624 3588 4676 sive
3639 4624 3947 4679 litterarum
3998 4630 4346 4687 saecularium

2744 4709 3046 4777 disciplinis
3072 4748 3087 4772 ,
3138 4711 3252 4763 sive
3280 4712 3442 4763 rebus
3489 4712 3796 4783 quibusque
3828 4716 4062 4771 terrenis
4095 4718 4198 4773 hoc
4228 4730 4347 4775 stu-

2744 4800 2894 4854 dium
2930 4802 3174 4864 exhibet,
3208 4802 3350 4870 quod
3378 4804 3442 4856 ad
3466 4804 3924 4872 placendum'Deo
3960 4810 4348 4868 exaniin‘ationl

2745 4894 3005 4961 duntaxat
3038 4894 3243 4952 intima
3274 4894 3647 4963 principaliter
3674 4898 3923 4965 debetur,
3951 4900 4147 4957 merito
4178 4908 4343 4973 perit,

2743 4986 2868 5055 quia
2900 4986 3212 5057 thymiama,
3245 4988 3388 5056 quod
3423 4987 3520 5041 soli
3556 4989 3664 5043 Deo
3694 4990 3913 5051 debuit.
3943 4994 4107 5048 rebus
4141 5004 4351 5065 tempo-

2748 5078 2955 5131 ralibus
3018 5087 3072 5131 et
3140 5078 3361 5133 caducis
3414 5081 3695 5148 impendit.
3748 5084 4040 5139 l-.nimvero
4090 5089 4233 5155 quod
4284 5088 4351 5144 de

2747 5170 2971 5225 scientia
3001 5168 3305 5239 loquimur,
3342 5171 3445 5225 hoc
3478 5172 3650 5240 ipsum
3695 5189 3763 5227 ex
3807 5175 4166 5231 delectatione
4190 5177 4354 5247 huius

2746 5264 2869 5316 vita:
2894 5277 3115 5317 necesse
3145 5271 3228 5316 est
3249 5261 3537 5317 fateamur.
3572 5266 3801 5335 Dignum
3834 5271 4034 5337 quippe
4064 5270 4259 5337 fixerat,
4288 5279 4352 5329 ut

2748 5364 2962 5408 terrena
2993 5354 3275 5423 prudentia
3322 5356 3373 5407 in
3402 5356 3557 5410 nobis
3582 5372 3806 5426 prorsus
3832 5370 4127 5423 aresceret,
4160 5370 4215 5415 et
4238 5362 4353 5431 spi-

2748 5446 2957 5499 ritualis
3005 5445 3347 5501 solummodo
3397 5448 3661 5515 sapientia
3712 5450 3766 5502 in
3818 5451 3972 5505 nobis
4023 5451 4345 5518 reﬂoreret,

2746 5535 2886 5588 sicut
2927 5534 3218 5603 Apostolus
3245 5534 3523 5599 admonet,
3557 5537 3742 5592 dicens
3788 5558 3872 5592 ς’(
3918 5539 3973 5592 Si
4003 5542 4351 5596 consurrexi-

2746 5625 2846 5678 stis
2891 5640 3013 5679 cum
3064 5623 3304 5690 Christo,
3350 5641 3471 5695 quae
3514 5642 3730 5682 sursum
3765 5637 3908 5682 sunt
3943 5629 4207 5698 quaerite,
4253 5631 4345 5687 ubi

2744 5714 2994 5769 Christus
3017 5724 3099 5770 est
3122 5716 3173 5769 in
3200 5716 3423 5771 dextera
3451 5716 3547 5771 Dei
3569 5719 3796 5780 sedens;
3828 5734 3948 5789 quae
3968 5735 4185 5776 sursum
4216 5730 4347 5779 sunt

2745 5807 2941 5878 sapite,
2973 5822 3079 5863 non
3109 5823 3230 5878 quze
3250 5821 3415 5881 super
3443 5820 3643 5865 terram
3669 5808 3896 5883 (Coloss.
3926 5812 4031 5887 ιιι).
4066 5832 4083 5866 ι
4110 5813 4344 5887 Dignum
