5962 6430
1198 434 1302 491 SS7

1968 420 2209 478 OPUSC.
2243 417 2375 473 LiX.
2409 446 2478 457 -—
2515 415 2603 468 DE
2645 408 3033 467 NOVISSIMIS
3076 407 3164 463 ET
3206 404 3671 462 ANTICHRISTO
4353 408 4462 463 εδδ

1200 546 1362 601 cellat
1392 560 1406 597 :
1437 550 1488 597 et
1520 549 1773 611 tanquam
1804 552 2002 606 suppar
2028 547 2190 604 alque
2217 546 2462 600 repressa
2507 540 2772 598 tcmpora-
2802 532 2849 589 Α
2878 537 3038 595 atque
3067 524 3353 580 volaticam
3394 524 3589 578 exhibe
3638 538 3858 586 curam;
3894 523 3947 577 in
3980 524 4079 578 hac
4112 536 4470 591 perseveran-

1196 637 1331 690 lium
1362 649 1541 689 rerum
1571 648 1699 688 cura
1733 627 1902 700 885
1930 626 2252 682 subserviat.
2273 624 2428 677 Sicut
2457 622 2506 674 in
2531 616 2775 674 Canticis

1200 724 1424 795 legitur:
1454 742 1473 774 ι
1504 722 1657 776 Laeva
1682 720 1797 788 ejus
1817 719 1915 771 sub
1938 716 2113 785 capite
2136 729 2277 773 meo,
2309 721 2364 766 et
2378 713 2597 765 dextera
2632 706 2775 760 illius

1199 812 1596 882 amplexabitur
1636 823 1722 862 me
1756 805 1929 877 (Cant.
1958 805 2040 877 ιι).
2080 823 2099 855 ›
2141 804 2299 856 Laeva
2328 800 2525 868 quippe
2552 798 2777 851 subesse

1198 901 1361 968 capiti
1386 899 1598 960 dicitur,
1626 912 1748 951 cum
1779 910 2017 964 przrsens
2044 894 2152 945 vita
2196 908 2223 944 a
2257 898 2454 948 mente,
2486 903 2606 955 quae
2630 884 2778 954 cogi-

1201 990 1464 1046 tationum
1493 997 1653 1053 caput
1678 993 1777 1047 est,
1805 984 2053 1051 despecta
2085 982 2345 1034 calcatur.
2377 979 2621 1032 Dextera:
2645 989 2776 1029 vero

1198 1076 1541 1145 amplexibus
1574 1075 1874 1145 stringitur,
1916 1073 2005 1141 qui
2038 1071 2204 1124 solius
2236 1078 2450 1124 aeterna:
2468 1069 2591 1121 vim
2632 1066 2775 1121 desi-

1197 1166 1366 1220 deriis
1398 1165 1633 1232 undique
1672 1164 1991 1217 delectatur.
2033 1161 2199 1213 Plane
2240 1160 2361 1227 quia
2417 1168 2469 1223 et
2515 1157 2770 1211 Salomon

1198 1254 1313 1307 ait:
1339 1268 1360 1303 ι
1380 1253 1452 1307 Da
1475 1262 1681 1321 partem
1704 1261 1930 1319 septem,
1954 1264 2161 1303 necnon
2178 1256 2372 1301 etocto
2398 1244 2593 1311 (Eccle.
2611 1244 2687 1313 χι)
2712 1259 2769 1307 »;

1196 1343 1282 1398 sic
1312 1350 1633 1411 prmsentetn
1660 1340 1823 1393 vitam
1847 1378 1862 1399 ,
1905 1352 2025 1406 qua?
2054 1352 2150 1405 per
2177 1334 2541 1403 septenarium
2584 1345 2773 1385 nume-

1198 1443 1320 1481 rum
1354 1429 1686 1495 designatnr,
1717 1438 1968 1487 excurre,
2011 1432 2068 1476 ut
2088 1422 2200 1489 jam
2249 1422 2303 1474 in
2346 1433 2531 1473 amore
2559 1417 2774 1481 futurze,

1197 1530 1321 1584 qua:
1344 1530 1438 1583 per
1457 1516 1793 1568 octonarium
1821 1512 2231 1567 resurrectionis
2252 1509 2507 1577 exprimit
2530 1508 2779 1578 gloriam,

1198 1604 1330 1657 totis
1358 1604 1575 1658 studeas
1604 1603 1901 1658 visceribus
1946 1601 2207 1656 habitare.
2234 1599 2312 1653 llli
2356 1597 2778 1655 oerfunctoriam

2884 626 2992 671 tem
3033 627 3197 685 atque
3227 623 3566 684 perpetuam,
3599 615 3737 667 sicut
3768 622 3969 667 aeterna
4018 624 4134 677 est,
4183 612 4467 669 indeﬁcum

2880 704 3186 759 dilectionis
3210 703 3311 773 fige
3332 701 3674 757 sententiam.
3698 700 3869 755 Porro
3894 700 4035 770 quod
4062 701 4127 756 de
4155 701 4469 758 transitoria

2880 794 2987 847 vita
3036 793 3296 873 dicimus,
3329 793 3429 846 hoc
3465 800 3518 847 et
3562 792 3629 847 de
3671 791 3930 845 exteriori
3961 792 4245 860 prudentia
4276 804 4470 846 conse-

2880 890 3106 951 quenter
3147 883 3502 935 admonemus
3532 898 3545 934 :
3576 883 3829 936 nimirum
3882 895 3938 937 ut
3985 883 4035 935 in
4068 882 4249 935 animo
4288 892 4381 936 tuo
4410 888 4467 936 et

2881 968 3193 1039 temporalis
3218 970 3343 1032 vita,
3370 979 3423 1023 et
3453 970 4001 1029 scientiasmcularis,
4027 976 4283 1038 tanquam
4316 982 4463 1023 men-

2884 1057 2953 1111 tis
2981 1058 3132 1111 calce
3180 1057 3455 1125 depres’sa,
3497 1058 3760 1111 subsidat.
3809 1058 3977 1111 Amor
4022 1065 4205 1111 autem
4248 1065 4468 1110 aeterna:

2878 1144 3024 1207 vitm,
3047 1154 3102 1197 et
3123 1144 3423 1212 spiritualis
3444 1146 3679 1199 studium
3700 1145 4156 1213 sapientite,velut
4180 1145 4232 1199 in
4253 1161 4465 1200 summa

2879 1236 3062 1289 cordis
3091 1236 3163 1289 tui
3193 1238 3524 1291 constitutus
3548 1251 3675 1290 arce
3701 1236 4006 1305 praecellat;
4045 1246 4312 1305 quatenus
4341 1235 4468 1289 dum

2880 1322 3122 1393 fragilem
3150 1324 3288 1377 hanc
3314 1324 3480 1377 vitam
3512 1340 3635 1378 cum
3662 1340 3757 1388 sua
3785 1326 4053 1395 sapientia
4094 1324 4348 1393 despicis,
4380 1339 4468 1376 rc-

2878 1415 3010 1483 pleri
3035 1415 3217 1468 divino
3242 1414 3468 1482 Spiritu,
3492 1416 3582 1483 qui
3613 1416 3677 1469 ad
3704 1425 3962 1470 mternam
3989 1425 4042 1471 te
4068 1422 4325 1486 provocet
4353 1413 4473 1484 glo-

2879 1506 3043 1570 riam,
3076 1504 3218 1560 felici
3246 1506 3623 1561 vicissitudine
3650 1507 3940 1560 merearis.

3219 1593 3300 1649 Sit
3328 1611 3513 1649 nomen
3536 1594 3745 1648 Domini
3773 1595 4118 1649 benedictum.

1249 1788 4446 1825 MM

1288 1961 1647 2034 εδει-⁸⁸6
1705 1970 2483 2079 OPUSCULUM
2560 1959 3642 2089 QUINQUAGESIMU

1988 1970 2483 2077 SCULUM
2560 1966 2877 2089 QUIN
2889 1959 3759 2087 QUAGESIMUM
3835 1961 4342 2066 NONUM.

2153 2180 2256 2239 DE
2300 2171 2749 2233 NOVlSSlMlb
2792 2169 2893 2228 ET
2934 2165 3497 2257 ANTICHRI'STO.

2600 2332 2934 2345 ————-—_——-—

1198 2432 1605 2486 Aacunsnrun.
1633 2455 1697 2465 --
1727 2421 1976 2479 Ostendit
2001 2422 2173 2490 primo
2197 2417 2406 2473 ditlicile
2430 2417 2721 2490 esscglaqui
2757 2416 2822 2469 de
2846 2412 3015 2490 rebus
3036 2410 3377 2490 novissimis;
3409 2408 3602 2490 deinde
3633 2409 3815 2467 utilem
3846 2425 4202 2490 essecarum
4234 2411 4468 2490 medita-

1280 2481 1478 2552 tionem
1508 2498 1571 2548 ad
1607 2509 1692 2547 res
1716 2494 1976 2546 humanas
2002 2481 2409 2553 despiciendas;
2440 2487 2606 2539 tertio
2633 2481 2875 2553 tlispttlal
2898 2484 2962 2536 de
2992 2481 3311 2553 Antichristi
3345 2494 3510 2547 regno
3534 2489 3589 2533 et
3628 2490 3838 2545 morte;
3876 2481 4109 2550 denique
4142 2483 4206 2535 de
4239 2481 4468 2550 quinde-

1270 2569 1379 2622 cim
1411 2566 1598 2634 signis,
1630 2579 1749 2633 qua:
1773 2577 1836 2617 ex
1864 2570 2051 2615 sancto

2130 2561 2401 2627 ieronymo
2432 2558 2570 2610 diem
2591 2555 2775 2623 judicii
2805 2552 3129 2621 precedent.

1270 2696 1474 2751 Dilecto
1526 2691 1679 2745 fratri
1739 2691 1870 2743 A05
1920 2687 2134 2742 Pernus
2175 2693 2421 2755 peccator
2473 2682 2770 2737 monachus
2800 2687 2843 2745 Β
2866 2678 3010 2747 jora,
3066 2677 3169 2729 ista
3219 2676 3329 2730 sint
3377 2676 3871 2744 i..comparabiliter
3944 2678 4187 2733 minima.
4229 2660 4463 2749 [deoque

1204 2784 1424 2841 humilis
1450 2783 1501 2835 in
1531 2780 1757 2833 Domino
1785 2778 2031 2831 salutem.

1722 2863 1949 2920 CAPUT
1990 2860 2278 2917 PRIMUM.

1449 2960 1525 3015 De
1545 2957 1695 3015 rebus
1726 2954 2015 3009 novissimis
2045 2952 2184 3021 loqui
2216 2950 2423 3020 diﬁicile
2457 2959 2550 3003 est.

1268 3051 1420 3120 Quod
1451 3065 1556 3113 me,
1586 3049 1748 3102 frater
1771 3044 2104 3107 charissime,
2131 3043 2256 3111 quid
2276 3050 2399 3095 ante
2414 3040 2594 3095 mundi
2627 3053 2777 3095 crea-

1198 3146 1400 3199 tionem
1428 3140 1608 3203 fuerit,
1649 3136 1773 3206 quid
1796 3145 1914 3205 post
1929 3133 2188 3202 judicium
2217 3134 2281 3186 de
2313 3132 2509 3187 mundo
2538 3132 2775 3185 futurum

1200 3233 1290 3295 sit,
1324 3230 1565 3286 discutis.
1592 3226 1785 3294 deipso
1805 3237 2019 3292 quoque
2040 3221 2243 3289 judicio
2273 3221 2499 3274 solerter
2523 3220 2775 3288 inquiris,

1199 3332 1255 3377 tu
1271 3319 1487 3389 quidem
1524 3316 1786 3383 religiose,
1812 3324 1866 3367 et
1894 3311 2186 3380 prudenter
2215 3310 2360 3376 agis;
2386 3324 2572 3361 verum
2606 3322 2690 3363 me
2713 3310 2778 3361 ad

1200 3408 1473 3478 incognita
1500 3405 1764 3475 pertrahis
1787 3412 1842 3455 et
1885 3418 2003 3470 qum
2050 3399 2274 3453 necdum
2324 3398 2483 3453 didici
2517 3438 2531 3460 ,
2586 3399 2780 3453 docere

1196 3499 1503 3568 compellis.
1560 3496 1767 3563 Quaeris
1790 3493 1943 3563 plane
1988 3491 2127 3561 quod
2167 3489 2389 3547 nescio;
2441 3488 2612 3558 exigis
2637 3487 2779 3557 quod

1202 3591 1414 3661 ignoro.
1472 3588 1601 3641 Nam
1629 3596 1682 3639 et
1710 3585 1876 3639 Isaias
1905 3586 2017 3636 ait:
2048 3582 2237 3635 Priora
2279 3580 2597 3635 annuntiate
2624 3580 2777 3641 mihi,

1200 3690 1255 3734 et
1283 3678 1574 3733 novissima
1601 3690 1718 3744 quae
1764 3673 1937 3726 futura
1996 3681 2122 3725 sunt
2151 3709 2166 3733 ,
2215 3680 2271 3723 et
2325 3669 2499 3723 dicam
2552 3668 2675 3736 quia
2707 3667 2778 3721 dii

1192 3768 1334 3823 estis
1405 3765 1539 3836 (Ira.
1583 3764 1728 3831 LXI);
1760 3771 1946 3829 aperte
1974 3760 2158 3813 volens
2178 3759 2481 3827 exprimere
2510 3758 2780 3813 nemiuem

1198 3872 1360 3927 posse
1385 3856 1515 3925 quid
1539 3863 1666 3908 ante
1693 3850 1951 3906 mundum
1982 3848 2164 3910 fuerit,
2191 3848 2273 3902 vel
2300 3856 2421 3915 post
2464 3862 2587 3901 eum
2639 3845 2778 3900 futu-

1199 3960 1321 4001 rum
1377 3945 1469 4006 sit,
1520 3955 1825 3996 enarrare“
1856 3938 2208 3992 Fructuosum
2239 3946 2321 3990 est
2350 3944 2534 3991 tamen
2560 3936 2780 4003 inquiri,

2880 2766 3089 2820 facilius
3118 2766 3423 2834 comparari
3447 2775 3671 2833 possunt
3729 2767 3878 2830 finita
3933 2766 4119 2826 finitis.
4175 2786 4336 2838 quam
4399 2786 4461 2825 ea

2880 2870 2997 2921 qua:
3047 2852 3209 2907 linem
3253 2854 3454 2907 habent
3491 2855 3557 2907 iis
3581 2871 3699 2924 qua:
3728 2855 3875 2910 nullo
3902 2865 4125 2926 possunt
4181 2861 4285 2912 line
4332 2874 4463 2913 con—

2878 2944 3044 2997 cludi.
3083 2944 3215 2996 Nam
3247 2944 3370 3013 quia
3401 2944 3543 2998 Deus
3567 2955 3647 2997 est
3695 2944 3853 3013 alpha
3905 2956 3960 2999 et
3995 2961 4208 3016 omega,
4261 2950 4465 3017 princi—

2879 3034 3023 3101 pium
3042 3033 3243 3086 ettinis
3277 3032 3460 3102 (Apoc.
3492 3035 3647 3104 un),
3689 3034 3832 3089 sicut
3876 3036 3993 3090 sine
4043 3037 4201 3092 initio
4251 3054 4465 3109 semper

2878 3124 3104 3187 exstitit,
3139 3124 3216 3178 ita
3247 3124 3407 3179 linem
3435 3125 3636 3179 habere
3658 3142 3763 3179 non
3779 3130 4002 3196 poterit.
4032 3126 4261 3184 Mundus
4285 3141 4464 3185 autem

2880 3217 2979 3286 iste
3009 3217 3075 3270 ab
3106 3217 3223 3285 ipso
3252 3229 3367 3270 suae
3386 3216 3679 3270 creatiouis
3700 3218 3942 3275 exordio.
3986 3234 4081 3273 nec
4104 3222 4229 3273 dum
4260 3230 4467 3289 septem

2880 3306 3041 3360 millia
3067 3320 3336 3360 annorum
3368 3306 3621 3374 implesse
3646 3310 4021 3377 cognoscitur.
4053 3309 4117 3363 Et
4160 3312 4281 3379 quis
4326 3313 4468 3365 sciat

2878 3414 3046 3467 quam
3070 3399 3236 3453 breve
3267 3398 3508 3453 futurum
3563 3400 3632 3453 sit
3677 3401 3939 3468 temporis
3987 3402 4238 3469 spatium,
4296 3418 4467 3473 usque

2878 3503 2986 3557 quo
3022 3487 3164 3541 Deus
3186 3487 3529 3557 judicaturus
3552 3496 3635 3543 est
3666 3489 3960 3543 mundum?
4008 3492 4285 3556 Quomodo
4337 3507 4466 3564 ergo

2878 3578 3178 3644 comparari
3206 3586 3427 3643 possunt
3448 3588 3651 3645 septem
3684 3578 3874 3642 millia,
3928 3580 4011 3633 vel
4061 3581 4224 3635 etiam
4270 3583 4464 3637 decem

2880 3665 3041 3720 millia
3094 3682 3356 3722 annorum
3413 3667 3795 3724 interminabili
3845 3668 4143 3724 divinitatis
4192 3673 4461 3734 essentia),

2880 3769 2998 3825 qua:
3036 3770 3133 3809 nec
3155 3755 3417 3824 originem
3446 3757 3623 3823 potuit
3651 3756 3871 3824 habere,
3906 3774 4005 3813 nec
4028 3759 4226 3814 linem?

3511 3847 3742 3903 CAPUT
3779 3847 3841 3903 ll.

3173 3936 3470 3992 Novissima
3501 3938 3748 3993 meditari
3765 3955 3923 4009 quam
3938 3940 4068 3994 utile
4093 3942 4177 3995 sit.

1201 4035 1331 4091 licet
1358 4049 1443 4088 res
1473 4033 1715 4087 absolute
1739 4037 1971 4097 nequeat
1996 4026 2278 4097 explicari.
2305 4026 2551 4080 Humana
2578 4025 2777 4095 quippe
2805 4031 2849 4094 C
2950 4026 3085 4083 Cum
3119 4028 3234 4084 htec
3266 4030 3429 4100 igitur
3472 4038 3527 4084 et
3583 4030 3890 4099 hujusmodi
3945 4034 4187 4103 pervigili
4238 4035 4467 4090 medita-

1204 4142 1364 4181 mens
1387 4122 1688 4193 hujusmodi
1716 4130 1920 4173 natura:
1940 4127 2043 4182 est,
2066 4127 2124 4170 ut
2144 4115 2562 4185 cogitationibus
2586 4130 2781 4171 vacare

1204 4231 1308 4269 non
1333 4214 1535 4283 possit;
1579 4212 1832 4264 auteoim
1857 4224 1913 4263 se
1940 4216 2158 4263 exercet
2200 4207 2255 4260 in
2291 4208 2470 4272 seriis,
2495 4214 2590 4262 aut
2639 4206 2785 4262 dele-

1205 4312 1383 4356 ctatur
1416 4302 1468 4355 in
1502 4300 1689 4363 vanis;
1730 4307 1784 4353 et
1819 4298 1990 4352 donec
2035 4297 2187 4351 utilia
2228 4297 2541 4361 meditatur,
2583 4297 2650 4352 ab
2698 4296 2783 4350 in-

1202 4394 1508 4466 gruentium
1539 4390 1944 4445 meditatiomun
1971 4388 2270 4457 irruptione
2297 4386 2618 4443 defenditur.
2671 4386 2783 4443 Nec

1204 4485 1443 4554 pravitas
1469 4482 1630 4537 habet
1652 4480 1964 4535 susurrandi
2007 4479 2203 4544 locum,
2251 4478 2341 4533 ubi
2387 4494 2537 4533 mens
2565 4478 2782 4533 utilibus

1204 4574 1370 4629 rebus
1392 4574 1593 4626 intenta
1617 4570 1863 4625 strictum
1892 4578 2040 4623 tenet
2086 4584 2207 4624 cum
2244 4569 2439 4638 sobria_
2455 4569 2782 4638 cogitatione

1201 4661 1508 4716 consilium.
1542 4660 1709 4729 Igitur
1754 4672 1932 4728 operte
1969 4658 2201 4727 pretium
2234 4664 2317 4711 est
2363 4665 2417 4711 et
2472 4658 2603 4710 satis
2652 4657 2783 4712 utile

1204 4752 1446 4821 cogitare
1472 4763 1635 4817 quam
1666 4749 1830 4801 breve
1860 4747 1930 4800 sit
1967 4748 2199 4815 Spatium
2249 4746 2546 4800 transitorii
2579 4756 2781 4815 tempo-

1208 4838 1284 4891 ris
1326 4838 1393 4891 ad
1438 4845 1897 4905 comparationem
1956 4834 2073 4903 ejus
2136 4834 2339 4904 jugiter
2390 4834 2778 4903 permanentia.

1206 4922 1341 4980 Nam
1369 4927 1415 4980 si
1450 4923 1697 4979 conferre
1724 4923 1853 4977 illud
1878 4923 2125 4977 volumus
2156 4924 2430 4979 immensa:
2456 4923 2783 4991 magnitudi-

1208 5018 1292 5071 nis
1317 5018 1545 5086 spatium
1568 5031 1675 5084 quo
1710 5015 1851 5069 Deus
1868 5015 2075 5069 exstitit
2095 5021 2219 5067 ante
2248 5013 2431 5067 mundi
2484 5013 2643 5081 hujus
2672 5014 2782 5067 ori-

1209 5108 1403 5175 ginem,
1437 5105 1565 5159 illud
1580 5118 1815 5173 quoque,
1838 5105 1981 5172 quod
2012 5110 2135 5172 post
2171 5101 2410 5169 ejusdem
2444 5102 2627 5157 mundi
2653 5117 2776 5171 per-

1212 5210 1524 5249 mansurum
1558 5200 1643 5247 est
1697 5192 1881 5257 finem,
1936 5207 2057 5245 cum
2120 5191 2220 5245 hoc
2265 5190 2473 5244 tantillo
2517 5201 2780 5261 tempore,

1208 5291 1351 5357 quod
1376 5298 1455 5341 est
1481 5288 1548 5342 ab
1576 5288 1730 5341 initio
1775 5287 1955 5341 nmndi
2005 5301 2177 5355 usque
2234 5287 2301 5341 ad
2364 5287 2523 5341 linem
2573 5288 2779 5351 mundi,

2885 4122 3028 4176 tione
3054 4123 3396 4187 discutimus,
3418 4123 3545 4177 dum
3562 4124 3688 4178 'hazc
3714 4124 4032 4194 suppliciter
4053 4126 4106 4181 in
4138 4127 4466 4195 cogitatione

2883 4228 3181 4277 versamus,
3211 4229 3314 4267 non
3336 4228 3537 4281 parvus
3571 4224 3771 4268 nostrae
3798 4217 3993 4269 mentis
4048 4214 4326 4285 profectus
4370 4231 4465 4271 ac-

2880 4304 3145 4370 quiritur;
3170 4302 3297 4372 quia
3316 4303 3443 4356 dum
3476 4302 3771 4358 meditatur
3816 4314 4016 4359 :eterna
4048 4345 4063 4369 ,
4104 4306 4308 4375 liquido
4337 4322 4467 4363 con-

2881 4393 3040 4463 spicit
3078 4407 3240 4461 quam
3273 4392 3615 4462 despicienda
3660 4393 3771 4447 sint
3817 4394 4155 4463 temporalia.
4190 4396 4326 4451 Dum
4360 4398 4464 4470 igi-

2882 4496 2970 4539 tur
2997 4499 3149 4539 mens
3187 4485 3469 4539 rationalis
3496 4486 3611 4541 hare
3639 4486 3861 4556 cogitat,
3916 4489 4135 4543 additur
4183 4491 4348 4545 etiam
4407 4500 4468 4546 ut

2880 4578 3227 4646 semetipsam
3257 4593 3360 4631 non
3392 4593 3514 4632 cum
3545 4589 3785 4648 tempore
3822 4582 4195 4647 transituram,
4228 4584 4323 4639 sed
4347 4586 4465 4640 sine

2884 4668 2990 4721 fine
3021 4668 3285 4721 victuram
3322 4680 3440 4721 esse
3470 4670 3780 4739 perpendat.
3809 4669 4128 4726 Considerat
4167 4674 4352 4743 itaque
4406 4690 4468 4731 se

2884 4757 3187 4827 hujusmodi
3235 4772 3355 4812 esse
3384 4768 3614 4823 naturae,
3654 4768 3712 4813 ut
3733 4763 4039 4816 necessario
4081 4773 4170 4816 aut
4194 4765 4469 4835 perpetuis

2881 4849 3117 4917 potiatur
3152 4844 3407 4917 praemiis,
3437 4858 3530 4901 aut
3558 4850 3833 4920 suppliciis
3883 4854 4165 4907 crucietur
4210 4857 4454 4911 aeternis.

2883 4938 3007 4993 Haec
3048 4938 3227 5005 itaque
3270 4937 3452 4992 sedula
3510 4940 3859 4995 meditatione
3908 4942 4212 5007 discutere,
4268 4945 4361 4998 sed
4410 4957 4465 5000 et

2883 5027 3020 5081 diem
3058 5026 3249 5095 judicii
3296 5027 3523 5081 sollicite
3566 5042 3877 5096 praecavere
3908 5070 3923 5092 ,
3989 5047 4093 5085 non
4136 5047 4334 5101 parvus
4381 5043 4466 5089 est

2883 5114 3092 5171 fructus
3120 5134 3133 5167 :
3171 5115 3223 5168 in
3248 5130 3356 5184 quo
3377 5115 3626 5169 videlicet
3647 5116 3733 5171 die
3754 5118 3837 5174 cui
3892 5118 4059 5173 semel
4087 5121 4223 5174 bene
4250 5137 4466 5176 succes-

2883 5202 3040 5265 serit,
3067 5201 3205 5256 ultra
3234 5217 3339 5255 non
3363 5218 3610 5266 corruet;
3642 5213 3694 5257 et
3726 5205 3810 5258 cui
3844 5219 3902 5260 se
3943 5222 4030 5261 res
4081 5207 4134 5260 in
4185 5208 4463 5263 sinistram

2883 5292 3127 5353 verterit,
3160 5291 3226 5345 de
3246 5301 3441 5344 caetero
3459 5306 3565 5348 non
3604 5304 3914 5363 consurget.
3942 5294 4093 5361 Quod
4151 5297 4342 5373 itaque
4398 5299 4466 5352 de

1213 5378 1385 5433 minor
1411 5387 1495 5432 est
1524 5378 1637 5431 hrcc
1666 5376 2019 5446 comparatio,
2042 5391 2203 5445 quam
2249 5377 2295 5429 si
2328 5377 2586 5446 pugillum
2626 5392 2779 5446 aquae
2810 5368 2857 5425 D
2885 5379 3174 5448 diejudieii
3200 5381 3397 5449 quaeris
3424 5390 3478 5434 et
3514 5383 3871 5447 Antichristo,
3930 5386 4044 5454 lege
4072 5368 4266 5439 librum
4320 5388 4465 5442 beati

1212 5464 1268 5519 in
1296 5481 1444 5521 mare
1468 5464 1740 5535 projicias,
1773 5465 1855 5520 vel
1895 5467 1940 5520 si
1968 5479 2275 5519 mensuram
2302 5466 2468 5519 cubiti
2515 5482 2637 5521 cum
2668 5476 2778 5521 toto

1213 5562 1476 5609 terrarum
1511 5556 1683 5624 spatio
1708 5553 1955 5609 conferre
1975 5555 2285 5609 contendas.
2318 5553 2451 5609 Nam
2479 5564 2533 5611 et
2554 5557 2779 5611 immen-

1214 5644 1347 5700 sitas
1372 5647 1558 5710 maris,
1581 5653 1636 5701 et
1680 5646 1912 5716 spatium
1957 5655 2114 5700 terra:
2154 5645 2302 5699 finita
2334 5654 2482 5709 sunt,
2535 5647 2675 5703 sicut
2726 5656 2779 5702 et

1219 5735 1443 5808 pugillus
1473 5750 1642 5805 aquae,
1666 5744 1720 5790 et
1757 5750 2003 5790 mensura
2030 5735 2193 5790 cubiti
2223 5752 2237 5801 ;
2269 5738 2515 5807 quamvis
2544 5737 2631 5790 illa
2669 5751 2777 5791 ma-

2888 5471 3169 5541 Augustini
3208 5472 3283 5525 De
3325 5472 3543 5526 civitate
3587 5473 3707 5537 Dei,
3748 5484 3800 5529 et
3836 5476 4235 5546 Expositionem
4291 5480 4463 5538 sancd

2888 5559 3195 5628 Hieronymi
3256 5560 3306 5614 in
3366 5559 3642 5617 Danielem
3678 5564 3995 5633 prophetam
4025 5604 4040 5628 ,
4089 5563 4463 5635 Apocalypsin

2885 5664 3096 5718 quoque
3117 5664 3238 5704 cum
3269 5652 3675 5707 commentariis
3720 5653 3879 5706 suis:
3936 5653 3989 5707 in
4042 5652 4238 5721 quibus
4283 5656 4433 5724 ntiqu

2885 5738 3237 5794 sufficientem
3263 5739 3357 5793 tibi
3382 5741 3626 5795 notitiam
3655 5740 3813 5810 hujus
3858 5744 4095 5797 materiae
4134 5744 4333 5813 poteris
4384 5748 4439 5801 in
