5962 6520
1019 499 1117 556 κω

1891 481 2136 541 OPUSC.
2177 479 2295 537 LX.
2331 509 2405 524 —
2444 474 2814 534 EXPOSITIO
2855 473 3040 530 LIBRI
3079 469 3469 539 GENESEOS.

4222 460 4334 519 ιιι

1017 609 1089 666 ad
1113 603 1652 673 occ..sumpatebunt,
1670 596 2027 654 cadaveribus
2047 592 2417 665 surgentibus,
2446 601 2621 657 usque
2648 592 2700 650 Α
2728 598 2847 643 rent
2875 594 2933 641 ut
2962 595 3228 641 amentes.
3265 583 3495 653 Signum
3540 578 3735 633 decimi
3767 577 3939 647 quinti
4001 574 4119 673 diei
4143 594 4155 627 :
4175 667 4187 673 μ
4210 572 4338 630 Vivt

1033 698 1102 754 ad
1124 698 1312 753 horam
1334 694 1545 766 judicii.
1580 691 1807 760 Signum
1843 684 2220 756 decimiquarti
2251 683 2356 737 diei
2386 695 2403 734 :
2453 678 2627 734 Omne

1034 791 1330 847 humanum
1360 802 1552 859 genus,
1582 783 1724 853 quod
1770 782 2048 836 inventum
2084 779 2263 841 fuerit,
2290 776 2355 829 de
2408 773 2625 827 habita-

1031 876 1170 934 culis
1189 885 1246 933 et
1288 876 1355 931 de
1403 874 1538 929 locis
1588 872 1642 927 in
1686 872 1884 941 quibus
1926 878 2087 923 erunt
2117 866 2379 921 velociter
2434 863 2630 917 absce-

1034 965 1164 1024 dent
1183 1008 1200 1035 ,
1228 982 1333 1022 non
1359 964 1722 1035 intelligentes
1748 976 1922 1031 neque
1950 960 2267 1030 loquentes;
2296 955 2389 1009 sed
2412 952 2628 1007 discur-

1106 1078 1223 1151 (30)
1259 1077 1460 1149 Opusc.
1490 1075 1651 1145 hujus
1678 1074 1800 1129 linis
1830 1072 2044 1126 videtur
2075 1045 2446 1139 imperfectus.

2736 682 2988 735 homines
3015 677 3342 741 morientur,
3373 682 3431 730 ut
3461 680 3754 743 resurgant
3773 686 3897 726 cum
3921 670 4154 725 mortuis
4174 667 4339 741 longe

2736 782 2863 827 ante
2892 771 3165 828 defunctis
3187 769 3324 840 (50).

3043 883 3121 938 Sit
3148 897 3334 937 nomen
3368 878 3579 934 Domini
3605 877 3971 933 Benedictum.

1050 1192 4312 1249 ___________________________________.

1516 1334 1883 1409 εεθέθο
1939 1346 2729 1460 OPUSCULUM
2829 1341 3833 1451 SEXAGESIMUM.

1582 1539 2017 1603 EXPOSITIO
2061 1538 2419 1600 MYSTICA
2463 1534 3035 1598 HISTORIARUM
3080 1536 3296 1599 LIBRI
3341 1535 3780 1599 GENESEOS.

1548 1726 1777 1784 CAPUT
1824 1725 2114 1782 PRIMUM.

1330 1820 1476 1875 Dixit
1507 1817 1644 1872 Deus
1668 1835 1687 1873 :
1710 1817 1847 1873 Fin
1874 1832 1979 1872 Lux
1995 1858 2009 1880 ,
2040 1818 2211 1885 prima
2236 1816 2341 1871 die.

1106 1912 1350 1982 Qualiter
1390 1910 1570 1966 valeat
1613 1911 1777 1965 homo
1837 1910 2206 1965 consummari
2255 1917 2310 1963 et
2360 1908 2634 1978 quomodo

1036 2006 1232 2062 debeat
1261 2002 1472 2073 perlici,
1518 2001 1653 2056 liber
1683 2000 1772 2055 hic
1797 2000 2074 2055 succincte
2096 1999 2432 2069 perstringit,
2475 2008 2639 2069 prout

1036 2110 1107 2152 ex
1159 2092 1345 2149 mundi
1404 2089 1698 2146 creationis
1743 2090 1933 2144 ordine
1979 2089 2207 2159 reperiri
2260 2090 2439 2144 datur.
2496 2088 2637 2154 Quia

1032 2186 1183 2244 enim
1220 2186 1387 2241 homo
1434 2184 1851 2247 microcosmus,
1885 2182 1989 2237 hoc
2036 2190 2122 2236 est
2176 2181 2355 2235 minor
2401 2181 2639 2235 mundus

1034 2290 1161 2333 esse
1194 2275 1429 2339 dicitur,
1482 2287 1709 2328 necesse
1761 2280 1842 2325 est
1890 2279 1949 2325 ut
2002 2270 2071 2325 ad
2123 2285 2233 2325 sum
2289 2268 2641 2339 plenitudinis

1041 2365 1383 2421 incrementa
1418 2361 1753 2418 contendens
1791 2361 1964 2431 ipsam
2000 2360 2285 2415 mundana:
2311 2358 2640 2415 conditionis

1034 2454 1276 2525 speciem
1314 2453 1579 2515 imitetur,
1610 2460 1688 2515 et,
1715 2451 1859 2506 sicut
1885 2449 2115 2507 visibilis
2148 2460 2311 2519 atque
2340 2464 2640 2519 corporeus

1036 2543 1131 2600 hic
1157 2541 1391 2597 mundus
1424 2556 1522 2611 per
1549 2555 1770 2595 suamm
1809 2539 2042 2610 partium
2095 2539 2291 2594 molem
2339 2548 2395 2592 et
2426 2538 2639 2607 magni-

1038 2631 1283 2688 tudinem
1310 2638 1721 2686 consummatus
1750 2639 1854 2693 est,
1886 2628 1964 2684 sic
1991 2638 2047 2684 et
2090 2630 2253 2684 homo
2280 2639 2466 2683 noster
2503 2629 2642 2682 inte-

1036 2720 1158 2777 rius
1203 2720 1271 2774 ad
1331 2720 1414 2774 sui
1466 2718 1858 2790 plenitudinem
1906 2717 2168 2788 paulatim
2216 2716 2497 2787 perveniat
2546 2731 2643 2785 per

1039 2816 1337 2880 augmenta
1385 2809 1669 2864 virtutum.
1707 2808 1784 2863 De
1821 2824 1926 2878 qua
1974 2808 2241 2883 spirituali
2304 2806 2640 2877 plenitudine

1040 2898 1184 2957 dicit
1234 2898 1529 2971 Apostolus
1580 2916 1594 2953 :
1641 2916 1661 2949 ι
1711 2898 1895 2954 Donec
1942 2912 2299 2954 eccm-ramus
2340 2908 2539 2952 ‘omues
2586 2896 2641 2953 in

1036 2990 1225 3047 virum
1267 2987 1594 3060 perfectum,
1626 2987 1680 3042 in
1711 3003 2024 3043 mensuram
2055 2988 2234 3043 :etatis
2284 2987 2642 3057 plenitudinis

1039 3080 1272 3139 Christi.
1306 3100 1326 3134 ι
1359 3080 1511 3137 Tunc
1540 3090 1722 3135 autem
1756 3080 1809 3134 in
1840 3080 2061 3135 homine
2088 3080 2290 3135 dicitur
2318 3089 2379 3133 ut
2404 3078 2499 3148 ﬁat
2527 3079 2641 3143 tua“,

1043 3188 1174 3229 cum
1204 3173 1365 3228 datur
1396 3173 1449 3228 ei
1489 3181 1550 3228 ut
1577 3172 1904 3227 illominatio
1949 3171 2052 3227 sibi
2096 3170 2437 3227 credulitatis
2476 3167 2640 3223 inful-

1040 3274 1205 3336 geat;
1234 3266 1409 3336 prima
1439 3265 1638 3336 quippe
1668 3265 1867 3319 mentis
1898 3263 1989 3318 lux
2036 3264 2171 3318 lides
2200 3272 2301 3319 cst.
2339 3261 2490 3318 Unde
2532 3263 2644 3330 jam

1041 3352 1299 3410 ﬁdelibus
1330 3352 1581 3422 Ephesiis
1628 3353 1768 3408 bene
1816 3353 1948 3407 dicit
1990 3352 2279 3422 Apostolus
2329 3370 2343 3407 :
2383 3371 2401 3403 ι
2448 3352 2649 3407 Fuistis

1042 3427 1345 3514 aliq'uando
1370 3445 1633 3508 tenebrae,
1665 3460 1811 3499 nunc
1847 3454 2028 3500 autem
2082 3444 2171 3499 lux
2227 3446 2280 3499 in
2322 3446 2584 3511 Domino;
2626 3463 2644 3496 ι

1042 3542 1109 3591 et
1152 3534 1257 3591 hoc
1302 3544 1387 3590 est
1431 3535 1668 3605 primum
1717 3536 1771 3590 in
1820 3534 1939 3606 lege
1993 3545 2323 3606 pneceptum
2369 3554 2436 3590 ει
2472 3536 2648 3602 Audi,

1044 3622 1215 3681 Israel
1244 3624 1547 3680 :Dominus
1576 3624 1722 3682 Deus
1752 3634 1879 3680 tuus
1916 3641 2053 3681 unus
2093 3634 2198 3681 est.
2236 3645 2254 3678 ι
2283 3625 2436 3682 Tunc
2469 3637 2652 3683 autem

1045 3716 1109 3773 In
1154 3716 1375 3772 homine
1417 3719 1627 3789 primus
1674 3718 1790 3777 dies
1834 3716 1931 3785 lit,
1974 3734 2099 3774 cum
2145 3734 2319 3775 novus
2367 3721 2434 3775 ad
2491 3720 2653 3776 (idem

1046 3806 1225 3863 venit.

1687 3897 1920 3956 CAPUT
1956 3900 2014 3954 ll.

1317 3985 1393 4041 De
1428 3986 1759 4057 [irritamento
1786 3998 1836 4042 et
1865 3988 2120 4043 divisione
2142 4004 2426 4060 aquarum.

1128 4074 1383 4134 Secunda
1428 4076 1518 4131 die
1561 4076 1688 4133 fecit
1746 4077 1887 4134 Dens
1938 4078 2367 4144 ﬁrmamentum,
2416 4088 2474 4136 et
2516 4079 2655 4137 divi-

1050 4168 1242 4227 siones
1268 4184 1568 4238 aquarum,
1596 4184 1825 4239 quarum
1871 4169 1993 4226 alia:
2038 4171 2106 4227 ad
2142 4169 2402 4226 inferiora
2452 4170 2660 4228 deﬂue-

1056 4266 1209 4323 rent,
1236 4256 1354 4312 aliae
1388 4259 1439 4311 in
1481 4258 1856 4326 superioribus
1907 4267 2276 4315 remanerent.
2308 4257 2447 4327 Quid
2474 4267 2660 4317 autem

1054 4346 1464 4403 ﬁrmamentum
1513 4347 1617 4402 nisi
1669 4350 1837 4403 robur
1884 4356 1970 4402 est
2008 4348 2456 4419 Seriptnrarum!
2504 4349 2660 4407 Unde

1054 4437 1259 4510 legitur
1286 4438 1431 4509 quod
1462 4439 1661 4495 cmlutn
1706 4438 1761 4494 in
1810 4440 1899 4495 die
1938 4439 2129 4511 jndicii
2181 4441 2474 4512 plicabitur
2521 4442 2664 4499 sicut

1060 4530 1221 4587 liber.
1253 4530 1392 4599 Quid
1419 4541 1603 4587 autem
1634 4541 1759 4587 sunt
1788 4548 1944 4601 aqum
1973 4533 2261 4589 inferiores
2282 4576 2297 4599 ,
2332 4535 2435 4589 nisi
2486 4536 2657 4591 homi-

1061 4637 1195 4678 num
1228 4622 1619 4689 mnltitudines,
1646 4621 1801 4691 juxta
1848 4623 1974 4678 illud
2010 4625 2403 4696 Apocalypsis;
2438 4646 2456 4677 ‹
2494 4627 2663 4697 Λίμιῖἓ
2688 4606 2743 4667 D

1060 4712 1283 4779 multa).
1325 4713 1508 4785 populi
1556 4714 1747 4769 multi?
1789 4734 1807 4766 ι
1836 4714 1976 4782 Quid
2029 4731 2155 4771 vero
2196 4718 2530 4785 superiores,
2562 4716 2665 4771 nisi

1058 4802 1219 4858 ebori
1254 4812 1380 4858 sunt
1408 4802 1758 4872 angelorum?
1781 4804 1849 4859 de
1877 4804 2073 4873 quibus
2106 4805 2157 4859 in
2190 4806 2399 4874 psalmo
2427 4806 2662 4861 dicitur:

1064 4909 1090 4948 ι
1122 4891 1191 4949 Bt
1218 4909 1370 4965 aqum
1397 4908 1610 4959 omnes,
1652 4910 1775 4965 qua:
1822 4911 1988 4966 super
2024 4896 2193 4951 caelos
2234 4906 2394 4961 sunt,
2444 4897 2667 4953 laudent

1061 4999 1261 5041 nomen
1292 4985 1523 5041 Domini.
1566 5006 1585 5038 ι
1612 4985 1804 5058 Augeli
1848 4987 1995 5043 enim
2028 4986 2438 5057 Scripturarnm
2466 4988 2666 5043 cmlnm

1064 5090 1233 5146 super
1262 5090 1320 5131 se
1353 5092 1461 5132 non
1508 5077 1732 5139 habent,
1774 5078 1869 5135 sed
1919 5079 2019 5134 sub
2059 5095 2149 5144 se,
2188 5078 2312 5148 quia
2349 5093 2455 5133 non
2507 5088 2671 5151 egent

1061 5176 1129 5225 ut
1174 5168 1396 5221 verbum
1442 5166 1537 5223 Dei
1586 5168 1830 5239 legentes
1877 5170 2117 5233 audiant,
2144 5170 2233 5239 qui
2283 5170 2456 5236 ipsum
2496 5169 2667 5225 Deum

1060 5265 1393 5329 prasentem
1441 5256 1589 5312 clare
1643 5257 1989 5327 conspiciunt
2043 5269 2099 5313 et
2155 5260 2207 5313 in
2270 5259 2389 5329 ejus
2450 5275 2668 5331 semper

1066 5363 1256 5404 sutore
1283 5346 1680 5404 llammescunt.
1725 5349 1862 5405 Cum
1915 5350 2082 5421 igitur
2127 5352 2289 5405 homo
2332 5367 2432 5421 per
2481 5350 2659 5405 firma-

1066 5448 1339 5506 mentum,
1373 5439 1478 5520 hoc
1499 5449 1605 5507 est,
1638 5454 1736 5510 per
1760 5441 1999 5497 cmlestis
2029 5442 2227 5513 eloquii
2259 5443 2669 5509 documentum,

1062 5525 1182 5603 fam
1211 5529 1404 5600 incipit
1430 5528 1673 5585 dividere
1697 5531 1988 5589 inferiores
2018 5548 2189 5604 aquas
2216 5549 2246 5588 a
2277 5534 2670 5604 superioribus,

1067 5619 1130 5680 Id
1156 5629 1262 5687 est,
1292 5620 1535 5677 carnalia
1559 5636 1591 5675 a
1626 5622 2023 5691 spiritualibus,
2056 5634 2268 5680 terrena
2305 5640 2332 5677 a
2361 5625 2674 5680 coelestibus

1068 5728 1362 5785 separare;
1415 5720 1542 5767 tunc
1579 5712 1633 5767 in
1687 5727 1756 5768 co
1803 5717 2073 5771 secundus
2117 5714 2175 5769 lit
2211 5716 2346 5780 dies,
2404 5716 2531 5786 quia
2567 5730 2673 5770 non

1073 5806 1238 5861 motio
1265 5802 1387 5858 fidei
1435 5802 1637 5870 lumen,
1670 5805 1767 5861 sed
1801 5805 1967 5863 etiam
2015 5822 2198 5863 rerum
2247 5807 2431 5877 incipit
2474 5806 2674 5863 habere

1074 5895 1481 5954 discretionem.

1400 5991 1680 6053 Parnon.
1724 6005 1944 6065 PXLV

3361 1727 3593 1785 CAPUT
3630 1728 3715 1784 III.

2665 1844 2713 1903 Β
2746 1821 2821 1876 De
2845 1836 3107 1891 aquarum
3140 1819 3544 1889 congregatione
3572 1819 3626 1873 in
3662 1817 3837 1872 locum
3870 1834 4033 1873 unum
4062 1818 4159 1873 sub
4192 1817 4345 1872 cutio.

2816 1914 2981 1970 Facta
3033 1915 3200 1985 igitur
3244 1915 3509 1969 divisione
3553 1927 3851 1981 aquarum,
3904 1912 4008 1985 hoc
4042 1920 4160 1977 est,
4202 1912 4351 1966 inter

2743 2018 2960 2065 terrena
2991 2018 3045 2063 et
3074 2007 3318 2062 cmicstia
3341 2046 3355 2070 ,
3408 2020 3630 2061 necesse
3675 2012 3761 2059 est
3805 2011 3865 2058 ut
3898 2003 4139 2058 humana
4189 2016 4349 2058 meus

2743 2105 2859 2158 haec
2886 2100 3078 2156 eadem
3109 2109 3327 2154 terrena
3361 2098 3625 2153 minutius
3651 2096 3881 2177 dividat,
3902 2106 3957 2152 et
3977 2095 4057 2151 sic
4086 2094 4351 2165 reprobos

2743 2193 3030 2258 homines,
3079 2189 3239 2259 hujus
3285 2200 3518 2245 terrena:
3566 2188 3849 2259 sapientia:
3895 2188 4172 2257 salsugine
4219 2204 4353 2259 pru-

2745 2284 2968 2346 rientes,
3000 2296 3030 2333 a
3072 2279 3257 2349 justis,
3292 2278 3492 2335 fontem
3542 2278 3666 2334 fidei
3719 2278 4061 2342 sitientibus,
4092 2286 4350 2347 tanquam

2744 2375 2815 2429 ab
2861 2372 3015 2428 arida
3064 2386 3237 2438 mare,
3266 2372 3565 2427 discernat.
3597 2370 3848 2426 lnlidelec
3878 2369 4025 2426 enim
4070 2368 4188 2424 sive
4230 2384 4357 2423 car-

2745 2465 2895 2521 nales
2949 2464 3178 2535 quilibet
3216 2479 3247 2518 a
3294 2463 3462 2520 maris
3510 2463 3872 2519 tentationum
3922 2461 4179 2519 fluctibus
4212 2477 4358 2532 qua«

2747 2557 2975 2623 tiuntur,
3006 2566 3063 2612 et
3091 2566 3349 2626 tanquam
3376 2554 3743 2625 procellarum
3774 2554 4133 2623 cupiditatum
4166 2563 4222 2609 et
4259 2567 4357 2606 ar—

2746 2647 3009 2717 rogantiae
3057 2646 3479 2717 tempestatibus
3540 2646 3954 2712 intumescunt;
4009 2645 4184 2700 sancti
4224 2659 4359 2700 vero

2745 2740 2949 2810 quique
2974 2754 3041 2794 ac
3060 2738 3199 2807 justi
3224 2738 3371 2793 velut
3402 2738 3555 2793 arida
3582 2739 3750 2794 Deum
3774 2739 3986 2803 sitiunt,
4011 2746 4060 2793 et
4097 2748 4357 2808 tanquam

2747 2828 2899 2884 ferax
2934 2838 3079 2883 terra
3110 2829 3351 2884 virentes
3396 2829 3662 2884 bonorum
3708 2843 3934 2899 operum
3980 2826 4195 2883 fruetus
4234 2840 4360 2898 ger-

2747 2921 2961 2975 minare
3012 2919 3370 2976 contendunt.
3421 2918 3657 2989 Ideoque
3707 2932 3831 2974 cum
3885 2918 4116 2974 dixisset
4158 2916 4355 2973 Deus:

2754 3030 2773 3062 ι
2808 3011 2875 3065 Et
2904 3021 3164 3081 appareat
3190 3010 3377 3075 a:ida,
3412 3030 3430 3061 ι
3462 3010 3653 3065 eodem
3695 3009 3785 3064 dic
3827 3009 4043 3066 itidem-
4064 3009 4312 3081 prmcipit
4341 3026 4357 3063 :

2755 3120 2774 3153 σ
2806 3100 3089 3159 Gel-minet
3141 3110 3288 3155 terra
3341 3101 3571 3156 herbam
3621 3100 3892 3157 virentem
3928 3100 4221 3156 facientem
4271 3115 4363 3157 se-

2674 3231 2721 3292 c
2752 3209 2899 3257 men.
2932 3202 2988 3249 et
3012 3192 3219 3264 lignum
3255 3192 3582 3263 pomiferum
3613 3193 3820 3250 faciens
3844 3192 4104 3250 fructum.
4149 3211 4167 3245 ι
4202 3192 4368 3260 Quis-

2755 3288 2879 3356 quis
2906 3300 3038 3357 ergo
3066 3286 3169 3341 hoc
3198 3285 3436 3341 solerter
3464 3286 3805 3356 exsequitur,
3832 3286 4081 3356 quisquis
4103 3286 4208 3340 hoc
4237 3286 4369 3340 sub-

2757 3379 2923 3434 tiliter
2955 3381 3269 3444 meditatur,
3301 3379 3427 3435 huic
3448 3377 3641 3450 procul
3671 3378 3837 3434 dubio
3884 3377 4079 3433 tertius
4102 3376 4216 3445 jam
4250 3378 4369 3433 dies

2755 3471 3023 3525 exoritur.
3059 3470 3448 3541 Unusquisque
3478 3485 3609 3542 ergo
3651 3485 3713 3526 se
3737 3469 3807 3525 ab
3838 3462 4026 3525 amara
4070 3469 4373 3527 carnaliter

2757 3562 3084 3632 sapientium
3099 3562 3384 3634 salsugine
3409 3563 3637 3628 dividat,
3667 3563 3873 3618 fontem
3900 3561 4026 3618 vita:
4052 3560 4372 3628 Dominum,

2755 3653 2936 3709 factus
2961 3655 3141 3716 arida.
3169 3655 3367 3710 divina:
3392 3656 3585 3725 gratia:
3617 3654 3824 3711 fontem
3854 3655 4169 3711 medullitus
4195 3653 4371 3719 sitiat,

2758 3747 3029 3803 bonorum
3082 3747 3359 3803 fructuum
3411 3749 3656 3820 germina
3705 3748 3986 3820 proferat,
4012 3759 4072 3806 ut
4112 3748 4222 3805 sibi
4256 3748 4374 3807 dies

2762 3838 2956 3895 tertius
2984 3838 3284 3901 illucescat.

3376 3934 3609 3994 CAPUT
3656 3938 3747 3993 IV.

2757 4023 2839 4080 De
2865 4026 3218 4081 luminaribus
3244 4038 3437 4097 quarta
3466 4028 3553 4082 die
3584 4029 3747 4097 factis
3770 4029 3825 4083 in
3846 4028 4192 4114 ﬁrmamento
4225 4028 4366 4084 cas’i.

2838 4114 2932 4170 llis
2977 4116 3051 4172 ita
3083 4117 3279 4186 positis
3306 4126 3363 4173 et
3395 4118 3693 4174 salubriter
3720 4120 4022 4186 ordinatis,
4062 4120 4243 4177 anima
4272 4121 4371 4177 ho-

2760 4211 2965 4276 minis,
3008 4212 3165 4280 qnasi
3227 4212 3454 4268 dimotis
3513 4213 3772 4268 vitiorum
3826 4214 4099 4281 tenebris,
4154 4214 4374 4273 radiare

2763 4301 2953 4372 incipit
3003 4303 3181 4358 nitore
3214 4304 3497 4359 virtutum.
3525 4302 3667 4371 Quid
3716 4320 3848 4361 vero
3892 4313 3978 4362 est
4022 4307 4168 4376 quod
4220 4307 4376 4378 prius

2763 4394 3035 4463 germinat
3062 4403 3205 4449 terra
3236 4403 3293 4449 et
3338 4395 3590 4464 protinus
3620 4405 3879 4451 creantur
3914 4396 4231 4463 luminaria,
4267 4400 4375 4456 nisi

2765 4485 2916 4554 quia,
2948 4487 3256 4555 prodeunte
3296 4486 3425 4541 boni
3466 4488 3649 4557 operis
3679 4489 3948 4559 germine,
3980 4490 4072 4544 lux
4105 4490 4158 4545 in
4190 4492 4378 4548 anima

2769 4580 3043 4650 copiosior
3066 4577 3231 4650 891
3266 4580 3461 4641 oritur,
3497 4590 3556 4633 ut
3586 4581 3789 4636 imitari
3820 4581 3999 4637 valeat
4031 4583 4119 4637 sui
4146 4583 4378 4656 vestigia

2770 4669 3188 4741 Redemptoris?
3229 4669 3513 4725 Acceleret
3548 4686 3679 4741 ergo
3725 4688 3881 4729 meus
3927 4672 4166 4728 humana
4215 4676 4381 4746 spiri-

2772 4761 2998 4816 tualium
3045 4771 3291 4831 segetum
3324 4762 3633 4832 germinare
3671 4776 4018 4835 proventum,
4051 4746 4380 4824 ut'rutilan-

2772 4854 2915 4907 tibus
2940 4853 3138 4908 divina:
3184 4852 3322 4910 lucis
3351 4855 3520 4910 radiis
3567 4855 3887 4922 illustrctur,
3923 4870 4210 4928 quatenus,
4245 4860 4376 4916 dunt

2770 4946 2949 5015 quarti
2980 4946 3086 5002 diei
3135 4946 3254 5001 luce
3305 4946 3630 5015 perfruitur,
3662 4948 3827 5005 etiam
3861 4951 3928 5005 ad
3958 4951 4380 5021 contemplanda

2770 5039 3037 5105 ccelcstia,
3069 5054 3220 5095 more
3245 5039 3947 5113 spiritualiumlvolucrum.
3978 5045 4245 5116 rapiatur.

3399 5152 3629 5210 CAPUT
3670 5156 3734 5212 Υ.

2945 5244 3100 5310 Quod
3136 5246 3323 5316 quinta
3344 5248 3431 5303 dic
3456 5249 3622 5317 pisces
3651 5260 3699 5304 et
3724 5267 3843 5304 aves
3864 5252 4028 5306 creati
4053 5267 4196 5307 sunt.

2844 5336 3044 5404 Quinta
3074 5340 3161 5395 die
3190 5342 3359 5396 creati
3393 5351 3521 5395 sunt
3558 5343 3762 5411 pisces,
3793 5359 3891 5413 per
3920 5360 4059 5415 quos
4089 5343 4381 5416 designau-

2773 5438 2883 5495 tur,
2916 5430 3010 5500 qui
3042 5430 3390 5501 baptismatis
3420 5446 3827 5489 sacramentum
3854 5435 4184 5506 percipiunt,
4214 5435 4382 5500 sicut,

2771 5539 2872 5595 per
2900 5524 3179 5587 volucres,
3221 5525 3295 5581 illi
3342 5526 3432 5596 qui
3476 5528 3740 5584 virtutum
3788 5529 3981 5598 pennis
4016 5528 4084 5583 ad
4134 5528 4381 5585 coelestia

2774 5629 2834 5670 se
2885 5615 3303 5687 contemplanda
3353 5620 3713 5688 suspendunt.
3763 5619 4023 5685 Quintum
4063 5636 4196 5691 ergo
4237 5620 4384 5677 diem

2774 5722 2898 5761 cum
2947 5708 3259 5764 volucribus
3306 5708 3475 5765 habet
3510 5710 3761 5781 quisquis
3794 5713 3980 5765 mundi
4028 5726 4216 5768 amore
4246 5727 4382 5767 con-

2778 5809 2982 5868 tempto
3013 5801 3166 5869 quasi
3200 5802 3527 5871 dedignatur
3557 5816 3775 5857 caenum
3812 5802 4026 5858 calcare
4077 5812 4379 5864 terrenum.

2777 5907 2843 5951 ac
2882 5907 2981 5965 per
3009 5892 3484 5966 contemplationis
3526 5894 3758 5966 gratiam
3802 5894 3869 5951 ad
3925 5894 4165 5953 ccclesiis
4198 5891 4387 5965 gloria

3896 5986 3977 6048 27
