5962 6508
1006 494 1110 553 διε

1590 608 1816 665 CAPUT
1858 605 1988 662 Vill.

1234 701 1458 758 Immisit
1493 700 1750 754 Dominus
1786 715 2022 767 soporem
2068 697 2121 750 in
2153 696 2346 749 Adam.

1073 795 1152 849 Ad
1181 795 1281 849 hoc
1313 793 1404 846 Dei
1435 793 1605 845 virtus
1634 788 1908 845 exinanita
1937 797 2020 840 est
2062 797 2117 839 ut
2163 787 2374 839 infirma
2404 793 2586 836 nostra

1002 886 1276 950 firmaret;
1310 886 1375 939 ad
1406 886 1507 939 hoc
1537 884 1630 937 Dei
1674 881 1977 940 sublimitas
2013 879 2266 933 inclinata
2297 885 2378 928 est
2409 885 2466 926 ut
2492 876 2585 927 tle-

994 977 1171 1046 jectos
1199 977 1468 1046 erigeret;
1493 974 1557 1027 ad
1587 974 1688 1026 hoc
1712 971 1818 1023 vita
1847 971 1981 1024 mori
2013 970 2227 1038 dignata
2252 976 2334 1025 est
2364 976 2421 1018 ιιι
2445 980 2588 1017 mor-

1000 1068 1068 1120 tis
1098 1066 1382 1135 imperium
1406 1065 1695 1118 destruens
1716 1060 1781 1113 ad
1807 1060 1970 1134 vitam
1997 1066 2241 1111 mortuos
2264 1061 2539 1108 revocaret
2569 1067 2582 1102 :

998 1157 1143 1223 quod
1173 1156 1426 1209 nimirum
1449 1162 1504 1208 et
1543 1153 1594 1205 in
1630 1164 1748 1219 lpSO
1775 1147 1990 1218 generis
2024 1144 2245 1198 lnnnani
2278 1143 2588 1197 declaratur

996 1246 1243 1300 exordio.
1274 1242 1546 1314 Scriptum
1581 1248 1667 1294 est
1698 1238 1841 1292 enim
1874 1255 1886 1290 :
1925 1255 1943 1287 ι
1981 1234 2116 1302 Quia
2150 1231 2370 1285 immisit
2401 1229 2586 1282 Domi-

996 1353 1099 1392 nus
1132 1350 1382 1407 soporem
1419 1336 1470 1387 iu
1497 1331 1706 1395 Adam,
1745 1341 1974 1396 cumque
2011 1323 2413 1382 obdormisset,
2466 1318 2588 1371 tulit

996 1442 1160 1483 unam
1187 1427 1254 1481 dc
1285 1424 1452 1480 costis
1499 1419 1724 1507 ejus,‘ct
1767 1417 1992 1488 replevit
2037 1427 2255 1468 carnem
2290 1427 2387 1479 pro
2417 1425 2503 1474 ea,
2532 1417 2588 1460 et

992 1517 1284 1575 xedilicavit
1326 1513 1590 1569 Dominus
1624 1500 1765 1565 Deus
1809 1515 2038 1570 costam,
2085 1519 2246 1573 quam
2292 1501 2492 1555 tulerat
2520 1500 2586 1553 de

990 1607 1201 1672 Adam,
1239 1605 1291 1659 in
1324 1601 1628 1658 mulierem.
1668 1619 1686 1652 ι
1723 1597 1899 1666 Super
1941 1610 2047 1664 quo
2097 1609 2219 1648 cum
2271 1591 2587 1661 loqueretur

991 1697 1320 1769 Apostolus,
1357 1694 1543 1749 dicens
1591 1711 1603 1745 :
1643 1711 1662 1744 ‹
1709 1689 2002 1758 Relinquet
2049 1685 2214 1741 homo
2272 1691 2481 1753 patrem
2530 1692 2587 1738 et

991 1796 1223 1842 matrem
1255 1799 1406 1840 suam
1431 1823 1446 1849 ,
1497 1791 1550 1838 et
1599 1780 1895 1837 adharebit
1940 1777 2096 1832 uxori
2147 1791 2290 1836 suat.
2331 1783 2395 1828 et
2422 1781 2586 1828 erunt

990 1878 1100 1934 duo
1131 1880 1185 1932 in
1212 1892 1379 1932 carne
1410 1891 1514 1930 una
1535 1916 1549 1940 ,
1580 1893 1598 1926 ι
1633 1881 1832 1944 praesto
1861 1869 2141 1939 subjunxit
2169 1884 2182 1920 :
2215 1883 2234 1917 ι
2264 1865 2586 1920 Sacramen~

990 1983 1106 2025 tum
1139 1969 1241 2024 hoc
1269 1981 1524 2036 magnum
1555 1973 1668 2029 est;
1703 1977 1802 2033 ego
1828 1971 2007 2016 autem
2035 1959 2157 2014 dico
2191 1958 2243 2012 in
2282 1956 2502 2011 Christo
2533 1966 2587 2010 et
2619 1957 2663 2018 Β

989 2062 1047 2116 in
1077 2058 1339 2114 Ecclesia.
1381 2076 1399 2108 ι
1433 2056 1502 2110 Ει
1527 2066 1655 2108 vere
1697 2066 1907 2121 magum
1946 2048 2165 2102 virtutis
2195 2045 2457 2101 iudicium
2489 2043 2588 2098 mi-

988 2152 1175 2212 randae
1226 2145 1615 2219 profunditatis
1666 2152 1752 2199 est
1797 2150 2220 2196 sacramentum.
2267 2136 2381 2190 'Per
2415 2135 2588 2189 Adam

986 2241 1259 2313 siquidem
1299 2240 1579 2303 Christus,
1629 2251 1726 2308 per
1753 2234 1918 2288 Evam
1963 2233 2277 2300 designatur
2319 2226 2584 2282 Ecclesia.

987 2332 1131 2400 Quid
1161 2340 1246 2387 est
1272 2339 1456 2386 autem
1504 2327 1646 2398 quod
1678 2326 1828 2398 prius
1875 2323 2044 2378 Adam
2081 2322 2237 2375 Deus
2283 2319 2586 2390 soporavit,

989 2423 1187 2479 deinde
1215 2430 1422 2477 costam
1469 2435 1535 2473 ex
1578 2417 1695 2488 ejus
1730 2416 1931 2480 latere,
1969 2415 2109 2469 unde
2142 2414 2336 2468 mulier
2383 2411 2586 2465 forma-

989 2525 1164 2580 retur,
1197 2515 1416 2579 eduxit,
1446 2513 1550 2568 nisi
1584 2511 1709 2582 quia
1740 2513 1892 2580 prius
1931 2509 2264 2577 Redemptor
2309 2508 2364 2561 in
2415 2516 2589 2561 morte

990 2607 1276 2671 dormivit,
1309 2607 1496 2676 sicque
1519 2605 1584 2658 de
1614 2604 1784 2656 latere
1830 2600 1946 2668 ejus
1995 2600 2047 2654 in
2098 2599 2355 2654 Ecclesiae
2403 2613 2589 2651 saera-

991 2707 1234 2752 mentum
1283 2694 1504 2766 sanguis
1552 2703 1606 2747 et
1651 2706 1790 2760 aqua
1841 2690 2126 2759 profluxit?
2172 2687 2455 2741 Translata
2504 2696 2588 2739 est

993 2792 1102 2846 Eva
1133 2791 1198 2845 de
1240 2789 1338 2843 viri
1366 2789 1540 2841 latere
1569 2783 1920 2846 dormientis,
1967 2781 2135 2835 exivit
2165 2792 2219 2834 et
2249 2780 2488 2833 Ecclesia
2522 2779 2587 2831 de

992 2881 1164 2934 latere
1190 2877 1392 2932 Christi
1441 2876 1493 2929 in
1522 2889 1684 2928 cruce
1709 2871 2012 2941 pendentis.
2041 2869 2146 2923 Sed
2173 2869 2303 2936 quid
2333 2877 2415 2920 est
2441 2867 2585 2935 quod

987 2967 1334 3035 otuuipotens
1364 2965 1646 3028 Conditor,
1671 2976 1795 3017 cum
1828 2960 2108 3014 mulierem
2136 2961 2202 3011 de
2236 2959 2374 3018 viro,
2398 2959 2448 3009 id
2479 2967 2582 3020 est,

990 3057 1240 3129 fragilem
1288 3070 1475 3111 sexum
1530 3055 1597 3108 de
1648 3052 1858 3108 fortiori
1910 3062 2211 3119 propagare
2244 3049 2582 3116 disponeret,

991 3165 1102 3205 non
1142 3149 1239 3202 viri
1270 3160 1518 3209 carnem,
1545 3143 1640 3199 sed
1681 3159 1743 3198 os
1776 3142 1955 3212 potius
1989 3140 2053 3193 ad
2087 3138 2393 3192 faciendam
2421 3136 2586 3190 femi-

991 3256 1117 3296 nam
1169 3240 1266 3294 sibi
1319 3239 1488 3293 voluit
1539 3237 1819 3291 materiam
1865 3233 2156 3287 exhibere?
2206 3230 2386 3284 l’otuit
2438 3232 2582 3284 enim

992 3331 1136 3386 Deus
1184 3331 1386 3384 homini
1418 3342 1637 3383 carnem
1686 3327 2040 3388 subtrahere,
2074 3324 2216 3377 unde
2246 3322 2445 3376 fetuiua
2480 3323 2580 3375 for-

991 3430 1258 3484 maretur,
1285 3430 1338 3473 et
1361 3421 1463 3474 hoc
1485 3427 1638 3473 certe
1664 3417 2052 3486 congruentius
2084 3417 2382 3477 videretur;
2420 3414 2582 3466 fiebat

989 3515 1139 3568 enim
1168 3529 1330 3569 sexus
1361 3511 1612 3576 debilior,
1643 3511 1734 3581 qui
1764 3509 2020 3562 nimirum
2069 3508 2485 3576 cuttseqnctttitts
2516 3505 2584 3560 de

990 3605 1174 3670 carnis
1204 3604 1520 3658 infirmitate
1546 3616 1709 3671 quam
1741 3615 1804 3654 ex
1839 3599 1979 3653 ossis
2009 3599 2327 3666 procederet
2369 3597 2436 3650 foi
2456 3597 2585 3650 titu-

989 3699 1142 3753 dine.
1169 3697 1254 3760 Et,
1280 3706 1337 3749 ιιι
1354 3695 1524 3767 magis
1540 3703 1762 3763 stupeas
1779 3693 1944 3745 divini
1961 3691 2141 3759 operis
2154 3698 2578 3749 Sacramenttnn.

986 3806 1097 3843 non
1130 3805 1226 3857 pro
1259 3801 1380 3842 osse
1411 3803 1472 3840 os
1502 3785 1766 3850 reddidit;
1804 3784 1896 3838 sed
1930 3798 2090 3836 carne
2123 3784 2329 3850 potius,
2359 3783 2500 3850 quod
2527 3783 2579 3835 in

983 3880 1093 3932 viri
1121 3892 1348 3947 corpore
1383 3877 1635 3940 vacabat,
1669 3874 1929 3944 implevit.
1964 3873 2112 3928 Unde
2137 3873 2417 3941 Scriptura
2456 3888 2578 3926 cum

981 3971 1160 4025 dicit:
1201 3989 1217 4020 ι
1257 3968 1403 4022 Tulit
1435 3982 1596 4021 unam
1643 3966 1710 4020 de
1757 3967 1924 4018 costis
1955 3964 2099 4032 ejus,
2143 3985 2158 4016 ι
2213 3981 2336 4018 mox
2384 3964 2531 4018 addit
2566 3982 2577 4016 :

986 4084 1014 4116 ι
1055 4063 1120 4117 Ει
1169 4063 1395 4132 replevit
1443 4076 1664 4116 carnem
1712 4077 1811 4132 pro
1843 4077 1901 4114 ea
1943 4081 1953 4114 :
1995 4081 2009 4112 ι
2048 4071 2257 4131 poterat
2288 4077 2479 4131 nempe
2514 4061 2580 4114 ad

980 4154 1274 4209 mulierem
1307 4152 1677 4222 plasmandam
1710 4167 1933 4207 carnem
1963 4153 2078 4206 viro
2123 4153 2410 4206 detrahere
2444 4170 2457 4216 ;
2489 4169 2581 4220 po-

983 4253 1134 4301 terat
1161 4260 1221 4297 os
1252 4253 1304 4296 et
1331 4244 1472 4297 ossis
1495 4243 1836 4312 dispendium
1867 4236 2191 4296 iunnutilato
2213 4258 2441 4310 corpore
2469 4259 2582 4295 res-

987 4350 1242 4397 taurare.
1275 4335 1367 4388 sed
1396 4350 1458 4388 os
1492 4333 1644 4397 tulit,
1679 4343 1731 4387 et
1763 4350 1984 4388 carnem
2015 4335 2264 4388 reddidit.
2292 4334 2459 4407 894,
2493 4336 2582 4390 Sic

981 4425 1238 4497 fragilem
1270 4426 1334 4479 de
1380 4423 1583 4478 virtute
1625 4423 1911 4485 formavit;
1953 4423 2141 4477 debilis
2180 4425 2362 4490 itaque
2407 4426 2581 4478 t‘aetus

980 4524 1153 4578 homo
1203 4517 1405 4582 Adam,
1445 4525 1505 4569 ιιι
1554 4514 1711 4569 fortis
1764 4515 1918 4570 tieret
1963 4515 2092 4569 Eva.
2147 4517 2454 4571 lnﬁt‘matus
2497 4529 2582 4572 est

977 4610 1238 4665 Christus
1258 4648 1271 4671 ,
1301 4616 1360 4661 ut
1393 4606 1742 4662 roboraretur
1767 4606 2040 4670 Ecclesia;
2073 4608 2216 4662 illius
2247 4611 2391 4662 enim
2419 4611 2569 4665 inﬁr-

979 4701 1182 4762 mitas,
1211 4705 1394 4751 nostra
1423 4705 1506 4750 est
1540 4694 1828 4759 fortitudo,
1875 4707 1930 4750 et
1973 4697 2038 4751 ad
2071 4698 2172 4752 hoc
2217 4700 2303 4752 ille
2331 4711 2574 4755 nostram

979 4789 1212 4862 pertulit
1238 4787 1642 4850 infirmitatem,
1682 4796 1739 4839 ut
1767 4789 1830 4839 ad
1863 4803 2014 4842 suam
2045 4805 2139 4842 nos
2171 4798 2434 4844 statueret
2467 4791 2578 4845 for-

981 4879 1309 4942 titudinem,
1344 4897 1360 4928 ι
1400 4876 1551 4944 Quod
1585 4877 1860 4931 infirmum
1911 4878 2034 4943 Dei,
2079 4897 2094 4928 ι
2135 4889 2190 4931 ιιι
2225 4881 2300 4932 ait
2348 4883 2552 4950 Aposto

978 4979 1104 5038 lus,
1147 4991 1164 5024 ι
1204 4973 1396 5027 fortius
1436 4980 1517 5026 est
1556 4971 1894 5036 hominibus,
1933 4991 1950 5023 ι
2000 4983 2051 5028 ει
2079 4974 2202 5028 alibi
2237 4992 2247 5025 :
2304 4995 2321 5025 ι
2363 4974 2495 5029 Nam
2529 4977 2573 5030 si

979 5064 1280 5125 crucifixus
1317 5072 1400 5118 est
1451 5062 1698 5118 Christus
1724 5079 1790 5117 ex
1825 5064 2170 5124 infirmitate.
2211 5067 2304 5118 sed
2345 5067 2476 5119 vivit
2507 5081 2572 5120 cx

977 5161 1189 5216 virtute
1216 5155 1328 5211 Dei.
1375 5174 1393 5207 ι
1444 5152 1578 5208 Nam
1611 5155 1709 5209 etsi
1743 5171 1839 5209 nos
1873 5155 2067 5209 infirmi
2112 5172 2299 5209 smnus
2343 5157 2393 5209 in
2443 5158 2567 5220 illo,

977 5255 1081 5310 sed
1111 5251 1339 5306 vivimus
1367 5267 1486 5306 cum
1515 5267 1580 5305 eo
1606 5265 1671 5304 cx
1703 5249 1898 5301 virtute
1929 5248 2042 5301 Dei.
2074 5249 2359 5302 Enimvero
2389 5250 2569 5303 saeculi

978 5343 1147 5411 hujus
1179 5343 1450 5404 homines,
1499 5341 1590 5409 qui
1622 5339 1885 5394 bellorum
1931 5338 2173 5391 ambiunt
2223 5340 2420 5393 virtute
2465 5339 2573 5394 cla-

976 5447 1237 5496 rescere,
1283 5431 1373 5502 qui
1422 5445 1519 5500 per
1567 5433 1699 5485 hora
1745 5429 1885 5497 vulgi
1939 5446 2062 5483 suas
2099 5440 2286 5498 optant
2320 5432 2572 5485 victorias

980 5523 1265 5582 celebrare
1285 5563 1299 5584 ,
1327 5536 1448 5575 cum
1471 5521 1767 5590 ingressuri
1791 5530 1910 5574 sunt
1946 5521 2189 5589 praelium
2213 5562 2227 5582 ,
2263 5523 2314 5575 in
2349 5539 2575 5591 corpore

980 5628 1088 5672 suo
1135 5612 1278 5682 quod
1315 5610 1588 5665 infirmum
1634 5618 1714 5664 est
1767 5620 1820 5663 et
1862 5609 2020 5661 molle
2068 5610 2393 5676 subjiciunt,
2433 5612 2574 5681 quod

983 5708 1183 5762 durum
1218 5713 1302 5758 est
1333 5711 1495 5770 atque
1525 5701 1590 5754 ad
1621 5702 2014 5770 penetrandum
2066 5701 2278 5756 difﬁcile
2311 5721 2572 5775 superpo-

982 5808 1158 5860 nunt;
1194 5796 1379 5850 loricis
1422 5795 1617 5865 quippe
1648 5794 1842 5850 ferreis
1889 5796 2204 5858 induuntur,
2237 5806 2291 5850 et
2319 5813 2533 5853 carnem
2557 5841 2570 5862 ,

983 5899 1108 5957 qua:
1140 5883 1298 5940 facile
1331 5884 1471 5940 cedit
1496 5883 1646 5944 ictui.
1670 5884 1946 5941 custodire
1976 5885 2324 5951 contendunt,
2360 5896 2415 5943 ut
2443 5886 2571 5943 illud

1858 487 2103 548 OPUSC.
2148 486 2260 542 LX.
2294 517 2364 529 --
2390 485 2760 544 EXPOSITIO
2813 482 2994 539 LIBRI
3032 479 3416 540 GENESEOS.

4185 469 4292 527 8ὶῖ

2615 609 2674 668 Α
2695 597 2883 653 durum
2919 615 2983 652 ac
3011 598 3148 653 forte
3167 640 3180 662 ,
3215 601 3354 666 quod
3393 595 3524 650 forts
3547 604 3648 656 est.
3677 596 3932 651 defendat
3959 597 4119 652 molle
4140 599 4282 665 quod

2695 700 2836 741 nitus
2859 697 2964 741 est.
2999 687 3326 756 Redemptor
3355 696 3562 750 noster,
3590 702 3710 740 cum
3737 687 3919 740 mundi
3951 687 4111 754 hujus
4139 707 4180 738 ιι
4206 705 4284 740 ιιι-

2693 790 2817 844 ριιιη
2870 787 3206 846 pugnaturus
3239 775 3558 845 ingreditur.
3611 777 3678 829 ad
3727 776 4075 830 debellandas
4123 776 4287 842 lituis:

2693 868 2835 920 aeris
2857 869 3128 934 nequitias
3149 865 3304 920 fortis
3329 867 3608 935 prmhator
3630 877 3902 931 armatur;
3931 869 4055 936 quia
4081 882 4282 921 novum

2692 958 2915 1012 debebat
2969 958 3238 1011 instruere
3288 957 3562 1027 praalium,
3631 973 3826 1011 novum
3886 957 4060 1013 induit
4113 972 4283 1027 genus

2692 1063 2997 1112 armorum;
3049 1048 3299 1102 videlicet
3337 1057 3394 1100 ut
3423 1061 3564 1117 quou
3611 1047 3883 1101 infirmum
3914 1060 3997 1102 est
4023 1062 4284 1117 supcrpo-

2693 1148 2877 1202 neret,
2909 1147 2962 1192 et
2997 1140 3139 1208 quod
3173 1139 3451 1193 robustum
3480 1147 3564 1192 est
3599 1139 3926 1203 occultaret;
3959 1139 4179 1194 loricam
4209 1140 4281 1195 sic

2691 1229 2911 1297 quidem
2963 1229 3288 1283 iuibecillem
3323 1229 3504 1284 carnis
3551 1230 3746 1294 induit,
3784 1231 4280 1299 etiusupcrabilem

2691 1317 2990 1373 divinitatis
3027 1319 3397 1373 fortitudinem
3427 1319 3744 1374 occultavit.
3797 1321 3888 1375 Sic
3934 1337 4030 1390 per
4061 1337 4281 1376 carnem

2690 1409 2935 1464 diabolus
2966 1427 2994 1464 a
3023 1413 3259 1464 secundo
3290 1412 3510 1467 homine
3535 1413 3802 1486 perdidit,
3825 1413 3914 1481 qui
3943 1429 4040 1482 per
4061 1430 4283 1468 carnem

2689 1500 2890 1554 dudum
2935 1502 3170 1571 primum
3208 1501 3483 1555 hominem
3522 1505 3802 1572 superavit
3830 1504 4111 1572 eidemque
4143 1520 4286 1557 nuoc

2688 1589 2863 1646 ruinae
2895 1589 3038 1645 facta
3076 1601 3162 1645 est
3188 1606 3376 1656 causa,
3410 1607 3529 1661 qua:
3560 1593 3797 1648 victoria:
3825 1593 4000 1649 fuerat
4023 1596 4086 1648 de
4107 1595 4287 1664 primo

2687 1692 2922 1752 parente
2945 1683 3196 1738 materia.

3311 1776 3540 1834 CAPUT
3578 1777 3665 1833 IX.

2691 1884 2870 1952 Quod,
2897 1887 3266 1941 deambulantc
3299 1888 3525 1942 Domino
3555 1891 3609 1943 in
3642 1891 3914 1956 paradiso,
3938 1890 4131 1953 Adam,
4157 1894 4284 1959 quia

3093 1959 3263 2012 nudus
3293 1969 3455 2024 esset,
3487 1976 3542 2014 se
3577 1961 3868 2014 abscondit.

2763 2047 2959 2118 Frigus
3005 2059 3321 2102 concretum
3385 2051 3593 2125 pectori
3646 2066 3832 2106 vocem
3888 2052 4286 2122 interrumpere

2689 2141 3004 2203 consuevit,
3052 2140 3153 2194 hoc
3201 2140 3434 2210 denique
3468 2142 3639 2212 frigus
3663 2142 3776 2212 jam
3811 2155 3938 2199 tunc
3968 2144 4056 2199 ille
4091 2160 4288 2200 conce-

2689 2235 2876 2296 perat,
2917 2230 3031 2299 qui,
3069 2229 3446 2288 deambulante
3477 2231 3702 2285 Domino
3732 2234 3799 2286 ad
3829 2250 4013 2289 auram
4047 2236 4284 2304 paradisi

2688 2327 2811 2386 post
2839 2320 3145 2386 meridiem,
3173 2323 3354 2376 raucis
3385 2323 3786 2392 quodammodo
3807 2325 4028 2380 vocibus
4056 2342 4284 2396 respon-

2688 2409 2894 2464 debat:
2941 2412 3191 2475 «Audivi
3239 2428 3424 2468 vocem
3460 2423 3641 2477 tuam,
3688 2428 3740 2469 et
3799 2417 3981 2478 timui,
4032 2434 4097 2472 eo
4141 2422 4284 2486 quod

2689 2503 2865 2556 nudus
2887 2518 3064 2558 essem
3083 2545 3096 2568 ,
3126 2513 3180 2557 et
3206 2504 3461 2559 abscondi
3491 2521 3594 2559 me.
3633 2525 3652 2557 ›
3684 2505 3854 2560 Porro
3876 2508 4001 2576 quia
4031 2510 4288 2563 meridia-

2689 2610 2792 2647 nus
2820 2594 2889 2648 ab
2928 2594 3022 2650 illo
3046 2593 3158 2663 jam
3203 2594 3386 2650 fervor
3426 2597 3664 2662 abierat,
3707 2613 3869 2664 aura,
3904 2613 4024 2668 quae
4069 2599 4286 2670 frigoris

2689 2693 2774 2738 est
2798 2685 3018 2739 alumna
3040 2727 3054 2749 ,
3089 2687 3194 2740 huc
3221 2686 3516 2741 accedebat
3536 2729 3548 2748 ,
3582 2689 3704 2756 quia
3735 2699 3788 2742 et
3818 2689 3964 2742 illum
3984 2690 4092 2759 jam
4129 2692 4282 2745 iuno-

2689 2778 2867 2830 ccntia
2921 2778 3134 2832 sublata
3197 2779 3516 2833 nudaverat.
3570 2779 3694 2834 llam
3747 2783 3927 2837 omnia
3977 2785 4104 2853 quid
4135 2785 4278 2836 aliud

2690 2867 2952 2932 innutmt,
2981 2884 3144 2937 quam
3195 2870 3319 2937 quia
3368 2871 3513 2924 illius
3543 2872 3748 2925 viscera
3783 2875 4035 2927 exstincti
4082 2877 4286 2928 amoris

2690 2956 2842 3022 algor
2857 2956 3251 3021 obstrinxerat,
3270 2968 3432 3027 atque
3457 2960 3660 3014 idcirco
3685 2977 3787 3014 vox
3815 2963 3959 3016 illius
3983 2963 4034 3016 in
4063 2965 4286 3015 auribus

2693 3046 2902 3104 Domini
2927 3066 3151 3105 raucum
3175 3053 3440 3106 sonabat?
3467 3053 3549 3107 Ab
3577 3056 3676 3108 hoc
3698 3055 3857 3126 plane
3883 3056 4084 3128 frigore
4113 3061 4287 3113 Abrae

2691 3142 2814 3194 ham
2844 3142 3054 3196 alienus
3103 3144 3418 3208 exstiterat,
3469 3145 3534 3198 de
3584 3161 3690 3214 quo
3738 3147 4016 3218 Scriptura
4051 3165 4288 3218 pronun-

2693 3236 2832 3312 tiat:
2875 3254 2890 3286 ι
2925 3235 3195 3300 Quoniam
3247 3238 3500 3306 apparuit
3547 3237 3595 3291 ei
3631 3238 3890 3293 Dominus
3928 3241 3979 3293 in
4014 3242 4130 3309 ipso
4174 3241 4285 3294 fer-

2691 3340 2818 3378 vore
2851 3320 2954 3379 dici
2981 3369 2994 3390 ,
3039 3346 3057 3378 ι
3107 3337 3160 3380 ει
3194 3327 3439 3396 Sponsus
3472 3328 3559 3383 ille
3589 3330 3856 3396 cmlestis,
3889 3333 4027 3385 sicut
4064 3333 4116 3386 in
4147 3333 4288 3388 Cau-

2690 3417 2808 3472 ticis
2840 3417 3040 3489 legitur
3068 3437 3080 3472 :
3120 3440 3135 3469 ι
3175 3419 3358 3473 Pascit
3387 3431 3440 3474 et
3471 3421 3634 3474 cubat
3663 3422 3716 3475 in
3746 3423 3994 3476 meridie.
4036 3444 4052 3474 ι

3317 3531 3546 3588 CAtUT
3587 3532 3653 3587 Χ.

2687 3620 2765 3675 De
2795 3620 2927 3676 Cain
2957 3622 3255 3691 centuplum
3287 3622 3416 3704 ultio
3444 3625 3687 3704 dabitur,
3721 3625 3784 3679 de
3816 3624 4040 3682 Lumeclt
4073 3640 4288 3697 septun—

3311 3711 3420 3762 gtes
3450 3711 3655 3764 septies.

2761 3782 2829 3836 Ut
2867 3783 3057 3837 beatus
3088 3783 3265 3838 Lucas
3310 3786 3520 3854 expiari
3557 3801 3656 3841 nos
3680 3800 3708 3839 a
3739 3788 3940 3842 nostris
3987 3784 4286 3844 sceleribus

2687 3888 2783 3941 per
2817 3875 3107 3928 adventum
3156 3876 3327 3928 nostri
3375 3876 3676 3931 Salvatoris
3724 3879 4009 3942 ostendat,
4060 3897 4166 3934 non
4218 3885 4286 3933 ab

2685 3963 3015 4034 evangelica:
3067 3965 3398 4018 narrationis
3443 3967 3697 4031 exordio,
3755 3969 3848 4022 sed
3917 3985 3946 4023 a
4015 3972 4285 4040 baptisno

2686 4056 2954 4111 duutaiat
2980 4067 3031 4112 et
3055 4055 3259 4111 Christi
3286 4060 3609 4127 cognatione
3632 4059 3876 4113 ordinem
3900 4059 4018 4130 ejus
4043 4062 4280 4125 inruunt.

2685 4160 2845 4214 quem
2869 4162 2968 4215 per
2995 4147 3338 4217 septuaginta
3365 4148 3530 4220 895
3555 4162 3763 4221 septeni
3794 4155 4133 4223 cognationis
4159 4173 4282 4227 gra-

2685 4238 2785 4291 dus
2813 4240 3159 4294 ascendendo
3186 4241 3467 4306 describit,
3499 4243 3640 4311 quod
3673 4253 3728 4296 ct
3755 4244 3804 4296 in
3838 4244 3976 4298 libro
4005 4245 4281 4300 Cenes-tn

2687 4329 2969 4387 evidenter
3019 4334 3346 4400 ostenditur,
3406 4336 3493 4390 ubi
3553 4337 3789 4392 Lamech
3847 4343 4106 4396 uxoribus
4166 4347 4284 4398 suis

2687 4424 2894 4478 dixisse
2916 4437 3174 4479 narratur
3201 4446 3213 4479 :
3245 4448 3262 4477 ι
3295 4428 3611 4498 Septuplum
3640 4430 3771 4483 ultio
3795 4433 4013 4486 dabitur
4034 4436 4098 4487 de
4123 4435 4278 4496 Cain,

2686 4517 2753 4570 de
2782 4515 3017 4572 Lamech
3065 4533 3196 4573 vero
3240 4521 3546 4590 scptuagies
3591 4525 3809 4591 septies.
3847 4545 3865 4576 ι
3907 4525 4052 4581 Ubio
4081 4531 4282 4598 quippe

2686 4605 2751 4660 de
2783 4605 3022 4662 Lamech
3069 4611 3376 4680 septuagies
3426 4613 3624 4681 septies
3663 4615 3838 4669 danda
3891 4619 4107 4684 dicitur,
4151 4625 4276 4690 ιιιιίςι

2686 4699 3032 4768 septuaginta
3063 4708 3269 4768 septem
3305 4703 3553 4757 homines
3595 4704 3661 4759 de
3686 4703 3983 4763 feruoribus
4013 4711 4129 4778 ejus
4155 4729 4274 4780 pcr-

2685 4787 2941 4843 hibentur
2967 4792 3172 4859 egressi
3203 4809 3266 4846 ac
3303 4796 3648 4862 postmodum
3696 4799 3905 4856 diluvio
3935 4815 4155 4858 rorante
4185 4821 4272 4860 re-

2683 4881 2935 4937 feruntur
2963 4885 3227 4953 absorpti.
3269 4885 3374 4938 Sed
3406 4903 3511 4956 qua
3558 4887 3792 4945 Lameeit
3841 4895 4130 4958 percutiens
4163 4897 4277 4950 site

2679 4989 2959 5040 percussus
3009 4976 3352 5045 exprimitur,
3402 4981 3530 5048 quid
3577 4983 3862 5051 per'lnmc
3917 4987 4016 5040 nisi
4069 4990 4277 5057 primus

2681 5079 2883 5133 parens
2917 5066 3138 5118 humani
3191 5070 3406 5136 generis
3439 5071 3741 5142 figuratur?
3772 5075 3871 5141 Qui
3920 5079 4173 5133 nimirum
4220 5094 4277 5135 et

2680 5159 2889 5223 peccati
2923 5159 3086 5212 telum
3116 5203 3130 5223 ,
3163 5177 3270 5230 quo
3303 5163 3510 5231 primus
3559 5166 3672 5233 ipse
3703 5184 3996 5237 percussus
4033 5173 4271 5236 interiit,

2681 5249 2952 5303 universze
2981 5265 3198 5324 quoque
3228 5266 3562 5309 successuros
3611 5258 3914 5324 posteritati
3967 5263 4159 5317 vulnus
4194 5266 4275 5320 in-

2680 5334 2838 5390 ﬂixit.
2872 5339 2947 5391 De
2991 5339 3093 5392 hoc
3122 5355 3252 5410 ergo
3285 5340 3522 5398 Latnech
3566 5349 3876 5416 septuagios
3910 5353 4109 5420 septies
4142 5363 4276 5408 ultio

2682 5429 2807 5482 data
2838 5439 2953 5492 est,
2987 5431 3113 5500 quia
3142 5443 3420 5500 peccatum
3444 5476 3458 5498 ,
3491 5441 3633 5506 quod
3682 5442 3888 5508 primus
3933 5444 4097 5496 homo
4145 5463 4278 5500 con-

2683 5523 2880 5580 traxit,
2913 5534 3010 5588 per
3035 5525 3378 5592 septuaginta
3409 5536 3615 5596 septem
3666 5536 4043 5598 generationes
4089 5536 4140 5587 in
4171 5537 4274 5588 bu-

2679 5625 2842 5663 mano
2869 5627 3069 5681 genere
3101 5617 3270 5684 vigmt
3307 5634 3476 5687 usque
3521 5620 3586 5672 ad
3634 5621 3945 5689 Chrismm;
3993 5639 4274 5693 peccatum

2679 5704 2954 5774 siquidem
3003 5709 3267 5777 originale
3313 5715 3643 5780 permansit,
3682 5716 3825 5784 quod
3877 5717 3989 5786 ipse
4039 5734 4137 5787 per
4184 5719 4266 5772 ba-

2679 5795 2865 5863 ptismi
2896 5809 3239 5853 sacramenta
3267 5800 3484 5862 delevit.
3515 5804 3603 5858 ubi
3633 5805 3879 5861 videlicet
3913 5808 3978 5863 de
4012 5809 4104 5863 illo
4128 5810 4270 5864 dici-

2681 5897 2772 5944 tur
2796 5907 2808 5946 :
2833 5909 2850 5942 ι
2874 5889 3209 5964 EcceAguus
3225 5894 3336 5961 Dei,
3361 5897 3591 5968 ecccqui
3617 5898 3754 5955 tollit
3776 5912 3996 5971 peccata
4019 5902 4222 5957 mundi.
4250 5923 4268 5956 ι
