5962 6462
1018 398 1140 459 8‘9

1023 602 1331 659 nuntiavit.
1359 603 1453 657 Ait
1488 604 1631 658 enim
1665 598 1948 672 Scriptura
1977 621 1989 657 :
2033 621 2051 653 ι
2085 603 2425 671 Exspectatis
2455 617 2637 657 autent

1021 706 1251 765 scptem
1283 694 1473 749 diebus
1513 692 1667 754 aliis,
1714 709 1927 748 rursum
1959 694 2163 748 dimisit
2195 693 2306 749 Noe
2331 694 2637 751 columbam

1019 798 1096 841 ex
1139 800 1316 847 area;
1346 794 1403 839 at
1433 785 1520 837 illa
1552 785 1699 840 venit
1735 786 1801 839 a.i
1828 801 1951 841 eum
1989 793 2212 852 portans
2242 801 2453 839 ramum
2484 785 2640 840 oliva:

1022 873 1353 930 virentibus
1385 874 1531 930 foliis
1582 892 1634 930 In
1666 888 1762 929 ore
1807 890 1924 929 suo.
1962 896 1977 926 ι
2015 875 2071 929 In
2118 876 2412 931 emissione
2456 891 2521 930 ac
2555 890 2641 929 re-

1020 968 1293 1023 versione
1350 967 1613 1023 columba:
1676 968 2020 1038 septenarius
2080 984 2340 1023 numerus
2390 968 2635 1037 ponitur,

1022 1059 1161 1128 quia
1195 1059 1437 1129 Spiritus
1460 1072 1703 1124 sanctus,
1727 1061 1819 1129 qui
1844 1062 1895 1114 in
1922 1062 2102 1116 mundi
2131 1063 2400 1132 principio
2425 1062 2639 1118 fereba-

1022 1159 1125 1208 tur
1152 1167 1325 1223 super
1354 1168 1523 1222 aquas
1542 1193 1557 1216 ,
1584 1152 1694 1221 jam
1725 1164 2138 1224 vesperascente
2163 1154 2362 1210 sacculo
2390 1163 2635 1209 sanctam

1023 1242 1277 1314 replevit
1311 1244 1632 1301 Ecclesium.

1597 1354 1828 1411 CAPUT
1876 1354 2068 1411 XVIII.

1429 1462 1628 1528 Venite,
1663 1464 1925 1535 faciamus
1956 1466 2241 1519 civitatem.

1102 1593 1127 1630 ι
1156 1577 1300 1633 Cum
1340 1576 1821 1647 proficiscerentur
1846 1576 1911 1630 de
1941 1576 2155 1631 oriente
2184 1578 2237 1631 in
2267 1576 2628 1642 occidentem,

1026 1668 1373 1723 invenerunt
1402 1681 1649 1735 campum
1694 1666 1746 1720 in
1798 1674 1940 1720 terra
1976 1665 2226 1721 Sennaar
2264 1676 2319 1722 et
2355 1668 2636 1722 habitave-

1022 1768 1161 1814 runt
1195 1759 1271 1813 ibi
1304 1758 1358 1811 in
1384 1772 1468 1812 eo.
1499 1777 1517 1808 ι
1552 1758 1684 1812 Cum
1721 1757 1974 1813 Christus
2005 1773 2131 1813 vero
2164 1760 2235 1813 sit
2260 1758 2477 1823 Oriens,
2509 1774 2634 1829 pro-

1027 1853 1205 1925 pheta
1240 1860 1474 1907 testante
1499 1851 1784 1917 Zacharia,
1814 1853 1906 1923 qui
1935 1853 2008 1906 ait
2036 1872 2049 1907 :
2089 1872 2107 1904 ι
2139 1854 2275 1909 Ecce
2307 1855 2408 1918 vir,
2440 1854 2635 1910 Oriens

1023 1958 1239 1999 nomen
1291 1942 1435 2010 ejus;
1470 1962 1487 1994 ι
1528 1943 1593 1995 de
1638 1942 1851 1997 oriente
1906 1944 2159 2008 veniunt,
2211 1945 2301 2014 qni
2351 1962 2380 1999 a
2429 1945 2632 2000 Christi

1021 2030 1339 2096 musortio,
1373 2031 1512 2085 male
1566 2031 1825 2095 vivendo,
1880 2032 1963 2086 vel
2018 2034 2298 2101 proximos
2346 2032 2635 2090 laceranda

1026 2122 1326 2177 recedunt.
1383 2121 1631 2174 Seunaar
1692 2130 1874 2175 autem
1948 2121 2336 2192 interpretatur
2396 2126 2636 2178 excursio

1020 2211 1297 2273 dentium,
1343 2210 1456 2264 sive
1484 2210 1621 2278 fetor
1646 2226 1846 2263 eorum.
1885 2208 1943 2264 lu
1985 2227 2180 2282 campo
2224 2229 2356 2283 ergo
2390 2214 2637 2271 Senuaar

1028 2299 1312 2363 habitant,
1344 2298 1432 2367 qui
1469 2314 1573 2352 non
1604 2300 1887 2353 constituti
1919 2301 1971 2353 in
2001 2315 2125 2355 arca
2155 2303 2441 2365 virtutum,
2463 2303 2635 2375 898

1026 2390 1129 2447 Sed
1180 2388 1366 2459 potius
1414 2388 1470 2442 in
1516 2388 1654 2441 valle
1686 2388 1971 2455 vitiorum,
2022 2389 2214 2445 dentes
2242 2392 2543 2450 excutiunt.
2581 2401 2638 2446 ut

1025 2481 1319 2552 praxtntos
1368 2494 1498 2535 suos
1543 2479 1973 2535 detractionibus
2023 2482 2307 2536 mordeant
2357 2490 2412 2537 et
2476 2483 2633 2552 quasi

1027 2573 1255 2637 rodant,
1312 2581 1367 2625 et
1415 2570 1619 2625 fetores
1671 2571 1945 2636 emittunt,
1985 2573 2112 2628 dum
2156 2574 2208 2628 in
2244 2590 2477 2631 caenosa:
2506 2592 2636 2631 con-

1025 2662 1364 2717 versationis
1396 2662 1741 2731 squaloribus
1773 2673 2234 2733 computrescuut.
2285 2666 2392 2723 Sed
2440 2684 2632 2726 eorum

1027 2753 1225 2810 dentes
1255 2753 1399 2807 Deus
1429 2752 1661 2818 excutit,
1692 2754 1821 2807 dum
1852 2768 2237 2823 perversorum
2263 2760 2634 2827 quorumlibet

1025 2839 1171 2899 facta
1197 2841 1363 2897 simul
1390 2853 1443 2896 et
1470 2844 1632 2898 verba
1661 2842 1944 2899 confundit
1970 2862 1983 2897 :
2018 2847 2157 2901 unde
2179 2856 2235 2902 et
2262 2848 2371 2904 illic
2392 2849 2628 2906 dicitur:

1028 2952 1055 2992 ι
1083 2935 1301 2993 Idcirco
1333 2944 1581 3018 vocatum
1633 2947 1717 2992 cst
1764 2953 1960 2992 nomen
2008 2937 2126 3008 ejus
2173 2939 2357 3007 Babel,
2402 2943 2529 3012 quia
2560 2944 2632 2997 ibi

1026 3028 1319 3085 confusum
1360 3038 1444 3084 est
1489 3029 1687 3084 labium
1743 3030 2010 3087 universae
2052 3042 2230 3101 terrae,
2281 3042 2337 3089 et
2379 3034 2634 3104 dispersit

1026 3137 1123 3175 eos
1158 3121 1423 3178 Dominus
1467 3136 1630 3191 super
1658 3120 1853 3176 faciem
1897 3134 2218 3178 cunctarum
2265 3125 2571 3195 regionum.
2606 3146 2624 3179 ι

1030 3213 1198 3270 [lecte
1222 3229 1357 3284 ergo
1386 3213 1606 3276 dicitur,
1635 3214 1761 3282 quia
1788 3214 1863 3269 illi
1891 3216 2138 3271 homines
2172 3226 2227 3271 ct
2265 3233 2416 3271 vanre
2446 3218 2628 3287 gloriae

1030 3314 1362 3375 captatores,
1396 3305 1651 3359 nimirum
1701 3304 1945 3360 dicentes
1972 3307 2038 3360 ad
2068 3306 2393 3361 alterutrum
2422 3326 2433 3360 :
2475 3326 2492 3359 ι
2525 3309 2626 3363 Ve-

1034 3398 1167 3460 nite,
1196 3396 1465 3450 faciamus
1517 3394 1675 3449 nobis
1722 3397 1995 3451 civitatem
2046 3407 2101 3452 et
2146 3408 2378 3460 turrnn.
2423 3419 2439 3450 ι
2494 3410 2625 3464 etc.,

1032 3485 1425 3541 habitaverunt
1468 3487 1519 3539 in
1568 3500 1763 3556 campo
1810 3489 2089 3551 Sennaar,
2138 3489 2283 3557 quod
2318 3489 2459 3557 apud
2504 3504 2623 3553 nos,

1031 3579 1173 3634 sicut
1209 3581 1416 3635 dictum
1463 3590 1572 3645 est,
1618 3588 1781 3635 sonat
1826 3580 2068 3633 excussio
2091 3576 2348 3647 dentium,
2379 3580 2461 3634 vel
2494 3580 2629 3650 fetor

1031 3692 1251 3743 eorum;
1296 3678 1553 3748 quoniam
1586 3677 1827 3748 perversi
1877 3676 2101 3746 quique,
2150 3676 2278 3731 dum
2320 3684 2508 3730 contra
2549 3677 2629 3732 di-

1035 3765 1179 3821 vina:
1204 3767 1338 3837 legis
1367 3765 1618 3821 mandata
1643 3766 1987 3836 superbiuut,
2017 3767 2142 3821 dmn
2171 3767 2434 3821 adversus
2462 3764 2627 3821 Deum

1034 3858 1306 3915 cervicem
1355 3859 1534 3913 cordis
1582 3866 1905 3929 arroganter
1950 3858 2203 3927 erigunt,
2253 3864 2305 3912 et
2362 3856 2627 3928 proximis

1034 3947 1417 4002 damnabiliter
1463 3948 1773 4010 detrahunt,
1826 3947 1923 4017 ipsi
1974 3947 2268 4014 proclivius
2304 3948 2356 4000 in
2407 3946 2627 4002 obcenze

1031 4036 1157 4091 vita:
1199 4038 1545 4108 sterquilinio
1582 4037 1920 4093 volutantur.
1961 4038 2026 4091 Et
2056 4038 2122 4091 de
2153 4038 2480 4093 excussione
2507 4037 2626 4107 qui-

1036 4125 1159 4182 dem
1191 4130 1433 4183 dentium
1490 4129 1540 4183 in
1580 4128 1787 4199 psalmo
1839 4128 2079 4183 dicitur:
2138 4148 2155 4180 ι
2193 4128 2396 4185 Dentes
2433 4144 2627 4198 pecca-

1034 4224 1213 4272 torum
1258 4218 1587 4273 contrivisti.
1623 4238 1641 4270 ι
1694 4218 1867 4274 Item:
1923 4237 1940 4269 ι
1974 4220 2116 4274 Dens
2149 4227 2397 4274 conteret
2435 4220 2625 4276 dentes

1033 4320 1221 4363 eorum
1271 4310 1325 4363 in
1382 4325 1477 4364 ore
1528 4309 1804 4378 ipsorum,
1862 4308 2033 4363 molas
2084 4302 2303 4363 leonum
2349 4308 2623 4380 confriget

1040 4392 1312 4453 Dominus.
1345 4419 1362 4449 ι
1394 4400 1468 4453 De
1492 4400 1663 4454 fetore
1690 4414 1907 4469 quoque
1935 4415 2123 4454 eorum
2152 4400 2351 4470 legitur
2376 4419 2388 4455 :
2424 4422 2442 4455 ι
2466 4400 2625 4455 Com-

1002 4520 1007 4539 ι
1049 4496 1372 4556 putruerunt
1391 4492 1636 4561 jumenta
1669 4491 1722 4546 in
1753 4501 1998 4547 stercore
2025 4507 2143 4546 suo.
2170 4512 2187 4544 ι
2216 4493 2347 4547 Item
2376 4494 2428 4547 in
2453 4493 2625 4565 Thre-

1036 4579 1158 4633 nis:
1195 4600 1215 4632 ι
1244 4582 1345 4649 Qui
1395 4584 1775 4637 nutriebantur
1805 4583 1859 4637 in
1891 4585 2121 4649 croceis,
2153 4586 2446 4655 atnplexati
2494 4596 2622 4641 sunt
2655 4614 2698 4671 υ

1036 4679 1305 4727 stercora.
1333 4692 1350 4724 ι
1384 4672 1515 4727 Item
1545 4674 1697 4728 lsaite
1722 4690 1784 4727 tu
1811 4692 1823 4727 :
1856 4693 1872 4725 ι
1899 4675 2013 4728 Erit
2042 4690 2140 4743 pro
2170 4676 2320 4730 suavi
2351 4677 2519 4731 odore
2548 4676 2624 4732 fe-

1038 4765 1137 4811 tor.
1167 4779 1185 4810 ι
1233 4760 1491 4832 Quisquis
1536 4763 1680 4817 enim
1726 4763 1837 4816 vult
1879 4763 2168 4818 aedilicium
2218 4763 2449 4821 fundare
2479 4768 2621 4835 quod

1039 4846 1191 4904 facile
1226 4854 1397 4909 ruina:
1446 4869 1553 4907 non
1604 4854 1678 4908 sit
1724 4854 2037 4918 obnoxium,
2096 4872 2321 4912 necesse
2368 4867 2452 4913 est
2495 4874 2619 4913 eum

1041 4951 1141 4991 non
1170 4938 1366 4999 lateres
1392 4952 1447 4998 et
1485 4943 1730 4999 bitumen
1778 4946 2005 5010 habere,
2032 4961 2154 5015 qua:
2200 4960 2419 5017 repente
2462 4951 2619 5005 dissi—

1041 5024 1202 5096 liant,
1229 5035 1321 5087 sed
1364 5035 1573 5104 lapides
1602 5036 1785 5105 potius
1822 5044 1877 5089 et
1902 5052 2053 5102 saxa,
2082 5054 2202 5107 qua:
2228 5040 2463 5109 parietes
2492 5056 2621 5096 con-

1039 5112 1295 5189 ]ungant,
1325 5133 1380 5179 et
1411 5124 1574 5178 calcis
1606 5141 1670 5179 ac
1713 5124 1885 5179 sabuli
1918 5139 2271 5193 cmmcntum,
2298 5129 2443 5197 quod
2474 5129 2621 5197 ipsos

1040 5210 1273 5276 parietes
1298 5214 1551 5269 inviolata
1580 5214 1817 5284 lapidum
1842 5231 2102 5287 compago
2133 5215 2344 5272 fortiter
2369 5218 2623 5274 firmiter-

1036 5304 1143 5367 mle
1185 5304 1544 5374 mnstringat.
1577 5303 1729 5371 Quod
1759 5320 1890 5376 ergo
1916 5305 2029 5373 jam
2062 5306 2191 5360 dicti
2232 5308 2510 5378 Babylonii
2539 5308 2621 5362 la-

1044 5388 1182 5441 teres
1210 5404 1306 5457 pro
1334 5392 1483 5446 saxis
1527 5401 1582 5446 et
1608 5394 1853 5449 bitumen
1884 5410 1983 5464 pro
2014 5404 2286 5451 caemento
2322 5397 2618 5463 habebant,

1041 5477 1269 5535 carnalis
1310 5482 1435 5535 vita:
1483 5482 1825 5553 signiﬁcatur
1860 5484 2149 5539 :editicium
2174 5526 2189 5550 ,
2237 5487 2305 5540 ad
2334 5487 2440 5541 vim
2487 5503 2617 5543 ven-

1044 5567 1213 5705 ;ontm
1259 5570 1342 5624 vel
1386 5572 1646 5641 impetum
1686 5572 1967 5630 fluminum
2005 5575 2333 5645 quantocius
2384 5577 2616 5635 obruen-

1080 5664 1185 5705 um.

1905 395 2147 454 OPUSC.
2194 399 2307 454 LX.
2350 431 2417 440 —
2444 400 2816 458 EXPOSITIO
2857 402 3041 458 LIBRI
3082 403 3466 463 CENESEOS.

1024 514 1182 573 tulit,
1220 527 1344 565 cum
1376 526 1471 582 per
1498 511 1651 566 olivae
1697 528 1905 567 ramum
1953 528 2139 582 pacem
2178 513 2338 567 terris
2368 514 2637 568 redditam
2670 518 2719 577 Α
3338 488 3459 577 CAP

4224 404 4338 462 850

3338 518 3568 578 CAPUT
3608 518 3749 576 XIX.

2742 605 2821 660 De
2869 609 3098 679 quinque
3143 610 3347 679 regibus
3390 604 3637 665 Sodoma:
3680 622 3731 665 et
3778 609 4125 675 Gomorrhaz,
4174 610 4265 679 qui
4306 625 4342 663 ιι

3078 691 3310 749 quatuor
3336 681 3542 751 regibus
3574 681 3833 749 interfecti
3860 690 4002 735 sunt.

2812 784 3109 843 Prudentia
3142 784 3299 854 hujus
3322 788 3510 843 mundi
3542 789 3867 844 iuimica’est
3889 788 3999 844 Deo
4024 806 4037 854 ;
4061 788 4163 860 legi
4192 787 4339 842 enim

2744 881 2839 935 Dei
2868 897 2979 937 non
3006 884 3318 952 subjicitur,
3351 898 3453 938 nec
3489 883 3637 939 enim
3667 892 3867 953 potest.
3912 882 4052 937 liinc
4082 889 4165 936 est
4194 878 4342 951 quod

2742 973 2885 1027 sicut
2936 974 2989 1028 in
3036 974 3174 1029 libro
3204 973 3436 1030 Genesis
3466 975 3711 1045 quinque
3743 989 3919 1045 reges,
3973 974 4065 1044 qui
4113 974 4344 1030 subesse

2742 1063 3040 1119 noluerunt
3079 1065 3568 1130 Chodorlahomor,
3623 1082 3653 1120 a
3708 1074 3945 1137 quatuor
3984 1067 4203 1135 regibus
4249 1081 4343 1121 su-
4406 1136 4409 1139 ν

2740 1156 2917 1225 perati
2958 1166 3109 1213 sunt.
3143 1156 3211 1211 Et
3256 1158 3384 1211 ubi?
3423 1157 3480 1212 In
3530 1156 3668 1211 valle
3715 1157 3989 1223 silvestri,
4022 1173 4147 1227 quae.
4195 1173 4342 1213 nunc
4408 1152 4411 1157 ’

2740 1247 2945 1302 dicitur
2992 1264 3147 1304 mare
3183 1247 3344 1304 Salis.
3390 1249 3494 1315 Qui
3535 1258 3663 1305 sunt
3699 1250 3845 1305 enim
3892 1257 4130 1319 quatuor
4160 1263 4343 1319 reges,

2740 1337 2844 1393 nisi
2895 1348 3131 1407 quatuor
3171 1339 3400 1395 virtutes
3441 1356 3580 1410 quas
3625 1340 3910 1411 Scriptura
3954 1356 4112 1396 saera
4160 1340 4340 1395 nomi-

2740 1438 2835 1483 nat
2866 1429 3231 1499 principales?
3263 1430 3403 1497 Quid
3450 1446 3581 1487 vero
3610 1447 3708 1501 per
3738 1433 3983 1502 quinque
4015 1446 4172 1501 reges
4195 1472 4207 1495 ,
4234 1430 4343 1486 nisi

2741 1520 2965 1574 totidem
2994 1536 3185 1575 settsus
3214 1521 3482 1590 corporis,
3512 1538 3574 1577 ac
3611 1538 3709 1593 per
3746 1538 3844 1579 eos
3875 1524 4124 1578 exterior
4165 1521 4344 1577 scien-

2738 1611 2813 1665 tia
2847 1612 3199 1682 designatur?
3246 1614 3400 1668 Sicut
3446 1624 3629 1669 autem
3676 1615 3781 1670 ill-.e
3818 1626 4059 1685 quatuor
4106 1614 4341 1668 virtutes

2737 1703 2885 1758 velut
2931 1719 2997 1758 ex
3050 1705 3301 1774 originali
3352 1706 3544 1761 matris
3593 1722 3746 1771 suae,
3801 1706 4030 1762 rationis
4078 1705 4333 1771 scilicet,

2739 1796 2890 1852 fonte
2929 1798 3261 1875 procedunt,
3313 1797 3393 1853 sic
3440 1798 3528 1852 isti
3568 1799 3622 1852 in
3670 1808 3900 1853 terrenm
3931 1796 4213 1868 sapientiae
4245 1812 4341 1849 va-

2669 1893 2711 1951 Β
2741 1890 2912 1945 nitate
2945 1889 3095 1945 velut
3126 1891 3179 1944 in
3218 1889 3467 1945 convalle
3504 1889 3796 1960 salsuginis
3826 1890 4208 1952 immorantur,
4236 1889 4345 1942 ibi-

2739 1996 2845 2051 que
2874 1997 2903 2035 a
2932 1982 3047 2037 suis
3073 1982 3320 2037 hostibus
3349 1991 3478 2036 sunt
3513 1981 3773 2051 prostati,
3820 1980 3947 2051 quia
3997 1982 4216 2051 dignum
4255 1989 4343 2033 est

2739 2082 2799 2127 ut
2832 2072 2883 2127 in
2913 2073 3094 2127 anima
3136 2073 3375 2127 hominis
3414 2072 3719 2143 spiritualis
3749 2072 4019 2143 sapientia
4053 2072 4259 2135 vincat,
4285 2080 4343 2124 et

2737 2164 2979 2219 carnalis
3029 2164 3335 2234 prudentius
3386 2163 3657 2219 calliditas
3710 2171 3921 2234 pereat.
3977 2160 4120 2217 Ilinc
4170 2170 4225 2216 et
4274 2160 4343 2217 de

2740 2258 2909 2313 David
2941 2257 3138 2328 legitur
3168 2276 3180 2311 :
3229 2277 3247 2310 ι
3276 2257 3415 2325 Quia
3445 2256 3574 2312 fecit
3602 2256 3703 2312 sibi
3739 2270 3961 2320 nomen,
3993 2271 4117 2310 cum
4153 2265 4341 2309 rever-

2738 2359 2949 2406 teretur
2980 2363 3134 2421 eapta
3171 2353 3329 2424 Syria
3380 2352 3435 2408 in
3470 2352 3612 2410 valle
3662 2351 3998 2418 Saliuarum,
4024 2351 4179 2407 cmsis
4208 2351 4345 2407 duo-

2736 2447 2915 2505 decim
2948 2450 3208 2506 millibus.
3238 2469 3257 2503 ι

3238 2564 3408 2637 399
3444 2565 3676 2622 CAPUT
3714 2564 3836 2620 xx.

2740 2632 2894 2699 Quod
2921 2633 3190 2690 Abraham
3223 2632 3340 2690 cum
3361 2632 3492 2690 'Deo
3538 2637 3882 2706 sacriﬁcavit,
3913 2652 4102 2707 pecora
4140 2636 4341 2702 a’trisit,

3403 2724 3523 2762 αι’σε
3564 2724 3689 2762 ηοη.

2814 2816 2830 2848 ι
2865 2796 2969 2863 Qui
2997 2798 3212 2862 tollens,
3245 2798 3423 2867 inquit
3460 2798 3770 2868 Scriptura,
3803 2798 4057 2852 universa
4091 2797 4225 2863 lucc,
4256 2797 4340 2851 di-

2734 2892 2861 2946 visit
2898 2907 2961 2947 ea
2998 2907 3096 2963 per
3134 2894 3394 2955 medium.
3440 2904 3497 2949 et
3546 2904 3805 2965 utrasque
3857 2905 4041 2965 partes
4087 2894 4231 2950 circa
4282 2910 4357 2950 se

2736 2982 3064 3039 altrinsecus
3106 2985 3319 3055 posuit.
3367 2970 3497 3041 a'vcs
3548 2995 3729 3041 autem
3764 3004 3871 3043 non
3900 2988 4105 3042 divisit.
4146 3007 4163 3039 ι
4202 2987 4341 3042 Ter-

2737 3091 2870 3130 rena
2899 3077 3118 3146 quidem
3162 3078 3419 3133 animalia
3450 3089 3641 3133 contra
3693 3095 3752 3134 se
3784 3088 3837 3135 et
3874 3079 4206 3134 altrinsecus
4241 3094 4340 3148 op-

2736 3179 3035 3238 ponuntur,
3087 3170 3211 3239 quia
3277 3172 3479 3224 terreni
3547 3172 3750 3241 quique
3803 3162 3997 3227 contra
4056 3172 4339 3241 proximos

2655 3257 2701 3319 C
2726 3256 2923 3329 jurgiis
2950 3270 3005 3313 et
3056 3260 3497 3316 contentionibus
3526 3271 3775 3327 srevtunl,
3806 3262 3893 3317 vel
3933 3271 4083 3317 certe
4109 3262 4340 3319 OCCltlllS

2729 3347 2995 3404 adversus
3039 3364 3136 3405 eos
3197 3352 3448 3405 odiorum
3502 3350 3782 3406 fomitibus
3838 3353 4213 3407 inardescunt.
4263 3352 4334 3406 At

2728 3451 2943 3507 contra,
2989 3444 3080 3513 qui
3112 3458 3236 3498 sese
3283 3444 3337 3498 in
3382 3445 3550 3499 altum
3594 3445 3851 3501 desiderii
3888 3445 4128 3501 ccclesiis
4154 3443 4340 3514 pluma

2729 3534 3045 3597 sustollunt,
3074 3536 3201 3590 dum
3227 3536 3558 3593 sacrificium
3589 3538 3699 3593 Deo
3725 3540 4048 3608 semctipsos
4071 3538 4336 3606 ollerunt,

2728 3640 2759 3679 a
2787 3634 2990 3683 mutuae
3015 3626 3325 3683 dilectionis
3363 3629 3575 3700 glutino
3617 3646 3723 3685 non
3762 3632 4044 3685 recedunt.

3315 3741 3546 3796 CAPUT
3587 3740 3731 3796 XXI.

2801 3809 3069 3865 Abraham
3113 3810 3347 3865 volucres
3385 3813 3752 3866 descendentes
3798 3828 3955 3883 super
3999 3812 4264 3882 sacriﬁcia

3389 3883 3653 3953 abigebat.

2802 3992 3021 4061 Maligui
3068 3995 3296 4063 spiritus
3360 3995 3444 4048 vel
3512 3996 3791 4051 orationes
3859 4004 4083 4053 nostras
4143 3998 4331 4067 pravis

2728 4085 3172 4154 cogitationibus,
3225 4085 3307 4140 vel
3361 4099 3526 4155 opera
3576 4088 3714 4141 bona
3774 4088 3983 4156 peccati
4033 4088 4337 4158 cujuslibet

2726 4176 3193 4230 contaminatione
3216 4190 3569 4245 corrumpere
3594 4177 3859 4231 nituntur.
3888 4176 4043 4234 Unde
4065 4180 4333 4250 scripturn

2726 4272 2809 4316 est
2839 4264 2989 4333 quia,
3033 4280 3159 4318 cum
3206 4265 3482 4319 Abraham
3529 4266 3641 4320 Deo
3690 4266 4019 4321 sacrificium
4068 4268 4134 4323 de
4171 4283 4339 4338 peco-

2726 4355 2877 4411 ribus
2925 4373 2989 4412 ac
3020 4358 3333 4413 volucribus
3370 4359 3601 4414 devotus
3639 4360 3889 4423 offerret.
3930 4362 4336 4417 descenderunt

2728 4448 2981 4504 volucres
3014 4464 3181 4520 super
3211 4450 3501 4515 cadavera,
3533 4460 3586 4505 et
3613 4452 3869 4523 augebat
3901 4467 3995 4507 eas
4026 4452 4325 4509 Abraham.

2727 4538 2868 4607 Quid
2910 4542 3058 4594 enim
3104 4540 3421 4609 exprimunt
3470 4541 3739 4604 volucres,
3774 4542 3877 4595 nisi
3928 4544 4187 4613 reprobos
4218 4544 4330 4611 spi-

2729 4631 2865 4685 ritus
2908 4646 3005 4699 per
3029 4646 3156 4684 aera
3186 4632 3511 4686 volitantes?
3541 4633 3801 4688 Volucrcs
3826 4650 3956 4705 ergo
3997 4649 4027 4688 a
4057 4634 4330 4691 sacriﬁcio

2727 4731 2915 4776 nostro
2967 4723 3302 4792 repellimus,
3358 4739 3482 4781 eum
3535 4725 3843 4779 orationum
3923 4742 4019 4781 seu
4095 4741 4325 4796 operum

2725 4821 3038 4867 nostrorum
3067 4814 3317 4869 victimas
3348 4830 3376 4867 a
3404 4816 3655 4886 malignis
3683 4818 3964 4887 spiritibus
3995 4833 4089 4874 cas
4117 4820 4329 4875 ftedare

2726 4908 3063 4963 tentantibus
3088 4909 3311 4978 provide
3338 4911 3695 4965 custodimus.

3294 5018 3523 5074 CAPUT
3564 5019 3729 5076 XXII.

2725 5106 2858 5162 Cum
2899 5109 2981 5163 sol
3031 5112 3388 5186 occumberet,
3422 5130 3579 5182 sopor
3624 5114 3779 5186 irruit
3829 5134 3989 5186 super
4028 5119 4321 5185 Abraham,

3066 5192 3114 5232 et
3150 5181 3338 5234 horror
3366 5199 3588 5253 magnus
3620 5185 3811 5239 invasit
3839 5181 3979 5242 eunt.

2795 5268 2930 5323 Cum
2958 5271 3039 5325 sol
3069 5274 3438 5335 occumberet,
3460 5288 3624 5343 s0por
3650 5276 3992 5349 irruitsuper
4014 5279 4315 5346 Abraham,

2725 5366 2779 5412 et
2809 5359 3005 5413 horror
3035 5375 3264 5431 magnus
3309 5370 3362 5415 et
3401 5365 3723 5420 tenebrosus
3765 5368 3967 5423 invasit
3994 5383 4138 5423 eum.
4173 5370 4323 5427 Solis

2722 5449 3007 5503 accubitus
3067 5450 3255 5504 mundi
3308 5450 3561 5523 designat
3617 5470 3913 5522 occasum;
3948 5459 4147 5514 horror
4183 5475 4317 5516 vero

2726 5553 2953 5607 magnus
2991 5548 3047 5592 et
3090 5542 3410 5597 tenebrosus
3455 5544 3715 5600 vitiorum
3760 5547 3958 5617 figurat
3991 5550 4316 5607 criminum-

2724 5643 2830 5698 que
2882 5627 3170 5699 ealiginem
3198 5671 3214 5695 ,
3260 5647 3382 5700 quce
3430 5636 3678 5702 quotidie
3724 5638 4047 5707 pestilenter
4090 5642 4322 5713 perhor-

2725 5725 2944 5771 rescunt
2989 5732 3086 5786 per
3125 5728 3449 5777 aestuantem
3487 5727 3844 5795 reproborum
3881 5731 4160 5786 hominum
4191 5748 4322 5803 pra-

2721 5808 2970 5865 vitatem.
3010 5807 3164 5867 Unde
3214 5822 3268 5868 et
3314 5814 3419 5873 illic
3458 5817 3621 5887 paulo
3669 5828 3793 5889 post
3842 5820 4099 5881 additur:
4137 5822 4318 5885 tCtttn
