5962 6430
1253 411 1359 468 853

2109 397 2354 457 OPUSC.
2394 395 2507 452 LX.
2540 424 2612 436 -—
2642 385 3010 447 EXPOSlTlO
3052 382 3239 438 LIBRI
3279 372 3648 438 GENESEOS

4433 357 4540 417 εδι

1253 530 1478 588 ιιιειιειιε
1503 542 1632 600 ergo
1655 523 1915 580 cornibus
1939 521 2100 586 aries,
2131 520 2381 576 Christus
2421 523 2504 570 est
2531 510 2837 569 cruciﬁxus
2872 511 2911 565 Α
2945 518 3056 558 rem
3082 497 3315 572 proximi
3338 492 3715 564 concupiscat-
3759 487 3966 600 Qllilbus
4005 485 4109 539 Υῖίθ
4139 479 4392 600 Samiis,
4430 491 4546 600 “0'”

3170 599 3174 600 ν
3378 588 3388 600 ι
3453 593 3463 600 .
3526 599 3531 600 ,
3571 583 3583 600 Ι
3616 598 3659 600 γμμ
3682 589 3855 600 ,,.-_.-_-
3888 575 4082 600 -.ελ-ιεη
4140 588 4170 600 Α
4197 592 4206 600 ι
4234 579 4479 600 ιιΛοηηὶηη
4512 580 4538 600 Λ

1206 633 1211 638 ’
1254 627 1401 683 inter
1429 622 1704 679 aculeatas
1750 627 1805 674 et
1849 613 2130 670 vulnificas
2152 610 2462 667 Judzeorum
2495 605 2833 674 iniquitates.

1252 719 1408 776 Sicut
1432 716 1545 784 ipse
1566 727 1662 782 per
1687 709 1978 766 Jeremiam
2004 703 2380 774 conqueritur,
2403 700 2590 754 dicens
2621 711 2636 749 :
2671 714 2689 746 ι
2724 693 2840 762 Spi-

1253 808 1340 864 nis
1390 812 1735 876 peccatorum
1797 813 2017 856 suorum
2059 791 2412 851 circumdedit
2470 803 2554 842 me
2608 785 2841 855 populus

1252 898 1364 952 hic.
1399 875 1419 948 ι
1463 893 1689 949 Peracto
1735 889 2030 949 sacrilicio,
2058 884 2259 938 dicitur
2288 880 2524 934 Abrahzc
2557 896 2569 931 :
2607 895 2625 927 ι
2656 875 2712 929 1η
2757 888 2842 927 se-

1253 989 1401 1042 mine
1425 995 1516 1040 tuo
1542 982 1927 1040 benedicentur
1947 991 2138 1032 omnes
2161 982 2368 1045 gentes.
2405 991 2423 1024 ι
2462 971 2524 1024 Ει
2554 977 2841 1039 postquam

1253 1078 1516 1134 Dominus
1547 1076 1728 1132 dixit:
1777 1091 1794 1124 ι
1848 1070 2126 1126 Fuderunt
2174 1081 2368 1120 manus
2417 1077 2564 1116 meas
2596 1069 2651 1115 et
2682 1060 2844 1127 pedes

1251 1185 1428 1233 meos,
1457 1189 1476 1218 ι
1508 1167 1667 1237 paulo
1689 1172 1803 1234 post
1839 1163 1890 1214 in
1916 1161 2105 1214 eodem
2138 1157 2343 1226 psalmo
2379 1151 2604 1218 subjecit
2635 1168 2648 1202 :
2679 1169 2696 1200 ι
2742 1148 2844 1201 lie-

1251 1261 1635 1320 minisccntur,
1675 1264 1730 1308 et
1759 1259 2149 1308 convertentur
2179 1248 2244 1302 ad
2285 1245 2570 1301 Dominum
2602 1239 2841 1294 universi

1253 1353 1393 1407 lines
1431 1361 1587 1404 terra:
1611 1389 1626 1411 ,
1673 1357 1725 1400 et
1766 1343 2066 1399 adorabunt
2103 1341 2154 1393 in
2183 1344 2473 1406 conspectu
2511 1333 2630 1401 ejus
2655 1346 2845 1388 omnes

1251 1441 1442 1511 patriae
1487 1438 1748 1510 gentium.
1800 1432 2065 1499 Quoniam
2116 1429 2329 1483 Domini
2374 1435 2458 1479 est
2498 1439 2760 1492 regnum,
2796 1429 2848 1476 ct

1250 1510 1372 1601 ipse
1393 1529 1765 1584 dominabitur
1792 1524 2055 1590 gentium.
2087 1539 2103 1571 ι
2135 1519 2330 1575 Oblato
2361 1517 2540 1586 itaque
2567 1510 2842 1568 Abraham

1250 1619 1368 1676 ﬁlio
1389 1661 1403 1685 ,
1431 1628 1488 1674 et
1513 1634 1612 1690 pro
1636 1619 1806 1672 ariete
1839 1613 2138 1674 immolato,
2175 1607 2468 1678 appellavit
2506 1620 2700 1659 nomen
2744 1601 2843 1657 loci

1251 1709 1423 1770 illius,
1452 1727 1469 1758 ι
1510 1708 1770 1762 Dominus
1799 1705 1997 1765 videt,»
2031 1701 2157 1770 quia
2185 1697 2445 1753 Dominus
2477 1704 2679 1756 noster,
2707 1703 2850 1762 post-

1251 1816 1418 1872 quam
1455 1803 1508 1856 in
1545 1814 1638 1852 ara
1669 1796 1848 1852 crucis
1889 1793 2103 1849 oblatus
2150 1791 2340 1845 mortis
2370 1798 2567 1841 nostra:
2602 1787 2844 1840 debitum

1252 1894 1417 1948 solvit
1445 1932 1460 1955 ,
1496 1890 1788 1944 videndum
1815 1901 1872 1941 se
1896 1885 2150 1952 deinceps
2175 1881 2408 1937 lidelium
2442 1894 2661 1932 suorum
2687 1877 2844 1931 obtn-
2885 1883 2922 1938 Β

1253 1985 1402 2040 tibus
1424 1983 1674 2053 praebuit,
1697 1979 1875 2050 902,
1896 1987 1956 2032 ιιι
1983 1976 2238 2030 nimirum
2269 1965 2528 2041 redempti
2568 1986 2758 2024 omnes
2785 1969 2847 2023 il-

1252 2075 1368 2130 lum
1386 2073 1499 2145 jam
1529 2088 1626 2142 per
1662 2070 1822 2126 ﬁdem
1852 2067 2157 2132 inveniant,
2179 2064 2272 2135 qui
2298 2075 2523 2118 eatenus
2555 2062 2677 2117 tidei
2713 2076 2842 2116 ocu-

1251 2166 1339 2225 los
1365 2179 1476 2222 non
1498 2164 1789 2220 habebant.
1923 2187 1928 2190 ·

1817 2255 2046 2314 CAPUT
2085 2251 2276 2309 XXVI.

1542 2351 1619 2408 De
1665 2350 1757 2405 Lia
1785 2360 1833 2405 et
1877 2346 2065 2404 Rachel
2089 2345 2336 2400 uxoribus
2376 2341 2560 2397 Iacob.

1325 2446 1498 2505 Porro
1527 2464 1632 2502 non
1677 2453 1760 2500 est
1790 2440 2081 2499 obscurum
2123 2438 2264 2508 quod
2317 2435 2500 2489 Lahan
2547 2433 2682 2486 duas
2713 2431 2850 2486 filias

1255 2539 1471 2600 habuit,
1505 2552 1734 2606 quarum
1762 2533 2038 2601 iuniorem
2073 2529 2239 2584 Jacoh
2267 2527 2317 2579 in
2343 2523 2652 2595 eonjugium
2681 2537 2850 2591 copu-

1257 2632 1422 2698 lavit,
1462 2632 1528 2684 ad
1569 2628 1722 2697 cujus
1767 2638 1942 2681 tamen
1975 2621 2254 2690 amplexus
2290 2616 2576 2687 pervenire
2604 2629 2710 2668 non
2748 2629 2847 2683 po-

1261 2722 1388 2785 tuit.
1423 2721 1595 2777 donec
1632 2716 1891 2786 majorem
1925 2715 2146 2786 ignarus
2179 2718 2340 2778 atque
2373 2709 2493 2761 ideo
2525 2707 2728 2760 invitus
2759 2722 2849 2760 ac—

1258 2814 1427 2887 cepit.
1478 2813 1586 2869 Sed
1635 2812 1761 2882 quia
1817 2825 1929 2864 rem
1973 2805 2269 2862 scientibus
2311 2801 2505 2870 loquor
2533 2838 2547 2863 ,
2583 2798 2849 2852 nonmihi

1259 2907 1448 2964 multis
1471 2905 1858 2962 elaborandum
1886 2910 1972 2957 est
2011 2899 2212 2954 verbis.
2245 2895 2429 2951 Laban
2465 2895 2664 2964 quippe
2712 2893 2852 2947 deal-

1260 2998 1404 3054 batio
1440 2997 1852 3066 interpretatur.
1881 2992 2015 3060 Quis
2058 2999 2238 3045 autem
2266 2989 2334 3044 ad
2375 2988 2544 3042 Deum
2576 2983 2853 3041 converti-

1260 3101 1371 3154 tur,
1402 3087 1503 3142 nisi
1531 3096 1586 3141 ut
1606 3127 1622 3151 ,
1653 3085 1898 3156 deposita
1919 3092 2267 3156 peccatorum
2299 3079 2604 3150 nigredine,
2637 3092 2733 3148 per
2761 3091 2851 3130 re-

1261 3179 1541 3236 missionis
1583 3179 1810 3250 gratiam
1856 3177 2181 3232 dealbctur?
2220 3177 2360 3230 sicut
2400 3176 2514 3244 ipse
2542 3173 2848 3242 pollicetur,

2941 571 3089 655 tnox,
3125 599 3184 644 ut
3212 588 3487 660 sperabat,
3517 583 3585 637 ad
3607 575 4087 647 contemplationis
4139 571 4539 627 oblectamenta

2941 684 3278 756 perducitur,
3300 690 3361 734 ut
3391 679 3538 732 velut
3571 681 3904 744 exspectata:
3947 669 4036 724 diu
4070 665 4270 722 Rachel
4301 659 4544 735 pulchri-

2944 753 3129 830 tudine
3157 773 3510 843 perfruatur,
3562 768 3656 822 sed
3696 765 3792 819 Lia
3837 762 3943 818 sibi
3985 775 4083 832 per
4113 766 4328 814 noctem
4367 753 4547 823 inopi-

2944 880 3073 923 nato
3099 864 3445 936 supponitur,
3472 861 3598 931 quia
3633 860 3775 913 inter
3807 857 4058 910 huaana:
4089 849 4253 917 hujus
4283 848 4549 917 ignoran-

2946 965 3033 1018 tiae
3073 962 3328 1018 tenebras
3377 953 3664 1012 tolerantia
3709 951 3808 1006 sibi
3855 947 4059 1003 laboris
4101 941 4433 1012 injungitur;
4477 953 4546 992 ex

2946 1073 3050 1127 qua
3098 1064 3276 1108 tamen
3318 1051 3430 1120 jam
3473 1058 3822 1102 numerosam
3857 1039 4099 1095 sobolem
4137 1033 4384 1104 suscipit,
4417 1031 4548 1100 quia

2947 1123 3144 1204 uberes
3187 1140 3488 1212 spiritualis
3526 1139 3663 1193 lucri
3700 1151 3796 1207 per
3843 1135 3988 1188 hunc
4031 1128 4275 1183 laborem
4336 1123 4548 1179 fructus

2949 1236 3204 1306 acquirit.
3241 1233 3389 1287 llanc
3437 1232 3622 1299 itaque
3654 1228 3872 1288 tolerat,
3913 1233 3970 1276 ut
3999 1221 4065 1276 al
4117 1219 4262 1272 illam
4302 1214 4552 1286 quando-

2949 1347 3054 1400 que
3097 1327 3379 1397 perveniat
3426 1339 3547 1393 qua:
3591 1326 4012 1391 perseveranter
4065 1322 4234 1368 amat.
4275 1309 4555 1364 Suadetur

2949 1437 3078 1492 ergo
3110 1429 3168 1473 ut
3191 1434 3288 1489 per
3311 1417 3445 1470 alios
3469 1423 3676 1484 septem
3710 1426 3882 1465 annos
3910 1408 4114 1461 servire
4140 1402 4390 1463 desudet,
4421 1396 4550 1468 quia

2952 1514 3195 1586 profecto
3231 1524 3455 1564 necesse
3481 1517 3563 1561 est
3593 1516 3650 1560 ιιι
3695 1505 3872 1559 adhuc
3902 1502 4005 1556 alia
4041 1509 4247 1568 septem
4281 1501 4556 1566 praecepta

2951 1585 3220 1664 observet,
3248 1603 3338 1655 εεςι
3361 1598 3472 1667 jam
3501 1598 3780 1666 aliquanto
3805 1592 4046 1654 liberior,
4074 1604 4179 1641 non
4212 1585 4407 1655 legalia
4435 1591 4559 1637 tan.

2953 1709 3116 1764 quam
3145 1706 3358 1754 servus,
3390 1689 3486 1742 sed
3504 1686 3823 1756 evangelica
3851 1693 4193 1749 sucutgener,
4220 1675 4474 1730 videlicet
4499 1682 4560 1726 ut

2955 1787 3026 1838 sit
3050 1798 3254 1853 pauper
3277 1780 3492 1851 spiritu,
3523 1778 3596 1832 sit
3624 1777 3792 1840 mitis,
3823 1775 4022 1843 lugeat,
4056 1769 4263 1825 esuriat
4293 1767 4558 1834 sitiatque

2951 1875 3219 1946 justitiam
3247 1914 3261 1938 ,
3296 1872 3366 1926 sit
3411 1870 3726 1924 misericors
3751 1910 3764 1930 ,
3801 1866 4064 1919 mundum
4096 1877 4192 1916 cor
4231 1861 4456 1919 habeat,
4489 1857 4561 1908 sit

2951 1977 3230 2038 postremo
3261 1961 3538 2035 pacificus.
3566 1958 3732 2030 903
3761 1957 4052 2012 Enimvero
4098 1953 4259 2007 vellet
4293 1952 4477 2016 homo,
4510 1949 4557 2002 si

2953 2060 3070 2114 fieri
3099 2069 3318 2130 posset,
3359 2055 3535 2110 nullas
3573 2053 3820 2106 laborum
3870 2047 4150 2103 molestias
4194 2043 4406 2113 agendo
4438 2055 4562 2111 per-

2952 2152 3119 2213 ferre,
3153 2146 3246 2203 sed
3272 2146 3520 2216 protinus
3544 2144 3597 2198 in
3622 2141 3795 2212 ipsius
3833 2140 3913 2195 sui
3959 2136 4198 2193 tirocinii
4235 2131 4562 2189 rudimentis

2953 2243 3019 2296 ad
3049 2239 3288 2311 pulchrae
3314 2234 3797 2306 contemplatioms
3834 2231 4060 2286 delicias
4098 2226 4418 2298 pervenire;
4473 2237 4564 2278 vc-

2955 2343 3259 2389 rnmtamen
3305 2332 3408 2386 hoc
3436 2344 3544 2384 non
3583 2328 3635 2382 in
3670 2337 3817 2381 terra
3847 2321 4195 2378 morientiun
4241 2321 4300 2372 lit
4331 2358 4344 2381 ,
4383 2315 4478 2371 sed
4509 2315 4564 2368 in

2954 2437 3100 2480 terra
3124 2424 3446 2479 viventium.
3475 2420 3631 2489 Quod
3661 2419 3975 2490 significare
4003 2415 4219 2469 videtur
4254 2411 4383 2466 illul
4417 2410 4564 2479 quod

2953 2518 3020 2574 ad
3042 2515 3210 2571 Jacob
3242 2516 3440 2570 dicitur
3471 2532 3484 2567 :
3521 2534 3538 2564 ι
3583 2512 3699 2567 Non
3737 2519 3853 2574 est,
3901 2508 4077 2578 inquit
4103 2506 4288 2560 Labau
4315 2544 4330 2567 ,
4361 2504 4412 2556 in
4444 2501 4566 2556 ioco

2955 2623 3146 2666 nostro
3173 2607 3616 2670 consuetudinis,
3648 2613 3708 2659 ut
3742 2605 3985 2658 minores
4017 2608 4146 2655 ante
4186 2598 4469 2652 tradamus
4499 2596 4567 2648 ad

2954 2701 3194 2770 nuptias.
3239 2718 3258 2751 ι
3304 2698 3416 2752 Νεε
3444 2695 3679 2750 absurde
3700 2692 3877 2762 major
3909 2691 4235 2762 appellatur,
4267 2704 4386 2757 quze
4419 2687 4570 2756 prior

2952 2802 3036 2847 est
3060 2804 3324 2860 tempore.
3357 2789 3517 2842 Prius
3546 2797 3630 2841 est
3659 2785 3806 2840 enim
3838 2785 3889 2839 in
3917 2782 4130 2838 llomini
4154 2781 4458 2837 eruditione
4485 2778 4568 2832 la-

2955 2892 3054 2940 bor
3086 2884 3213 2940 boni
3239 2881 3422 2952 operis
3457 2895 3621 2950 quant
3669 2877 3886 2948 requies
3922 2875 4422 2945 contemplationis.
4461 2873 4567 2926 Ex.

2951 2976 3112 3046 pletis
3143 2977 3326 3044 itaque
3353 2971 3563 3026 duabus
3590 3011 3605 3036 ,
3637 2971 3809 3024 altera
3839 2967 4094 3022 videlicet
4128 2965 4262 3035 legis
4300 2965 4566 3035 antiquae.

2955 3067 3124 3121 altera
3150 3063 3482 3132 evangelica:
3525 3061 3716 3132 gratim
3749 3101 3764 3124 ,
3817 3074 3941 3114 mox
3985 3059 4052 3113 ad
4101 3057 4189 3111 diu
4240 3055 4569 3110 desidet-alae

2955 3157 3156 3213 Rachel
3184 3155 3500 3226 pervenitur
3529 3150 3961 3222 amplexus,qnia
3986 3149 4231 3219 quisquis
4262 3147 4575 3216 pertingere

1259 3271 1453 3326 dicens
1484 3287 1497 3322 ε
1533 3287 1552 3320 ι
1584 3239 1646 3323 ἐξ
1676 3267 1876 3322 fuerim
1913 3278 2136 3336 peccata
2187 3277 2368 3321 vestra
2419 3239 2479 3319 ίιι
2524 3239 2804 3317 (Ioc-cina".
2836 3301 2850 3325 ,
2880 3239 2926 3301 C
2959 3250 3025 3304 ad
3055 3249 3251 3303 divinat
3286 3244 3763 3314 contemplationis
3800 3242 4204 3313 oblectamenta
4254 3239 4530 3294 desiderat
4557 3277 4571 3301 ,

1261 3362 1421 3432 quasi
1457 3360 1548 3414 nix
1585 3359 2002 3414 dealbabuntur.
2046 3378 2063 3411 ι
2108 3358 2259 3425 Quod
2305 3358 2430 3411 felix
2466 3357 2553 3410 ille
2603 3361 2857 3424 peccator

1263 3439 1612 3523 postulabat,
1655 3467 1778 3506 cum
1815 3451 2018 3506 diceret
2053 3469 2067 3506 :
2106 3469 2123 3503 ι
2161 3449 2478 3514 .‘llnndabor,
2514 3448 2722 3502 lavabis
2751 3459 2856 3508 me,

1263 3553 1322 3599 et
1350 3557 1513 3612 super
1539 3543 1716 3597 nivem
1751 3542 2064 3598 dealbabor.
2099 3563 2117 3594 ι
2151 3541 2246 3597 Lia
2272 3542 2685 3610 interpretatur,
2713 3537 2857 3591 labo-

1268 3654 1398 3692 rans
1415 3654 1434 3703 ,'
1458 3635 1682 3701 Rachel,
1705 3637 1912 3689 verbum
1941 3635 2053 3690 sive
2079 3635 2414 3704 principium.
2448 3632 2573 3694 Sed,
2604 3631 2647 3685 si
2680 3629 2862 3698 Scrip-

1269 3738 1450 3787 turam
1492 3729 1776 3799 diligenter
1814 3729 2176 3793 attendimus,
2227 3741 2327 3781 nec
2358 3741 2465 3780 uno
2508 3724 2724 3794 quidem
2777 3723 2864 3776 die

1269 3822 1511 3879 servisse
1547 3820 1714 3877 Jaco‘b
1743 3829 1967 3890 propter
2012 3819 2121 3875 Liae
2166 3819 2494 3875 desiderium
2538 3817 2862 3887 reperimus,

1271 3912 1369 3967 sed
1391 3926 1489 3981 per
1513 3919 1651 3966 totas
1678 3910 1798 3965 illas
1819 3925 2083 3964 annorum
2109 3908 2474 3964 hebdomadas
2501 3922 2599 3976 pro
2621 3907 2734 3962 sola
2760 3905 2868 3960 Ra-

1272 4001 1397 4058 chel
1422 4002 1670 4056 servituti
1707 4000 1995 4069 subiacuit.
2046 4000 2270 4068 Insuper
2311 4008 2366 4054 et
2404 3999 2576 4069 ipsam
2620 3998 2772 4052 Liam
2799 3997 2867 4052 ad

1273 4093 1422 4147 Illius
1453 4093 1702 4146 intuitum
1738 4092 2004 4146 toleravit.
2029 4091 2161 4158 Quis
2187 4091 2330 4145 enim
2363 4091 2428 4145 ad
2460 4090 2631 4144 Deum
2664 4090 2868 4144 idcirco

1277 4183 1614 4238 convertitur
1637 4221 1651 4244 ,
1696 4190 1756 4234 ut
1784 4180 1998 4236 labores
2040 4192 2094 4235 et
2121 4196 2392 4234 aerumnas
2415 4197 2476 4234 ac
2509 4180 2867 4235 tentationnm

1277 4271 1579 4328 certamina
1633 4270 1920 4340 patiatur?
1951 4270 2138 4325 Omnis
2185 4271 2330 4325 enim
2377 4268 2544 4323 Deum
2575 4268 2871 4338 qumrentis

1280 4363 1510 4419 intentio
1550 4362 1652 4417 hoc
1678 4372 1884 4431 sperat,
1919 4363 1984 4416 ad
2029 4363 2133 4418 hoc
2158 4371 2393 4433 spectat,
2443 4371 2500 4415 ut
2531 4363 2595 4417 ad
2627 4363 2867 4431 requiem

1276 4456 1604 4526 quandoque
1634 4455 1934 4524 perveniat,
1965 4464 2016 4507 et
2049 4455 2100 4508 in
2131 4470 2356 4509 smnnuc
2394 4455 2871 4526 contemplationis

1275 4545 1516 4620 gaudio,
1559 4543 1706 4600 velut
1759 4544 1809 4598 in
1846 4545 2081 4613 pulchrae
2129 4545 2326 4601 Rachel
2372 4545 2746 4615 amplexibus,
2788 4561 2870 4599 rc—

1277 4634 1546 4708 quicscat,
1588 4636 1841 4690 videlicet
1866 4646 1923 4690 ut
1954 4650 2049 4706 per
2078 4635 2303 4690 verbum
2329 4637 2470 4708 quod
2498 4637 2648 4691 audit
2677 4653 2868 4692 ascen-

1280 4727 1374 4781 dat
1399 4727 1466 4780 ad
1497 4727 1786 4782 videndum
1813 4727 2138 4798 principium
2167 4729 2310 4797 quod
2339 4729 2606 4800 QIILPSlVll.
2640 4727 2746 4783 Sed
2778 4745 2869 4784 ne-

1280 4830 1436 4872 cesse
1479 4826 1563 4872 est
1609 4826 1667 4871 ut
1713 4818 1858 4872 httnc
1902 4819 2242 4873 diversorum
2300 4819 2658 4874 certaminum
2717 4819 2873 4875 labor

1279 4918 1534 4962 exerceat
1581 4917 1869 4977 antequam
1907 4908 1972 4962 ad
2019 4909 2219 4978 quietis
2266 4910 2470 4964 intima:
2503 4911 2872 4977 suavitatem,

1283 5013 1446 5069 quam
1472 5000 1828 5070 concupiscit,
1861 5001 2112 5071 attingat.
2140 5000 2299 5056 Prius
2324 5002 2588 5056 servitute
2619 5003 2873 5073 deprimi-

1287 5099 1377 5145 tur
1398 5130 1416 5158 ,
1447 5101 1508 5145 ut
1528 5091 1650 5161 jure
1677 5091 2020 5162 postmodum
2051 5092 2117 5145 ad
2162 5091 2419 5161 perfecta:
2449 5091 2722 5146 libertatis
2749 5093 2875 5146 titu-

1284 5177 1368 5237 los
1395 5180 1744 5250 provehatur.
1772 5180 1991 5251 Septem
2026 5195 2153 5235 vero
2187 5181 2346 5235 annis
2377 5181 2477 5235 sub
2513 5181 2875 5236 dealbationis

1286 5270 1460 5342 gratia
1502 5268 1706 5331 servit,
1756 5283 1879 5323 cum
1920 5279 2128 5340 septem
2179 5285 2242 5325 ea
2273 5285 2393 5340 quae
2420 5269 2488 5324 ad
2529 5269 2761 5339 proximi
2796 5269 2877 5324 di-

1289 5358 1572 5415 lectionem
1598 5358 1876 5429 pertinent
1916 5359 2167 5430 Dccalogi
2210 5359 2466 5414 mandata
2506 5358 2763 5422 custodit,
2802 5357 2879 5411 vi.

1287 5449 1485 5507 delicet
1531 5460 1594 5504 ut
1650 5450 1826 5520 primo
1891 5450 2083 5506 timore
2141 5450 2471 5506 constrictus
2531 5460 2696 5518 atque
2755 5447 2876 5501 ideo

1288 5539 1569 5595 servitutis
1601 5539 1735 5612 jugo
1762 5539 2049 5612 depressus
2091 5540 2283 5594 saltem
2312 5557 2341 5594 a
2374 5546 2604 5593 vetusta:
2633 5537 2766 5608 legis
2796 5539 2875 5590 in-

1290 5629 1454 5702 cipiat
1501 5630 1795 5694 institutis,
1843 5631 2186 5685 utnimirmn
2232 5640 2486 5700 parentes
2516 5632 2785 5694 honoret,
2821 5637 2880 5683 ut

1293 5738 1398 5778 non
1443 5723 1748 5779 mmcbetur
1771 5763 1786 5790 ,
1820 5738 1925 5778 non
1959 5723 2192 5790 occidat,
2225 5740 2330 5778 non
2357 5721 2591 5788 foretur,
2622 5737 2731 5776 non
2781 5721 2880 5775 tal-

1295 5827 1411 5870 sum
1433 5813 1808 5872 testimonium
1826 5812 2094 5886 proterat,
2125 5831 2232 5873 non
2257 5825 2481 5873 uxorem
2511 5812 2761 5883 alterius,
2781 5826 2880 5870 nec

2961 3346 3113 3415 prius
3141 3357 3366 3399 necesse
3403 3348 3489 3395 est
3519 3348 3578 3394 ut
3606 3338 3892 3408 utriusque
3925 3333 4262 3390 Testamenti
4312 3343 4577 3403 peragere

2962 3436 3216 3491 mandata
3263 3431 3580 3488 contendat.

3521 3521 3752 3579 CAPUT
3791 3518 4010 3575 XXVII.

3429 3618 3506 3671 De
3572 3615 3706 3670 Bala
3772 3624 3820 3668 et
3879 3612 4101 3684 Zelplta.

3039 3713 3144 3768 Sed
3175 3712 3302 3781 quia
3328 3711 3534 3764 electus
3563 3709 3829 3778 quisque,
3857 3703 4216 3776 perfectionis
4255 3718 4367 3757 sua:
4403 3701 4576 3756 limite

2969 3820 3076 3858 non
3102 3809 3414 3866 contentus,
3443 3799 3584 3854 ﬁlios
3616 3799 3782 3854 etiam
3820 3798 3930 3853 Deo
3955 3798 4177 3867 gignere
4226 3795 4457 3864 speciali
4499 3792 4578 3849 fe-

2967 3896 3251 3952 cunditate
3279 3894 3576 3958 desiderat,
3624 3901 3914 3963 postquam
3958 3889 4246 3960 conjugalc
4278 3889 4458 3942 fccdtts
4485 3884 4580 3941 Ja—

2970 3985 3074 4040 cob
3113 4000 3235 4039 cum
3264 3984 3478 4038 dualms
3508 3982 3792 4037 sororibus
3844 3979 4028 4044 inivit,
4063 3982 4130 4033 ad
4161 3978 4577 4049 prepagandum

2971 4074 3241 4131 uberioris
3274 4089 3497 4144 germen
3536 4071 3742 4128 sobolis
3782 4071 4012 4127 ancillas
4055 4086 4274 4145 quoque
4318 4071 4387 4124 ad
4410 4085 4576 4141 gene—

2974 4167 3130 4222 randi
3161 4181 3319 4220 usum
3370 4166 3647 4233 suscipere
3685 4179 3793 4218 non
3843 4161 4083 4233 refugit;
4136 4171 4300 4232 atque
4330 4203 4344 4226 ,
4376 4170 4434 4214 ut
4460 4175 4580 4214 om-

2974 4258 3063 4311 nia
3099 4255 3481 4326 spiritualibus
3525 4254 3902 4323 intelligantur
3932 4251 4239 4307 redundare
4270 4251 4578 4322 mysteriis,

2975 4349 3088 4417 ipsa
3117 4361 3336 4417 quoque.
3382 4345 3705 4400 ancillarum
3743 4344 3964 4399 nomina
4004 4347 4107 4399 sub
4160 4344 4406 4415 tttySticiS
4452 4353 4585 4399 sunt

2971 4439 3331 4512 praenuntiata
3347 4437 3556 4509 figuris.
3576 4435 3710 4491 Nam
3727 4435 3850 4489 Bala
3868 4436 4583 4504 interpretaturinveterata;

2976 4547 3110 4587 sane
3152 4531 3277 4599 quia
3326 4527 3666 4582 intellectum
3714 4525 4018 4595 spiritualis
4065 4525 4388 4580 substantiae
4421 4525 4585 4580 nudis

2979 4623 3158 4681 verbis
3179 4623 3416 4676 humana
3455 4621 3634 4692 lingua
3662 4619 3853 4689 nequit
3881 4618 4222 4690 exprimere,
4254 4619 4586 4690 quandoque

2978 4715 3227 4770 doctrina
3263 4712 3548 4784 sapientia:
3579 4728 3678 4783 per
3701 4713 3967 4781 quasdam
4006 4721 4300 4782 corporeus
4332 4710 4586 4766 similitu-

2977 4808 3136 4862 dines
3167 4806 3479 4861 audientem
3512 4805 3707 4860 nititur
3735 4803 4054 4859 informare.
4095 4804 4167 4861 De
4202 4804 4370 4858 veteri
4401 4813 4586 4859 autem

2978 4900 3090 4954 vita
3119 4909 3174 4952 et
3198 4898 3512 4954 carnalibus
3541 4897 3795 4953 sensibus
3816 4897 3995 4952 dedita
4028 4912 4305 4967 corporeae
4343 4897 4588 4968 cogitan—

2979 5001 3068 5046 tur
3099 4993 3401 5063 imagines,
3442 5007 3674 5060 quarutn
3712 4991 3964 5046 videlicet
3995 4992 4062 5044 ad
4103 4992 4406 5045 docendum
4452 5005 4587 5045 usus

2979 5084 3297 5148 assmnitur,
3345 5099 3471 5138 cum
3495 5084 3701 5154 aliquid
3734 5098 3800 5137 ex
3841 5082 4386 5152 incomprehensibili
4418 5091 4475 5137 ct
4504 5083 4590 5136 in-

2978 5179 3350 5235 commutabili
3373 5180 3614 5233 essentia
3640 5178 3944 5233 divinitatis
3988 5179 4227 5231 auditur.
4257 5176 4461 5231 Rachel
4485 5177 4590 5231 ita-

2980 5287 3087 5340 que
3112 5271 3305 5324 maluit
3333 5279 3611 5339 utcunque
3638 5269 3779 5324 filios
3805 5285 3871 5322 ex
3901 5268 4096 5323 ancilla
4127 5269 4404 5336 suscipere
4422 5281 4588 5336 quam

2983 5360 3206 5414 omnino
3251 5360 3454 5414 sterilis
3484 5375 3826 5430 permanere,
3846 5360 3972 5429 quia
4003 5359 4250 5412 doctrina
4279 5357 4587 5426 sapientiae.

2983 5451 3098 5506 sive
3129 5452 3301 5522 gratia
3344 5451 3822 5519 contemplationis
3848 5491 3862 5514 ,
3896 5464 3992 5520 per
4031 5448 4363 5501 cvtcriorem
4408 5446 4594 5500 scien-

2985 5541 3139 5605 tiam,
3168 5539 3251 5594 vel
3280 5540 3574 5594 visibilium
3609 5555 3790 5594 rerutn
3825 5538 4028 5593 formas
4073 5538 4418 5591 auditoribus
4451 5536 4588 5591 inti-

2988 5644 3099 5686 mat
3121 5632 3386 5702 quidquid
3415 5633 3482 5688 de
3507 5631 3812 5688 visibilibus
3839 5631 3981 5685 intra
4012 5644 4213 5684 arcana
4239 5628 4498 5694 occultat;
4534 5638 4592 5686 et

2988 5723 3066 5779 sic
3101 5723 3501 5793 quodammodo
3525 5738 3624 5793 per
3649 5720 3904 5777 ancillam
3934 5720 4074 5776 filios
4097 5719 4318 5790 accipit,
4341 5719 4467 5774 dmn
4494 5734 4590 5791 per

2989 5830 3133 5884 eam,
3169 5830 3290 5887 qua:
3313 5815 3413 5872 sub
3442 5829 3501 5873 se
3528 5823 3632 5882 est,
3664 5814 3950 5871 scientiam
3977 5811 4291 5885 spiritualcs
4323 5810 4432 5868 Deo
4454 5810 4592 5868 illius
