5962 6460
1013 402 1142 464 857

2290 400 2693 457 ALEXAND!“
2730 401 2774 457 ll
2815 401 3140 458 DIPLOMA.

4245 396 4351 454 838

1022 519 1214 590 majus
1257 524 1309 572 te
1340 515 1624 571 timonium
1673 512 1928 576 Joannis,
1976 511 2090 578 sed,
2113 522 2338 583 pr0pter
2383 514 2629 568 infirmas
2659 521 2705 576 Α
2733 513 3029 567 secundum
3062 526 3246 566 semen
3288 513 3539 576 Altrante,
3569 511 3663 566 sed
3692 524 3745 566 et
3767 509 3922 579 juxta
3958 513 4341 583 cognationem

1025 621 1194 669 otes,
1224 607 1325 660 hoc
1362 605 1673 660 testimonio
1696 604 1772 658 uti
1805 604 2055 674 dignatus
2081 612 2162 656 est
2195 605 2245 656 in
2285 619 2446 672 aqua.
2483 602 2636 659 Unde

1024 711 1165 754 cum
1189 697 1397 750 videret
1416 711 1539 750 eum
1568 697 1632 749 ad
1659 693 1909 748 Iordanis
1930 694 2131 747 ﬂuenta
2157 695 2634 764 propinquantem,

1025 788 1294 861 protinus
1316 786 1627 841 exclamans
1657 785 1730 839 ait
1758 803 1770 839 :
1808 805 1823 834 ι
1863 784 1919 836 Ε‹
1940 799 2004 838 ce
2031 785 2214 854 Agnus
2246 785 2360 848 Dei,
2394 799 2520 839 ecce
2543 785 2633 852 qui

1027 878 1182 936 tollit
1208 886 1426 947 peccata
1460 877 1664 931 mundi.
1704 895 1721 926 ι
1751 875 1814 929 Et
1840 875 2176 944 Evangelista
2203 877 2326 930 dicit
2362 893 2374 926 :
2408 893 2424 926 ε
2456 873 2635 928 Testi-

1028 969 1286 1023 monium
1313 968 1585 1037 perhibuit
1613 967 1868 1028 Joannes,
1903 967 2087 1020 dicens
2117 984 2129 1020 :
2155 965 2427 1033 Quia'vidi
2457 965 2629 1034 Spiri-

1032 1068 1159 1114 tum
1202 1059 1617 1114 descendentem
1670 1066 1928 1124 tanquam
1976 1056 2280 1112 columbam
2313 1058 2377 1112 de
2413 1056 2554 1111 ςωιο
2582 1064 2637 1110 et

1029 1157 1353 1204 manentem
1397 1164 1558 1219 super
1585 1162 1730 1210 eum,
1774 1157 1830 1202 et
1875 1162 1975 1218 ego
2019 1148 2326 1202 nesciebam
2368 1162 2512 1211 eum,
2540 1146 2636 1203 sed

1029 1242 1136 1311 qui
1169 1242 1316 1296 misit
1349 1257 1435 1296 me
1468 1241 1750 1310 baptizare
1783 1241 1834 1295 in
1864 1258 2026 1312 aqua,
2057 1242 2147 1297 ille
2186 1241 2314 1296 mihi
2347 1242 2511 1296 dixit:
2537 1240 2637 1296 Suo

1035 1347 1146 1403 per
1169 1349 1326 1403 quem
1366 1334 1567 1389 videris
1591 1333 1850 1404 Spiritum
1876 1335 2294 1391 descendentem
2319 1343 2375 1390 et
2414 1348 2638 1388 manen-

1037 1435 1156 1482 tem
1208 1442 1371 1496 super
1395 1441 1541 1488 eum,
1574 1427 1661 1481 hic
1689 1436 1774 1482 est
1808 1428 1898 1499 qui
1927 1427 2166 1498 baptizat
2195 1427 2246 1480 in
2287 1425 2489 1496 Spiritu
2513 1441 2640 1480 sano

1031 1526 1155 1576 σω.
1191 1537 1208 1569 ι
1239 1518 1334 1573 Cui
1354 1534 1486 1574 sane
1514 1519 1710 1576 visioni
1733 1531 1785 1576 ct
1817 1536 2007 1576 nomen
2035 1521 2267 1588 pastoris
2295 1521 2437 1574 illius
2464 1520 2632 1589 aptis-

1033 1607 1183 1664 sime
1207 1609 1474 1679 congruit.
1513 1609 1904 1682 Interpretatur
1941 1612 2086 1665 enim
2119 1610 2299 1674 Hiras,
2324 1610 2504 1679 fratris
2536 1611 2637 1664 mei

1031 1701 1192 1756 Uisio.
1229 1701 1356 1755 Erat
1378 1702 1575 1773 quippe
1601 1702 1858 1760 Dominus
1877 1704 2044 1759 frater
2063 1702 2310 1768 Joannis,
2344 1718 2448 1758 non
2478 1703 2638 1757 modo

2743 603 2924 658 Maria:
2971 613 3030 657 et
3077 603 3370 658 Elisabetb.
3407 603 3553 658 Vidit
3603 604 3787 674 itaque
3831 601 4072 659 Joannes
4123 604 4350 658 fratrem

2742 710 2896 750 suum
2947 697 3124 751 adhuc
3172 695 3414 751 clausum
3458 695 3510 750 in
3558 707 3732 760 utero,
3781 697 3915 749 vidit
3948 697 3998 749 in
4045 695 4347 766 baptismo.

2743 788 2879 840 vidit
2899 787 3058 842 oculo
3080 786 3264 841 carnis
3286 787 3582 852 hominem,
3613 787 3750 840 vidit
3791 787 3842 840 iu
3871 786 4065 856 spiritu
4101 785 4355 853 majesta-

2746 886 2878 932 tem.
2923 878 3078 934 Unde
3119 879 3401 947 utriusque
3432 878 3591 943 hujus
3654 879 3892 934 hominis
3935 879 4350 950 interpretatio-

2745 985 2892 1033 nem,
2926 969 3087 1023 Hiras
3137 970 3421 1033 videlicet,
3453 970 3597 1039 quod
3636 977 3718 1025 est
3751 969 3935 1039 fratris
3965 971 4069 1024 mei
4094 970 4170 1024 vis
4195 987 4255 1032 ο.
4299 978 4355 1024 et

2744 1063 3100 1128 Odolamites,
3133 1064 3277 1134 quod
3309 1071 3468 1117 sonat
3501 1064 3857 1117 testimonium
3903 1063 3957 1115 in
4005 1079 4166 1132 aqua,
4209 1063 4350 1117 idem

2743 1153 2981 1210 Joannes
3019 1156 3119 1209 sub
3149 1153 3311 1208 unius
3363 1152 3650 1208 sententia:
3681 1152 3951 1207 versiculo
3991 1153 4352 1222 comprehcn-

2744 1247 2841 1308 dit,
2869 1245 3096 1300 dicens:
3143 1262 3162 1295 ι
3214 1244 3327 1312 Ego
3367 1242 3500 1307 vidi,
3547 1253 3603 1298 et
3651 1242 4026 1297 testimonium
4074 1242 4349 1312 perbibat,

2743 1336 2870 1406 quia
2921 1336 3009 1390 hic
3048 1344 3132 1391 est
3179 1335 3352 1390 Filius
3398 1334 3513 1389 Dei.
3555 1353 3573 1386 ι
3613 1333 3878 1389 Veniente
3924 1349 4057 1404 ergo
4100 1332 4236 1388 Juda
4284 1333 4351 1386 ad

2745 1443 2877 1484 oves
2907 1427 3221 1488 tendattdas.
3251 1428 3490 1482 Thamar
3513 1436 3687 1481 mutat
3725 1426 3992 1490 habitum,
4019 1428 4144 1497 quia
4176 1433 4354 1480 mutat

2745 1521 3026 1591 spirituale
3073 1519 3418 1574 vocabulum.
3473 1517 3714 1572 Thamar
3765 1519 3965 1588 quippe
4018 1526 4351 1570 commutans

2747 1611 3168 1679 interpretatur;
3204 1622 3329 1662 nam
3358 1607 3424 1662 de
3447 1607 3731 1679 Synagoga
3775 1609 3834 1662 fit
3858 1607 4122 1662 Ecclesia.

3066 1699 3149 1756 Sit
3191 1717 3376 1754 nomen
3425 1698 3636 1753 Dontini
3675 1699 4024 1754 benedictum.

2098 1874 3200 1886 ~~-—-—--——D—-——¢—-

1041 1865 4326 1909 mw

1976 2024 3107 2149 ALEXAND!“
3217 2034 3369 2148 II

2449 2261 2922 2339 DIPLOMA

1864 2437 1952 2493 DE
1991 2436 2389 2494 LEGATIONE
2440 2437 2497 2494 S.
2556 2439 2764 2495 PETRI
2812 2411 3099 2497 DAMDIANI
3142 2441 3209 2496 IN
3238 2440 3562 2498 GALLIAS.

2539 2603 2858 2619 Ψ

1120 2683 1484 2761 907-908
1513 2687 1862 2750 Anaxsnnan,
1906 2703 2084 2741 servus
2129 2704 2394 2742 servorum
2426 2687 2542 2752 Dei,
2572 2685 2636 2744 ϐ.
2674 2693 2718 2754 Β
2750 2704 2920 2752 mum,
2961 2703 3027 2743 ac
3056 2686 3100 2743 si
3140 2686 3362 2756 speciali
3402 2684 3576 2740 nostri
3607 2685 3877 2742 examinis
3925 2684 4092 2741 fuerit
4135 2696 4352 2743 senten-

1046 2779 1319 2843 Retnensi,
1353 2779 1419 2831 Β.
1469 2778 1783 2839 Senonensi,
1839 2777 1908 2830 Β.
1957 2777 2271 2842 Turonensi,
2325 2778 2403 2832 Μ.
2448 2779 2646 2832 Bituri-

1043 2873 1214 2935 censi,
1247 2869 1308 2923 Τ.
1332 2869 1702 2940 Burdigalensi
1733 2871 2154 2939 archiepiscopis,
2183 2871 2405 2925 salutem
2437 2881 2483 2924 et
2521 2889 2646 2942 apo-

1046 2958 1292 3014 stolicam
1324 2960 1752 3014 benedictionem.

1122 3048 1239 3104 Non
1298 3051 1510 3121 ignorat
1561 3058 1746 3103 sancta
1788 3058 1969 3104 vestra
2004 3048 2348 3116 fraternitas,
2397 3051 2644 3108 dilectis-

1048 3141 1197 3203 simi,
1223 3143 1365 3211 quod
1402 3158 1464 3195 ex
1505 3143 1828 3197 auctoritate
1875 3143 2021 3198 sedis
2069 3144 2397 3212 apostolicae,
2426 3146 2512 3199 cui
2547 3163 2645 3202 nos

1050 3235 1305 3304 indignos
1328 3236 1613 3290 clementia
1659 3236 1836 3290 divina
1870 3235 2133 3304 prmfeeit,
2165 3240 2327 3292 totius
2366 3239 2641 3293 universa.

1048 3328 1120 3382 iis
1152 3327 1409 3383 Ecclesia:
1460 3329 1728 3397 regendus
1767 3346 1828 3384 ac
1876 3330 2240 3397 disponendus
2285 3331 2437 3385 nobis
2473 3342 2647 3387 status

1051 3421 1335 3476 incumbit.
1369 3419 1630 3486 Quoniam
1678 3422 1860 3490 igitur,
1899 3422 2134 3488 pluribus
2162 3422 2517 3476 Ecclesiarum
2554 3442 2645 3479 ne-

1045 3513 1204 3583 gotiis
1228 3514 1487 3580 occupati,
1517 3513 1584 3564 ad
1609 3530 1692 3565 vos
1717 3514 1814 3580 ipsi
1840 3512 2006 3566 venire
2029 3529 2129 3566 non
2151 3529 2454 3582 possumus,
2487 3517 2644 3569 talem

1045 3601 1193 3656 vobis
1223 3604 1387 3655 cirum
1429 3603 1692 3656 destinare
1736 3604 2054 3666 curavimus,
2092 3621 2193 3672 quo
2243 3605 2488 3658 nimirum
2533 3617 2649 3674 post

1049 3707 1148 3745 nos
1175 3692 1409 3760 majorin
1429 3691 1660 3745 Romana
1692 3690 1926 3745 Ecclesia
1951 3695 2238 3746 auctoritas
2268 3711 2370 3746 non
2394 3695 2647 3748 habetur:

1055 3781 1270 3836 Petrum
1306 3784 1539 3837 uidelicet
1576 3783 1923 3844 Damianum,
1970 3785 2257 3837 Ostiensem
2303 3786 2596 3855 episcopum
2627 3801 2646 3840 .'

1047 3870 1142 3941 qui
1173 3872 1418 3924 nimirum
1450 3882 1497 3925 et
1539 3883 1712 3924 noster
1754 3884 1828 3924 est
1869 3873 2051 3925 oculus
2099 3883 2147 3925 et
2184 3873 2481 3942 apostolicis
2509 3875 2648 3928 sedis

1050 3962 1318 4015 immobile
1349 3963 1761 4030 ﬁrmamentum.
1797 3961 1932 4016 lluic
1962 3964 2143 4032 itaque
2187 3966 2360 4018 vicem
2403 3974 2645 4020 nostram

2750 2783 2822 2835 tia
2855 2779 3274 2850 promulgatum.
3307 2777 3652 2847 Quapropter
3685 2776 4048 2832 venerabilem
4088 2779 4353 2832 sanctitao

2749 2880 2855 2925 tem
2883 2880 3116 2925 vestram
3143 2869 3380 2923 fraterna
3409 2869 3683 2923 charitate
3714 2884 4021 2930 monemus,
4050 2879 4103 2922 et
4131 2869 4352 2940 insuper

2747 2962 3043 3033 apostolica
3095 2960 3247 3014 vobis
3281 2960 3626 3014 auctoritate
3681 2961 4026 3030 praecipimus
4073 2969 4129 3015 ιιι
4187 2961 4350 3015 talem

2748 3060 3067 3120 tantumque
3113 3051 3310 3113 virum,
3349 3059 3607 3118 tanquam
3657 3060 3900 3104 nostram
3935 3066 4245 3118 personam,
4270 3051 4354 3106 dl-

2748 3157 2852 3212 gna
2893 3143 3160 3197 studentis
3190 3141 3479 3196 devotione
3527 3142 3827 3211 suscipere,
3874 3143 4099 3212 ejusque
4133 3153 4351 3197 senten-

2749 3237 2841 3289 tiis
2893 3244 3055 3304 atque
3097 3233 3318 3302 judiciis
3369 3241 3591 3302 propter
3648 3233 3709 3286 D.
3760 3233 3926 3295 Petri,
3979 3234 4351 3304 apostolorum

2749 3329 3030 3401 principis,
3079 3327 3438 3380 reverentiam
3489 3326 3766 3380 humiliter
3805 3327 4044 3380 obedire.
4095 3326 4353 3396 Quisquis

2751 3421 2896 3473 enim
2939 3419 3078 3473 fastu
3113 3419 3404 3486 superbiae,
3436 3419 3578 3488 quod
3621 3419 3786 3472 absit!
3835 3418 4074 3480 inflatus,
4103 3419 4244 3472 illius
4269 3419 4353 3488 ju-

2750 3511 2890 3566 dicio
2913 3512 3286 3566 contradictor
3311 3509 3392 3562 vel
3415 3511 3738 3564 adversator
3759 3511 4052 3575 exstiterit,
4086 3511 4353 3578 usquead

2751 3605 2966 3674 dignam
2997 3603 3456 3666 satisfactionem,
3486 3613 3726 3657 nostram
3756 3603 3837 3658 vel
3879 3604 4140 3658 Romana:
4170 3603 4355 3658 Eccle-

2749 3695 2842 3750 siae
2870 3695 3100 3764 gratiam
3147 3710 3252 3748 non
3302 3694 3545 3749 habebit.
3602 3694 3738 3760 Quia
3793 3711 3925 3749 vero
3971 3711 4093 3749 cum
4132 3696 4202 3748 ad
4255 3709 4356 3747 vos

2751 3784 3049 3840 Girelmum
3076 3785 3342 3848 misimus,
3372 3785 3552 3838 adhuc
3581 3785 3870 3838 adventum
3907 3784 4112 3854 pra-fati
4145 3783 4357 3838 domini

2751 3875 2896 3930 Petri
2929 3890 3027 3930 nos
3070 3875 3364 3943 impetrare
3413 3889 3571 3943 posse
3623 3875 3932 3928 nullatenus
3981 3888 4356 3944 speraremus,

2752 3967 3001 4021 volumus
3047 3975 3106 4020 ttt
3149 3967 3192 4021 si
3219 3967 3346 4035 quid
3402 3967 3541 4036 apud
3582 3982 3680 4021 vos
3724 3966 3997 4022 Girclmus
4040 3967 4244 4036 cmpit,
4285 3966 4356 4020 ad

1045 4051 1214 4124 pleno
1233 4053 1356 4122 jure
1385 4055 1781 4118 commisimus,
1805 4066 1862 4108 ut
1887 4055 2146 4126 quidquid
2175 4059 2226 4110 in
2257 4058 2357 4112 illis
2377 4061 2645 4128 partilms,
2676 4067 2720 4128 (ζ
2754 4062 2955 4115 domini
3003 4059 3147 4113 Petri
3191 4059 3562 4128 magisterium
3614 4060 3813 4125 veniat,
3840 4069 3896 4114 et
3932 4073 4026 4129 per
4076 4057 4193 4128 ejus
4237 4069 4357 4111 ma-

1050 4142 1168 4200 Deo
1196 4148 1509 4211 auxiliante,
1553 4150 1824 4214 statuerit,
1860 4152 1931 4205 ita
1973 4161 2145 4204 ratum
2181 4161 2428 4209 teneatur
2461 4167 2515 4210 et
2546 4156 2642 4209 flr-

2752 4169 2878 4206 num
2913 4152 3175 4221 quidquid
3209 4152 3476 4222 agendum
3517 4160 3601 4206 est
3634 4151 3749 4206 (lat.

1131 4281 1207 4336 De
1233 4282 1334 4338 hac
1366 4283 1478 4357 ipsa
1493 4285 2152 4357 sanetissimicardinalis
2178 4287 2471 4342 Galliarum
2504 4287 2776 4357 legatione
2799 4287 2843 4341 si
2875 4287 3026 4356 plura
3063 4286 3203 4340 seire
3226 4285 3526 4345 desideras,
3552 4284 3669 4354 lege
3689 4283 3930 4349 ejusdem
3964 4280 4126 4357 Oper.
4152 4289 4286 4357 toro.
4311 4279 4356 4345 Ι,

1050 4351 1150 4426 lib.
1181 4368 1255 4414 vt,
1288 4349 1538 4426 epist},
1571 4355 1601 4408 4
1631 4370 1684 4408 et
1715 4356 1767 4409 5.
1802 4356 1966 4410 Nobis
2001 4357 2223 4426 insuper
2253 4374 2357 4412 non
2391 4370 2476 4412 est
2518 4349 2692 4412 visqu
2739 4349 3097 4412 omittendum
3131 4357 3271 4426 quod
3319 4365 3504 4408 narrat
3537 4349 3854 4426 mionyuius
3904 4349 4202 4426 monachus
4229 4349 4354 4404 Clu-

1053 4423 1346 4512 niacensis.
1377 4425 1433 4478 Β.
1468 4425 1611 4480 Petri
1651 4426 1904 4512 Ramiapi
1936 4423 2264 4509 coaetatietts,
2287 4499 2297 4512 Ι
2319 4431 2370 4481 in
2419 4439 2652 4512 tractatu
2673 4501 2684 4512 -
2708 4427 3085 4512 Miraqulocunt
3123 4423 3455 4512 Saul-lu‘gon'i‘s
3478 4423 3734 4512 abbatis
3761 4423 4157 4512 Cluniacens'is,
4187 4436 4354 4512 prope

1054 4493 1507 4566 finem.Cstsn.v
1558 4528 1624 4538 ο-
1651 4495 2024 4551 Narratiouem
2073 4499 2239 4563 ipsam
2287 4499 2567 4566 legationis
2600 4501 2767 4553 babes
2798 4497 2954 4555 infra.
2985 4512 3108 4550 cum
3139 4496 3260 4551 aliis
3295 4493 3353 4551 S.
3400 4495 3544 4550 Petri
3585 4495 3830 4550 Damiaui
3877 4493 4152 4564 opusculis
4184 4506 4357 4563 nuper

1055 4564 1127 4618 ab
1160 4565 1590 4624 eminentissimo
1622 4569 1881 4624 cardinali
1912 4568 2050 4623 Maio
2074 4571 2308 4640 primum
2341 4564 2588 4641 vulgatis.
2627 4570 2784 4626 Ευιτ.
2815 4568 3056 4624 Parnm.

1053 4722 1220 4795 909
1252 4725 1417 4803 910
1466 4723 1549 4803 De
1603 4723 1871 4784 adventu
1919 4723 2093 4786 Petri
2141 4727 2453 4791 Damiani,
2507 4723 2809 4784 Ostiensis
2862 4725 3202 4803 Episcopi,
3253 4723 3335 4783 ad
3365 4721 3833 4803 Cluniacmsem
3883 4721 4250 4803 ecclesiam:
4295 4729 4351 4783 et

1139 4797 1410 4874 qualiter
1463 4802 1533 4860 Β.
1595 4805 1782 4881 [Iugo
1841 4803 2194 4867 indiscreta)
2266 4808 2396 4886 ejus
2450 4797 2931 4883 reprehensioni
2973 4797 3254 4884 congruo
3317 4813 3369 4864 et
3425 4802 3768 4883 sufﬁcienti
3825 4802 4196 4882 satisfecerit
4247 4820 4358 4862 rc-

1137 4892 1390 4950 sponso.

1131 4994 1395 5066 Tempore
1441 5000 1671 5069 quodam
1719 5017 1940 5057 necesse
1992 5004 2089 5058 fuit
2140 5016 2332 5060 sancto
2381 5009 2499 5063 viro
2549 5022 2645 5076 pro
2679 5016 2724 5076 υ
2752 5021 2857 5076 quc
2886 5008 2967 5062 sic
3018 5006 3255 5070 attritus,
3288 5015 3349 5060 ut
3384 5006 3471 5061 vix
3517 5015 3702 5076 posset
3735 5005 3971 5062 inveniri
4014 5004 4208 5060 modus
4244 5020 4354 5074 quo

1062 5089 1274 5145 tuendis
1301 5090 1422 5144 filiis
1455 5093 1520 5145 ad
1546 5093 1841 5148 Ecclesium
1869 5107 2095 5152 matrem
2126 5113 2433 5162 recurrere,
2462 5109 2516 5154 et
2543 5099 2645 5151 [lo-

1059 5197 1234 5236 mauze
1262 5183 1403 5235 sedis
1427 5185 1784 5252 patrocinium
1814 5191 2102 5243 advocare.
2130 5190 2473 5260 QuaprOptcr
2497 5193 2647 5247 t'trbis

1061 5271 1204 5326 illius
1238 5273 1498 5342 refugium
1533 5285 1720 5344 petens
1743 5294 1937 5348 magno
1967 5280 2151 5335 labore
2180 5294 2233 5337 ct
2270 5283 2584 5339 difﬁcultate
2614 5301 2643 5339 a

1061 5359 1231 5415 latere
1264 5379 1412 5432 pap-r
1447 5365 1688 5421 avulsum
1740 5369 2021 5424 Dominum
2059 5371 2304 5436 Petrum,
2334 5374 2644 5430 Ostiensem

1061 5451 1311 5506 videlicet
1356 5455 1691 5524 episcopum,
1733 5471 2091 5529 cognomento
2134 5463 2456 5520 Damianum
2507 5469 2647 5522 obti-

1062 5540 1180 5595 nuit
1212 5558 1223 5569 ·
1263 5551 1320 5594 ut
1345 5543 1447 5597 sibi
1483 5546 1702 5600 daretur
1729 5563 1824 5614 pro
1859 5567 2052 5620 magno
2092 5551 2248 5606 Petro
2276 5557 2646 5623 prteliatnrus,

1062 5639 1117 5684 et
1154 5631 1497 5688 adversarios
1544 5647 1916 5704 prostraturus
1958 5641 2192 5696 mirabili
2233 5660 2327 5697 sua
2362 5647 2645 5715 prudentia

1067 5727 1226 5788 atque
1266 5721 1534 5778 facundia.
1590 5725 1719 5780 Erat
1761 5744 1994 5798 namque
2049 5733 2131 5786 vir
2174 5734 2263 5787 ille
2304 5736 2649 5793 abstinentiae

1067 5813 1353 5884 singularis
1383 5833 1502 5893 usu,
1530 5829 1584 5874 et
1615 5819 1914 5876 ferrcorum
1941 5825 2277 5879 vinculorum
2317 5845 2458 5884 ncxu
2493 5831 2649 5883 undi-

2753 5100 2869 5169 ejus
2919 5099 3165 5168 corporis
3219 5098 3564 5153 imbecillitas
3610 5097 3912 5159 foveretur,
3960 5096 4028 5150 ad
4072 5095 4352 5165 equitandi

2755 5207 2893 5246 onus
2922 5206 3088 5260 grave
3115 5199 3390 5260 utcunque
3424 5191 3770 5244 tolerandum
3792 5207 3803 5252 ;
3828 5198 3910 5253 et,
3933 5188 4059 5259 quia
4101 5187 4205 5242 levi
4239 5185 4353 5255 ple-

2755 5301 2984 5355 rumque
3033 5285 3291 5339 seandalo
3331 5284 3531 5338 otl‘emli
3572 5292 3807 5354 poterat,
3850 5297 4075 5338 necesse
4120 5270 4356 5335 habebat

2756 5392 2899 5446 scepe
2937 5375 3314 5430 satisfactione
3348 5375 3571 5444 placari.
3599 5376 3679 5429 Ad
3719 5391 3882 5444 quam
3915 5389 4029 5428 rem
4067 5370 4355 5426 venerabi-

2755 5467 2820 5522 lis
2849 5467 3001 5538 llugo
3033 5468 3102 5520 ita
3129 5483 3187 5520 se
3221 5465 3537 5530 inclinabat,
3569 5475 3626 5520 ttt
3658 5464 3776 5533 ejus
3805 5466 4044 5519 animum
4091 5463 4356 5517 reici-ma-

2759 5568 2840 5612 ret
2871 5559 2935 5612 ad
2978 5557 3449 5629 tranquillitatem,
3496 5574 3559 5611 ac
3607 5559 3649 5611 si
3697 5559 3835 5611 alter
3877 5555 4146 5610 Martinus
4185 5563 4353 5616 esset.

2757 5651 2848 5722 qui
2881 5651 3010 5706 nihil
3036 5660 3250 5720 putaret
3274 5650 3576 5720 indignum,
3603 5650 3746 5718 quod
3779 5649 4061 5703 humilitas
4079 5646 4353 5716 agendum

2757 5742 3031 5796 suaderet.
3083 5738 3215 5794 Cum
3263 5755 3393 5808 ergo
3440 5740 3676 5793 venisset
3711 5737 4032 5793 Cluniaeum
4083 5736 4218 5790 alter
4267 5735 4356 5788 ilic

2758 5831 3053 5902 Gregorius
3084 5847 3179 5903 per
3209 5831 3532 5902 eloquentiae
3559 5841 3888 5898 ubertatem,
3923 5847 4026 5888 non
4054 5839 4234 5884 tamen
4260 5842 4350 5899 per
