5962 6450
2398 396 2688 454 HYMNUS
2726 398 2814 453 DE
2854 398 3109 457 GLORIA
3149 399 3489 457 PARADISI.

4457 396 4566 453 83‘}

1270 513 1362 584 q-ii
1396 512 1650 568 nimirum
1674 529 1779 569 non
1805 514 1984 567 minus
2004 527 2163 582 quam
2190 509 2369 564 caueri
2395 524 2584 564 omnes
2613 509 2851 579 episcopi
2885 523 2929 578 Α
2960 522 3175 583 petente
3224 512 3574 579 Matiscensi,
3644 513 3739 568 sed
3784 511 4024 568 donante
4076 512 4278 567 domno
4325 510 4563 565 Ostiensi

1269 613 1389 662 rata
1420 606 1699 677 privilegia
1737 614 1789 658 et
1828 603 2119 657 inviolabili
2167 618 2231 656 ac
2277 610 2537 671 perpetuo
2576 598 2700 668 jure
2742 616 2857 653 ser—

1269 695 1445 750 vanda
1478 693 1645 749 libere
1676 692 1887 747 cunctis
1912 692 2255 745 audientibus
2294 688 2595 759 profitetur.
2634 687 2697 741 Et
2728 690 2855 756 quia

1269 783 1326 842 in
1349 785 1549 840 eisdem
1573 771 1870 854 privilegiis
1899 782 2000 838 hoc
2025 784 2164 837 inter
2188 790 2384 836 cmtera
2412 783 2509 835 sub
2539 782 2856 835 anathema-

1272 876 1345 930 tis
1368 874 1724 929 intentatione
1754 883 1973 929 cautum
2005 882 2109 935 est,
2140 889 2207 927 ne
2234 871 2452 925 cuilibet
2480 871 2857 943 episcoporum

1271 963 1435 1021 liceat
1470 964 1523 1018 in
1568 961 1775 1033 praefati
1817 962 2048 1018 ccenobii
2083 961 2381 1015 monachos
2412 961 2857 1016 excommunica-

1272 1055 1440 1111 tionis
1462 1055 1804 1126 promulgare
1834 1055 2191 1118 sententiam;
2220 1053 2503 1123 episcOpus
2530 1064 2712 1108 autem
2747 1068 2853 1107 non

1274 1146 1523 1201 absolute
1568 1145 1669 1213 (sic
1723 1161 1782 1201 se
1826 1144 2189 1217 913—914
2242 1144 2482 1199 funditus
2540 1143 2857 1216 excusabat)

1275 1235 1851 1291 cxcommunieationis
1876 1234 2116 1302 jaenlum
2157 1235 2359 1297 intulit,
2392 1234 2487 1290 sed
2524 1234 2616 1295 ita,
2653 1244 2711 1288 ut
2738 1250 2861 1303 per-

1277 1327 1519 1394 hibebat,
1552 1328 1631 1382 ira
1660 1337 1982 1391 commotus,
2018 1327 2087 1380 ait
2127 1346 2138 1379 :
2179 1347 2193 1377 ι
2231 1327 2402 1397 Siqui
2431 1336 2557 1381 sunt
2589 1327 2692 1380 mei
2721 1324 2861 1394 juris

1277 1417 1329 1469 in
1362 1416 1453 1470 illo
1477 1417 1821 1481 monasterio,
1849 1432 1984 1485 quos
2015 1416 2141 1470 mihi
2173 1417 2329 1470 liccat
2354 1418 2858 1480 excommunieare,

1275 1504 1397 1559 illos
1424 1507 1855 1561 excommunico.
1897 1526 1915 1557 ι
1958 1506 2092 1560 Cum
2124 1507 2288 1576 igitur
2320 1508 2370 1559 in
2415 1507 2514 1561 hac
2547 1521 2859 1561 excommu-

1273 1594 1550 1651 nicatione
1589 1596 1905 1665 pnedictnrn
1944 1597 2279 1665 episcopum,
2323 1596 2449 1651 licet
2495 1597 2861 1665 ignorantem,

1270 1695 1462 1743 contra
1514 1686 1791 1755 privilegia
1851 1686 2107 1743 Romanae
2156 1688 2409 1742 Eet-lesia:
2454 1688 2865 1758 quomodolibet

1270 1776 1449 1847 egisse
1464 1778 1839 1843 convinceret;
1868 1778 1954 1832 ille
1981 1790 2159 1833 autem
2185 1779 2590 1850 privilegiorum
2618 1790 2859 1835 tenorem

2961 604 3215 675 episcopo
3267 612 3662 658 remanserunt.
3714 602 3862 659 lllico
3915 602 4176 673 przefatus
4222 599 4565 655 Matiscensis

2961 696 3243 766 epismpus
3273 697 3581 765 pavimento
3610 703 3916 764 prostratus
3949 695 4159 747 veniam
4199 693 4373 761 petiit,
4405 708 4553 745 sese-

2962 800 3066 852 que
3099 800 3347 854 peccasse
3369 783 3670 847 confessus,
3694 792 3902 853 septem
3931 783 4138 838 dieruzn
4167 784 4550 851 paenitentiam

2963 874 3016 929 in
3048 892 3187 947 pane
3214 886 3268 931 et
3311 892 3451 945 aqua
3476 876 3823 946 jejunaturus
3849 877 4083 943 accepit.
4109 874 4334 929 Postera
4384 884 4565 929 autem

2963 967 3071 1032 die,
3103 969 3292 1023 eodem
3337 980 3527 1023 sancto
3558 969 3827 1024 residente
3874 969 4109 1023 concilio
4136 1011 4150 1033 ,
4186 967 4401 1022 clericis
4454 966 4569 1021 suis

2964 1074 3165 1113 vesane
3195 1074 3258 1113 ac
3284 1059 3592 1127 procaciter
3638 1060 4048 1121 insistentibus,
4100 1060 4242 1114 idem
4273 1060 4569 1127 episcopus

2965 1150 3122 1219 petiit
3173 1160 3232 1205 ut
3278 1166 3389 1209 sua:
3434 1167 3650 1222 quoque
3680 1151 3936 1208 Ecclesia:
3978 1152 4318 1222 privilegium
4351 1151 4495 1222 quod
4535 1164 4566 1205 a

2964 1259 3100 1315 papa
3128 1242 3331 1298 dudum
3375 1246 3605 1315 Agapito
3646 1245 4003 1299 constitutum
4036 1242 4232 1305 fuerat,
4272 1243 4566 1314 legeretur.

2963 1336 3020 1389 ln
3057 1350 3167 1405 quo
3188 1336 3441 1389 nimirum
3470 1336 3603 1390 nihil
3642 1352 3779 1405 pene
3807 1345 4003 1403 przeter
4022 1335 4113 1405 jus
4145 1344 4306 1404 atque
4335 1348 4567 1388 consuc-

2968 1431 3205 1485 tudinem
3239 1429 3665 1499 uniuscIIjusque
3692 1429 3949 1484 Ecclesiae
4003 1428 4292 1483 videbatur
4323 1425 4562 1497 peculia-

2965 1523 3100 1578 riter
3120 1522 3350 1576 'insitum
3372 1562 3386 1588 ,
3420 1521 3511 1577 sed
3540 1522 3682 1592 quod
3711 1523 3963 1577 omnibus
4010 1522 4143 1577 locis
4176 1524 4378 1576 sanctis
4412 1536 4564 1576 com-

2973 1616 3121 1669 muni
3153 1616 3489 1686 dignoscitur
3510 1613 3635 1682 jure
3663 1630 4011 1669 concessum:
4038 1614 4290 1669 videlicet
4320 1622 4463 1669 utne
4484 1611 4571 1667 vel

2967 1723 3028 1762 ea
3086 1723 3205 1777 quae
3259 1708 3340 1763 sui
3378 1706 3520 1777 juris
3575 1707 3687 1777 jam
3735 1716 3891 1762 erant
3937 1707 4021 1761 vel
4078 1707 4336 1776 deinceps
4387 1706 4571 1761 futura

2967 1810 3143 1865 erant,
3176 1800 3441 1869 quispiam
3469 1800 3737 1855 violentus
3767 1800 4043 1853 invaderet
4070 1839 4083 1862 ,
4114 1798 4209 1853 sed
4241 1813 4335 1851 sua
4379 1796 4566 1850 omnia

1272 1882 1340 1922 ac
1381 1869 1574 1960 δθῖίθω
1624 1885 1680 1923 5°
1722 1869 1917 1938 legisse
1965 1871 2044 1925 "Cl
2084 1872 2373 1942 “immisse
2418 1873 2858 1927 ⁰⁰¹¹⁵ί²¹¹ίί⁸⁸ί³¹θ
2895 1860 2935 1919 Β
2970 1902 3150 1946 rector
3176 1891 3428 1945 Ecclesim
3457 1890 3510 1944 in
3543 1891 3694 1959 pacis
3725 1905 3787 1944 ac
3817 1889 4230 1960 tranquillitatis
4257 1886 4369 1941 otio
4396 1886 4569 1956 possi-

1273 1957 1641 2027 propulsaret;
1680 1960 1915 2023 tandem,
1941 1971 2129 2015 sancto
2156 1962 2481 2015 decernente
2507 1960 2779 2025 concilio,-
2792 1960 2859 2014 ad

1274 2047 1418 2101 hunc
1457 2048 1761 2104 decisiones
1797 2049 1957 2105 linem
2002 2066 2164 2106 causa
2196 2053 2456 2121 perducta
2488 2061 2595 2114 est,
2628 2060 2684 2105 ut
2725 2068 2862 2123 pra:-

1271 2134 1419 2191 fatus
1445 2140 1732 2209 episcopus
1752 2142 1970 2211 propria
2002 2158 2163 2195 manu
2195 2152 2359 2212 super
2390 2144 2591 2199 sanctis
2619 2144 2864 2215 Evange-

1271 2224 1363 2286 liis
1392 2233 1728 2300 superposita
1755 2233 1984 2303 juraret,
2019 2235 2207 2304 sicque
2247 2236 2393 2292 sedis
2421 2236 2736 2307 apostolica:
2784 2236 2862 2292 le-

1271 2327 1397 2391 gato
1420 2334 1728 2394 sanctoque
1757 2326 1986 2381 concilio
2010 2326 2374 2382 satisfaceret.

1731 2415 2029 2471 [ridiculum
2066 2419 2401 2473 sacramenti.

1346 2504 1563 2568 Audiat,
1598 2508 1771 2576 inquit
1815 2508 2042 2579 (scilicet
2084 2509 2295 2564 Matisc.
2342 2512 2673 2582 episcopus),
2709 2512 2864 2567 dom-

1273 2611 1378 2650 nus
1422 2595 1615 2653 Petrus
1667 2599 1937 2655 Ostiensis
1990 2601 2276 2672 episcopus
2304 2643 2317 2666 ,
2364 2612 2419 2657 et
2460 2604 2638 2658 omnis
2678 2614 2866 2659 sancta

1272 2686 1511 2755 synodus
1543 2728 1555 2751 ,
1603 2690 1727 2759 quia
1770 2705 1835 2743 eo
1888 2692 1975 2744 die
2026 2706 2134 2760 quo
2187 2691 2505 2746 Cluniacum
2561 2703 2869 2749 commotus

1273 2775 1488 2841 adveni,
1518 2793 1621 2831 non
1663 2780 1713 2832 i'n
1756 2789 2067 2850 contemptu
2110 2783 2226 2838 sive
2262 2784 2520 2852 despectu
2550 2784 2694 2837 sedis
2734 2799 2868 2851 apo-

1270 2866 1501 2930 stoliee,
1535 2869 1614 2923 vel
1650 2871 1830 2923 damni
1862 2870 2152 2926 Alexanlri
2186 2872 2413 2927 Romani
2450 2872 2728 2943 pontificis
2761 2873 2865 2929 hoc

1272 2956 1379 3026 egi.
1410 2966 1463 3010 et
1484 2958 1885 3029 privilegiornm
1915 2972 2153 3016 tenorem
2202 2978 2267 3019 ac
2310 2963 2531 3026 seriem,
2566 2977 2686 3032 qua:
2714 2965 2871 3019 modo

1276 3048 1329 3100 in
1354 3049 1554 3102 nostris
1583 3050 1804 3106 auribus
1838 3051 1975 3107 lecta
2016 3061 2174 3118 sunt,
2209 3064 2337 3109 tunc
2368 3054 2435 3109 ad
2470 3054 2735 3124 liquidum
2765 3070 2871 3109 non

1274 3140 1523 3205 cognovi,
1566 3141 1647 3196 sic
1679 3158 1764 3198 tne
1804 3143 1947 3199 Deus
1979 3144 2220 3214 adjuvet,
2254 3156 2309 3202 et
2341 3148 2441 3202 ista
2474 3158 2661 3202 sancta
2690 3148 2871 3202 Evan-

2967 1983 3136 2035 deret.
3187 1982 3299 2036 lloc
3344 1982 3526 2051 itaque
3570 1981 3912 2052 privilegium
3968 1994 4157 2034 omnes
4210 1979 4448 2048 episcopi
4507 1978 4560 2030 in

2970 2084 3119 2127 tanto
3142 2076 3373 2126 concilio
3396 2076 3513 2129 sine
3535 2089 3697 2128 causa
3738 2072 4090 2133 lectumcsse
4116 2072 4365 2126 dicentes
4386 2111 4398 2131 ,
4432 2086 4569 2127 una—

2969 2166 3190 2219 nimiter
3213 2165 3571 2220 decreverunt
3594 2160 3725 2217 nihil
3756 2165 3857 2217 hoc
3884 2161 4240 2231 pra-judicare
4271 2159 4573 2230 privilegiis

2970 2255 3325 2312 monasterii.
3356 2271 3479 2325 quae
3520 2254 3695 2323 pridie
3727 2268 3912 2307 coram
3955 2250 4211 2306 omnibus
4268 2249 4406 2302 lecta
4461 2247 4577 2301 fue-

2972 2358 3096 2403 rant
3122 2368 3142 2401 l:
3176 2348 3307 2403 nihil
3344 2349 3590 2403 minuere
3625 2347 3692 2400 de
3718 2347 3801 2400 his
3842 2360 3963 2414 qua:
4005 2344 4057 2399 in
4103 2343 4206 2398 illis
4257 2342 4579 2410 legebantur

2970 2443 3036 2497 ab
3066 2441 3378 2512 apostolica!
3410 2441 3555 2494 sedis
3600 2440 3924 2494 liberalitate
3956 2452 4239 2492 concessa.
4271 2435 4361 2490 Sic
4392 2433 4580 2505 itaque

2971 2549 3069 2603 per
3109 2532 3397 2603 synodales
3428 2530 3720 2586 concilium
3753 2538 4009 2599 perpetua
4043 2526 4363 2581 monasterii
4404 2524 4574 2579 liber-

2976 2634 3085 2680 tate
3118 2623 3366 2687 firmata,
3409 2634 3765 2691 sanctumque
3806 2621 3983 2675 locum
4018 2619 4116 2673 soli
4151 2618 4435 2685 snbjacere
4459 2617 4573 2670 lto-

2975 2733 3149 2771 man:e
3198 2713 3458 2769 Ecclesim
3510 2710 3783 2767 communi
3827 2717 4140 2764 sanctorum
4193 2708 4575 2776 t-pisc0porn1n

2973 2807 3329 2861 decernentes
3390 2802 3703 2863 sententia,
3766 2814 3892 2853 mox
3946 2798 4089 2851 inter
4149 2795 4461 2864 episcopum
4520 2800 4577 2847 rt

2973 2897 3221 2950 abbatem
3252 2893 3429 2946 omnis
3460 2889 3851 2946 controversim
3876 2885 4096 2955 querela
4126 2886 4359 2954 sopitur,
4391 2882 4575 2937 omnis

2974 2981 3340 3039 aniinositatis
3386 2990 3552 3050 atque
3584 2976 3791 3033 dissidii
3837 2975 4073 3032 scissura
4106 2972 4455 3042 componitur
4478 3011 4494 3035 ,
4520 2977 4580 3024 et

2975 3075 3119 3133 inter
3147 3081 3440 3141 utrumque
3486 3069 3824 3141 spiritualem
3879 3065 4132 3120 videlicet
4175 3062 4353 3115 virum
4417 3060 4573 3114 llrma

2976 3183 3081 3240 pax
3111 3166 3398 3221 charit—atis
3446 3162 3657 3232 glutino
3698 3157 4049 3215 reformatur.
4103 3154 4229 3209 Haec
4271 3154 4435 3223 igitur
4483 3167 4582 3223 per

1275 3228 1432 3297 gelia.
1478 3229 1603 3285 Post
1631 3246 1759 3287 eum
1808 3249 2023 3305 quoque
2067 3246 2302 3305 quatuor
2331 3237 2588 3293 Ecclesia:
2628 3238 2870 3308 ejusdem
2900 3244 2945 3306 C
2970 3228 3225 3312 hminem
3261 3253 3413 3307 brevi
3450 3228 3629 3306 sci-nu

2228 3252 2302 3291 ποτ
2331 3237 2588 3293 Bedes”?
2628 3238 2870 3308 θὶηεάθω
2900 3244 2945 3306 C
2970 3228 3225 3312 ordinem
3261 3253 3413 3307 brevi
3450 3228 3715 3306 sermone
3743 3248 4072 3319 digessimus
4102 3286 4116 3308 ,
4165 3254 4225 3298 ut
4274 3242 4582 3314 purissima:

1274 3321 1457 3375 elcrici
1486 3324 1536 3376 in
1573 3324 1865 3393 conspectu
1891 3330 2133 3383 omnium
2164 3340 2515 3386 accesserunt
2540 3372 2553 3396 ,
2578 3341 2633 3385 et
2668 3330 2876 3401 jureju-

1278 3412 1482 3476 rando,
1516 3418 1657 3484 quod
1684 3418 1775 3471 ille
1793 3419 2073 3487 juraverat
2102 3463 2114 3484 ,
2150 3436 2315 3491 super
2357 3423 2545 3477 eadem
2580 3422 2871 3493 Evangelia

1278 3499 1649 3559 firmaverunt.
1686 3506 1798 3562 Duo
1834 3520 2014 3564 autem
2042 3512 2108 3565 de
2134 3514 2443 3583 septenario
2472 3529 2702 3568 numero
2723 3554 2738 3578 ,
2772 3514 2869 3583 qui

1278 3592 1346 3644 ad
1363 3592 1654 3659 jurandum
1687 3614 1715 3653 a
1740 3609 1934 3657 sancto
1959 3603 2189 3658 concilio
2218 3603 2473 3673 prazlixus
2510 3603 2687 3658 fuerat
2714 3643 2728 3667 ,
2759 3618 2866 3659 non

2976 3347 3263 3406 relationis
3311 3346 3486 3401 rivum
3514 3384 3530 3409 ,
3567 3357 3728 3413 quem
3766 3339 3968 3395 nostris
4006 3336 4345 3407 temporibus
4392 3333 4581 3389 hausi-

2976 3460 3121 3506 mus,
3158 3444 3211 3497 in
3245 3452 3493 3511 posteros
3533 3440 3700 3496 etiam
3748 3452 3846 3497 per
3896 3435 4144 3490 veritatis
4189 3433 4403 3490 alveum
4438 3428 4580 3486 fideli

2974 3534 3167 3610 poculo
3200 3529 3661 3587 transitttdamus.

1279 3764 4536 3799 ΝΜ..

1885 3890 2244 3967 θιδθιθ
2298 3908 2735 3988 HYMNUS
2790 3908 2924 3986 DE
2984 3906 3371 3987 GLORIA
3429 3900 3903 3982 PARADlSI

1802 4077 1978 4140 Petri
2010 4078 2325 4155 Damiam‘,
2364 4078 2712 4142 cardinalt's
2744 4078 3082 4154 Ostiensis,
3118 4097 3196 4140 ea:
3228 4076 3416 4141 dictis
3461 4076 3626 4139 beati
3662 4071 4033 4156 Augustini.

1282 4334 1333 4388 l.
1360 4330 1439 4385 Ad
1466 4327 1718 4400 perennis
1742 4326 1861 4381 vita:
1886 4324 2091 4381 fontem
2116 4341 2269 4381 mens
2295 4326 2467 4382 sitivit
2494 4326 2669 4394 arida,

1350 4510 1562 4575 Gliscit,
1592 4508 1784 4573 ambit,
1810 4508 2079 4564 eluﬂatur
2100 4509 2254 4564 exsul
2285 4508 2388 4563 frui
2416 4510 2613 4580 patria,

1354 4600 1492 4656 Dum
1524 4599 1798 4668 pressaris
1825 4614 1891 4653 ac
1917 4599 2174 4653 :erumnis
2202 4614 2260 4653 se
2283 4603 2451 4671 gemit
2477 4598 2801 4666 obnoxiam;

1350 4691 1525 4760 Quam
1565 4689 1750 4744 amisit
1776 4706 1899 4745 cum
1930 4690 2179 4760 deliquit,
2198 4690 2596 4761 contemplatur
2623 4692 2873 4760 gloriam.

1351 4784 1602 4841 Praesens
1634 4784 1834 4859 malum
1870 4792 2031 4852 auget
2058 4784 2183 4836 boni
2208 4782 2401 4853 perditi
2428 4783 2767 4839 memoriam.

1279 4874 1338 4932 2.
1362 4875 1493 4930 Nam
1518 4878 1637 4947 quis
1659 4884 1893 4946 promat,
1919 4889 2143 4929 summa:
2162 4874 2312 4943 pacis
2336 4883 2533 4943 quanta
2562 4874 2634 4930 sit
2653 4872 2878 4930 hntitial

1359 4966 1459 5024 Ubi
1491 4969 1628 5022 vivis
1644 4968 1960 5040 margaritis
1990 4975 2220 5035 surgunt
2256 4966 2505 5021 :edificia.

1351 5060 1504 5116 Auro
1520 5059 1660 5114 celsa
1690 5060 1895 5129 mieant
1919 5067 2081 5122 tecta,
2108 5058 2321 5112 radiant
2351 5058 2621 5123 triclinia;

1353 5149 1498 5210 Solis
1519 5153 1749 5223 gemmis
1775 5150 2027 5220 pretiosis
2055 5150 2169 5205 haec
2194 5160 2468 5205 structura
2501 5149 2757 5205 nectitur.

1354 5243 1504 5298 Auro
1531 5243 1732 5297 mundo
1769 5250 2025 5311 tanquam
2059 5242 2200 5295 vitro
2239 5234 2389 5297 urbis
2420 5242 2504 5295 via
2531 5241 2795 5297 sternitur
2823 5259 2836 5296 ε

1352 5331 1523 5389 Abest
1552 5330 1733 5396 limus,
1760 5332 1911 5385 deest
1942 5328 2120 5393 limus,
2150 5330 2265 5386 lues
2296 5330 2442 5385 nulla
2465 5324 2728 5386 cernitur.

1356 5423 1541 5479 Hiems
1555 5424 1972 5486 horretis,zestas
1984 5433 2194 5478 torrens
2210 5422 2315 5478 illic
2330 5430 2607 5493 nunquam
2623 5422 2871 5479 saeviunt.

1355 5510 1481 5568 Flos
1500 5522 1795 5584 perpetuus
1833 5527 2078 5565 rosarum
2108 5526 2201 5565 ver
2233 5512 2343 5583 agit
2369 5524 2711 5583 perpetuum.

1278 5599 1342 5664 ὅ.
1361 5601 1610 5661 Gaudent
1635 5602 1764 5665 lilia,
1785 5602 2022 5655 rubescit
2048 5618 2265 5669 crocus,
2290 5607 2450 5657 sudat.
2472 5604 2798 5659 balsamum.

1364 5692 1550 5750 Virent
1575 5700 1750 5765 prata,
1775 5701 2007 5747 vernant
2038 5703 2179 5759 sata,
2210 5696 2311 5750 rivi
2345 5695 2523 5753 mellis
2552 5696 2801 5764 influunt,

1359 5784 1767 5862 Pigmentorum
1793 5784 1965 5857 spirat
1994 5785 2158 5855 odor,
2181 5787 2361 5860 liquor
2384 5796 2439 5846 et
2462 5798 2800 5858 aromatum;

2898 4332 2947 4391 υ
3002 4348 3005 4351 λ
3046 4326 3290 4383 Pendent
3321 4339 3479 4398 poma
3515 4322 3832 4377 ﬂoridorum
3866 4337 3973 4376 non
4022 4321 4239 4390 lapsura
4272 4335 4581 4377 nemorum.

1352 4424 1599 4478 Claustra
1622 4418 1805 4474 carnis
1828 4427 2026 4488 pra-sto
2048 4417 2223 4490 frangi
2249 4419 2432 4474 clausa
2445 4420 2647 4497 quaerit
2668 4418 2873 4475 anima.
2918 4440 2921 4441 '

3052 4415 3171 4472 Non
3203 4415 3435 4469 alternat
3473 4413 3599 4467 luna
3630 4413 3798 4476 vices,
3828 4412 3930 4477 sol,
3962 4411 4043 4465 vel
4075 4426 4271 4466 cursus
4294 4411 4536 4467 siderum
4566 4426 4582 4467 :

3051 4508 3345 4577 Agnns‘est
3370 4503 3547 4559 felicis
3571 4503 3721 4558 uebis
3748 4503 3931 4557 lumen
3959 4502 4331 4557 iuocciduum.

3052 4598 3171 4654 Nox
3198 4606 3251 4654 et
3277 4606 3489 4667 tempus
3513 4594 3713 4650 desunt
3750 4594 3824 4659 ei,
3857 4594 4001 4649 diem
4032 4594 4137 4649 fert
4165 4594 4510 4652 continuum.

3054 4690 3189 4745 Nam
3221 4699 3275 4746 et
3294 4690 3466 4745 sancti
3491 4703 3710 4759 quoque
3736 4686 3885 4741 velut
3910 4686 3990 4741 sol
4018 4685 4309 4757 praeclarus
4331 4688 4581 4753 rutilant.

2986 4782 3035 4837 ι.
3063 4781 3190 4836 Post
3228 4781 3562 4850 triumphum
3597 4779 3843 4834 coronati
3881 4786 4068 4833 mutuo
4110 4777 4473 4849 conjubilant,

3054 4876 3121 4930 Et
3150 4874 3404 4945 prostrati
3438 4888 3644 4943 pugnas
3676 4871 3852 4926 hostis
3879 4870 3995 4939 jam
4046 4873 4223 4927 securi
4262 4878 4581 4935 numerant;

3053 4966 3210 5022 Omni
3246 4965 3364 5019 labe
3386 4963 3657 5027 def-.ncati,
3695 4964 3881 5018 carnis
3912 4962 4049 5019 bella
4081 4964 4353 5019 nesciunt.

3053 5057 3195 5114 Caro
3236 5055 3378 5110 facta
3429 5054 3753 5123 spiritualis,
3784 5062 3839 5108 et
3867 5069 4020 5108 mens
4052 5067 4217 5108 unum
4246 5052 4506 5109 sentiunt.

3051 5148 3193 5205 Pace
3227 5148 3393 5202 multa
3421 5146 3791 5217 perfruentes,
3832 5146 4089 5201 scandala
4116 5160 4222 5201 non
4254 5144 4533 5216 perferunt
4561 5159 4579 5201 :

3055 5222 3401 5297 Mutabilibus
3426 5239 3595 5301 exuti,
3630 5248 3881 5307 repetunt
3903 5240 4197 5309 originem,

3055 5334 3121 5388 Et
3150 5344 3469 5405 praesentem
3498 5335 3746 5391 veritatis
3776 5332 4217 5402 contemplantur
4241 5329 4506 5399 speciem.

2983 5425 3035 5480 5.
3060 5425 3197 5480 Hinc
3230 5427 3444 5481 vitalem
3470 5426 3574 5480 vivi
3608 5425 3771 5480 fontis
3803 5424 4062 5478 hauriunt
4094 5420 4460 5476 dulcedinem.

3054 5518 3183 5574 lude
3215 5527 3417 5574 statum
3448 5533 3666 5590 semper
3696 5518 3858 5572 iidem
3890 5522 4154 5569 exeuntes
4180 5512 4431 5583 capiunt;

3053 5609 3222 5675 Clari,
3250 5610 3435 5674 vividi,
3461 5609 3709 5679 jncundi,
3736 5607 3895 5662 nullis
3933 5614 4119 5675 patent
4143 5604 4360 5660 casibus
4398 5622 4409 5658 :

3057 5704 3269 5759 Absuut
3299 5703 3472 5758 morbi
3505 5716 3721 5772 semper
3751 5698 3921 5763 sanis,
3955 5706 4210 5753 senectus
4230 5696 4546 5768 juvenibus.

3057 5792 3195 5852 Hine
3221 5809 3459 5867 perennc
3483 5801 3668 5849 tenent
3697 5806 3836 5859 esse,
3864 5804 3989 5846 nam
4015 5788 4249 5844 transire
4281 5790 4499 5844 transiit
4524 5806 4541 5847 :
