5962 6460
1058 430 1180 489 809

2072 425 2131 483 S.
2169 423 2373 480 PETRI
2417 422 2698 479 DAMIANI
2737 423 2898 479 [TER
2937 421 3313 481 GALLICUM.

4256 416 4359 475 B70

1063 547 1262 603 citatis
1300 544 1589 599 occasione
1632 544 1925 611 praemissa,
1956 548 2009 596 et
2060 540 2419 609 impeditioris
2464 541 2660 611 lingua:
2688 550 2735 609 Α
2768 543 2855 610 qui
2892 556 2991 596 suo
3030 538 3171 594 ﬁdeli
3206 537 3406 593 famulo
3434 541 3515 591 sic
3547 534 3836 597 promisit:
3866 533 3978 603 Ego
4008 541 4131 587 ante
4162 542 4208 587 te
4244 537 4351 599 ibo,

1062 635 1399 708 allegatione
1425 633 1697 701 deposita,
1730 632 1863 685 tanti
1892 632 2173 701 reglutinis
2198 631 2425 700 gloriam
2453 630 2666 703 fugiens

1062 726 1335 795 expavit;
1384 723 1509 786 iste,
1556 722 1641 775 cui
1686 723 1823 775 tanti
1849 722 2048 776 laboris
2078 721 2287 790 pondus
2317 723 2667 790 praecipieba-

1064 826 1183 880 tur,
1236 830 1342 869 non
1388 812 1559 867 solum
1603 827 1709 867 non
1757 814 1994 882 respuit,
2038 814 2132 866 sed
2179 815 2342 867 etiam
2386 814 2515 882 quid
2561 815 2664 869 sibi

1062 901 1468 971 Hierosolymis
1512 902 1787 965 eveniret,
1830 916 1927 970 per
1954 900 2273 971 prophetam
2304 902 2548 971 Agabum
2581 916 2667 957 re-

1065 1005 1444 1063 cognoscens,
1479 992 1676 1045 mentis
1715 992 1949 1061 puritate
1991 990 2259 1071 conlisus,
2304 992 2376 1045 ita
2426 974 2665 1061 gaudens

1064 1083 1330 1139 dicebat:
1371 1082 1485 1152 Ego
1526 1092 1701 1135 autem
1744 1097 1845 1133 non
1885 1080 2054 1133 solum
2093 1081 2336 1151 alligari,
2377 1084 2464 1135 sed
2505 1085 2661 1134 etiam

1062 1173 1207 1227 mori
1256 1184 1477 1243 paratus
1522 1188 1641 1225 sum
1688 1186 1782 1240 pro
1832 1171 2040 1225 nomine
2087 1170 2325 1235 Christi;
2373 1185 2476 1223 non
2524 1171 2662 1223 enim

1062 1265 1213 1334 facio
1254 1263 1615 1332 pretiosiorem
1657 1263 1885 1314 animum
1930 1274 2097 1314 nteant
2140 1277 2295 1329 quam
2338 1275 2438 1313 me.
2482 1259 2659 1325 Ecce,

1063 1356 1157 1409 vir
1185 1355 1289 1409 iste
1320 1354 1371 1407 in
1398 1354 1742 1422 episcopatus
1772 1349 2024 1421 fugiendo
2057 1350 2291 1403 cuhnine
2317 1364 2488 1403 novus
2515 1348 2663 1421 Moy-

1061 1464 1159 1505 ses
1203 1451 1356 1504 nobis
1403 1448 1753 1513 declaratur;
1797 1446 1850 1500 in
1891 1447 2071 1501 votivo
2114 1460 2245 1499 vero
2291 1444 2475 1499 labore
2516 1444 2658 1511 longi

1062 1539 1313 1603 itineris,
1368 1536 1535 1605 alter,
1584 1536 1776 1591 doctor
1823 1535 2098 1607 gentium,
2149 1534 2349 1588 Paulus
2401 1531 2659 1588 Ecclesiae

1061 1634 1511 1698 reprcsentatur.

1502 1731 1568 1770 DE
1594 1728 1934 1771 INCGZP‘I'IONE
1961 1728 2228 1786 111N511”.-

1140 1809 1193 1864 Β.
1232 1808 1444 1863 Interea
1490 1817 1690 1862 sanctae
1720 1806 2172 1877 peregrinationis
2192 1804 2345 1859 labor
2368 1803 2649 1872 incipitur,

2768 641 2813 684 et
2837 630 3090 699 gloriosos
3112 640 3265 681 terra:
3298 624 3606 679 Ittttnilialro.
3650 625 3764 692 Ipsa
3803 626 3968 677 etiam
3998 621 4221 678 Juviana
4240 622 4358 694 jam

2768 720 2916 772 dicta
2960 726 3016 771 et
3062 730 3205 785 saepe
3253 714 3479 769 dicenda
3530 713 3789 781 peﬁcula,
3837 728 3957 781 qua:
3989 712 4075 765 vix
4119 728 4359 783 unquam

2767 818 2978 863 constat
3030 808 3195 861 fuisse
3241 806 3464 875 pervia,
3518 819 3639 871 quae
3688 804 3853 857 etiam
3905 804 4094 858 mortis
4146 805 4360 859 ruinam

2768 900 3177 954 transeuntibus
3208 912 3421 966 semper
3453 897 3747 958 minantur,
3781 895 3998 959 nullius,
4042 906 4102 949 ut
4135 897 4355 961 dicitur,

2768 988 3034 1045 Marronis
3072 989 3186 1059 t3?)
3236 988 3524 1041 subvectus
3576 985 3802 1047 auxilio,
3854 986 4361 1055 non'pctlctentim,

2767 1090 2825 1133 ut
2872 1096 2989 1134 mus
3032 1090 3114 1134 est
3160 1078 3303 1131 illius
3351 1077 3601 1140 itineris,
3652 1077 3991 1144 porrexisse,
4043 1076 4134 1130 sed
4181 1078 4364 1146 potius

2766 1170 2998 1223 vidimus
3039 1168 3370 1222 cucurrisse.
3422 1166 3528 1219 Sed
3584 1165 3817 1235 qualiter
3860 1181 3945 1218 Vll‘
3997 1165 4098 1220 iste
4142 1168 4195 1219 in
4247 1177 4359 1221 tam

2765 1259 2903 1312 duro
2949 1258 3144 1311 itinere
3191 1272 3309 1311 sese
3351 1256 3605 1309 habuerit.
3648 1256 3937 1309 utillimum
3968 1266 4130 1321 esset,
4166 1258 4208 1311 si
4242 1256 4362 1325 ejus

2764 1363 2896 1418 pace
2946 1348 3207 1417 potuisset
3253 1345 3407 1412 ﬁeri,
3443 1347 3690 1416 quasdam
3738 1348 3806 1402 de
3853 1348 3970 1417 ejus
4022 1350 4360 1405 continentia

2762 1437 3025 1500 scribere,
3058 1450 3158 1506 pro
3186 1435 3399 1489 illorum
3438 1435 3631 1490 saltem
3653 1436 4018 1493 aedificatione
4049 1440 4165 1509 qui,
4199 1456 4359 1494 arre-

2760 1539 2853 1597 pta
2881 1528 3172 1587 occasione
3201 1527 3433 1596 alicujus
3473 1526 3709 1595 itin'eris,
3739 1538 3941 1584 statuta
3988 1532 4191 1586 silentii
4234 1532 4362 1604 jura

2762 1618 3137 1687 confringant,
3202 1619 3448 1673 consueti
3507 1619 3699 1689 jejunii
3770 1622 4012 1691 regulam
4075 1622 4360 1690 deserunt,

2759 1708 3079 1780 psahnodia:
3109 1723 3326 1779 quoque
3366 1720 3421 1764 ct
3458 1713 3622 1766 tutius
3653 1726 3791 1781 pene
3830 1716 4150 1771 monasticae
4197 1717 4364 1773 discl-

2758 1800 2921 1871 plina:
2947 1815 3231 1855 censuram
3254 1802 3407 1871 quasi
3434 1799 3663 1855 licenter
3695 1802 4056 1858 confundunt.
4090 1806 4197 1859 Sed
4226 1807 4355 1877 quia

1058 1913 1117 1957 et
1148 1901 1233 1955 via
1261 1900 1380 1955 duri
1408 1900 1616 1954 itineris
1643 1899 1965 1963 festinatur;
1999 1907 2053 1951 et
2083 1899 2211 1967 quia
2252 1897 2494 1951 charitas
2544 1913 2647 1950 non
2682 1896 2724 1956 Β
2752 1890 2871 1961 ejus
2904 1890 3207 1945 sanctitatis
3228 1891 3486 1945 olIensam
3518 1892 3799 1954 incurrere
3839 1895 4025 1958 timeo,
4051 1896 4245 1953 melius
4273 1905 4362 1954 est

1057 2006 1184 2061 qum
1205 2006 1301 2043 sua
1324 1999 1443 2043 sunt
1469 1989 1680 2059 quaerit,
1718 1989 1808 2043 sed
1832 1988 2089 2059 quieJesu
2116 1987 2339 2054 Christi,
2373 1999 2650 2043 monaste-

1059 2083 1146 2137 ria
1205 2080 1419 2136 noviter
1454 2083 1522 2135 ab
1556 2095 1620 2134 eo
1650 2080 1892 2149 plantata
1948 2080 2222 2150 irrigatori
2262 2080 2484 2134 Christo
2510 2095 2653 2133 com-

1061 2172 1319 2234 mittens,
1359 2181 1415 2225 et
1444 2184 1636 2225 omnes
1672 2184 1885 2225 eremos
1920 2186 2058 2241 quas
2093 2170 2176 2225 vel
2202 2170 2405 2225 fecerat
2436 2170 2519 2224 vel
2548 2186 2648 2225 suo

1060 2261 1369 2331 patrocinio
1389 2259 1758 2332 gubernabat,
1793 2262 2072 2326 deserens,
2099 2263 2490 2316 monachorum
2514 2277 2651 2331 quo-

1059 2367 1171 2423 que
1222 2352 1436 2424 agmina
1475 2366 1596 2421 quas
1632 2352 1747 2422 ipse
1785 2352 1853 2405 ad
1904 2351 2194 2420 ingenuam
2229 2350 2433 2406 Christi
2476 2352 2650 2406 servi-

1062 2453 1233 2498 tutem
1273 2443 1597 2509 adduxerat,
1627 2446 2028 2514 derelinquens,
2055 2444 2516 2499 ultratnontanum
2546 2444 2653 2499 iter

1060 2533 1240 2588 tribus
1268 2544 1480 2587 tantum
1517 2533 1800 2603 discipulis
1828 2535 2215 2588 comitantibus
2248 2533 2482 2589 festinus
2512 2534 2652 2588 arri-

1060 2622 1203 2691 puit.
1237 2620 1303 2675 Et
1333 2622 1462 2691 quia
1490 2620 1641 2690 {ortis
1672 2630 1745 2675 est
1788 2632 1841 2674 ut
1886 2638 2026 2675 mors
2070 2620 2305 2685 dilectio,
2360 2638 2469 2677 non
2523 2636 2649 2677 eum

1058 2710 1303 2765 Jovianm
1352 2710 1539 2778 Alpes,
1596 2726 1702 2765 non
1758 2709 1985 2766 Joviana
2032 2712 2274 2781 pericula
2308 2721 2646 2778 terruerunt,

1059 2816 1171 2855 non
1200 2802 1363 2855 etiam
1398 2812 1662 2855 terrarum
1714 2801 1880 2864 invia,
1931 2818 2039 2857 non
2075 2802 2241 2855 multa
2282 2813 2337 2856 et
2368 2802 2650 2856 mortifera

1056 2896 1385 2967 prmeipitia,
1417 2911 1521 2950 non
1556 2895 1775 2964 insuper
1808 2897 1996 2965 cyenei
2025 2897 2220 2963 capitis
2244 2906 2515 2966 aspectus,
2541 2911 2647 2950 non

1058 2984 1239 3040 debile
1286 2992 1341 3039 et.
1372 2985 1719 3039 macilentutn
1763 3000 1982 3054 corpus,
2027 3001 2133 3039 non
2170 3002 2293 3040 eum
2331 2987 2638 3056 grandaeva:

1057 3076 1358 3130 senectutis
1403 3076 1614 3145 pondus
1645 3078 1713 3130 ab
1742 3075 1937 3130 itinere
1971 3086 2339 3131 removerunt.
2393 3077 2647 3132 Cadaloi-

1058 3179 1183 3219 cum
1211 3165 1371 3218 etiam
1398 3165 1549 3233 parvi
1590 3166 1775 3234 pendit
1817 3164 2081 3228 furorem,
2126 3168 2219 3235 qui
2255 3168 2418 3222 veluti
2452 3169 2643 3222 orbata

2755 1996 2867 2036 suae
2897 1981 3132 2035 lucerna:
3163 1982 3343 2035 hnnen
3374 1983 3551 2037 adhuc
3577 1984 3677 2037 sub
3702 1983 3921 2038 silentio
3952 1994 4159 2057 legere,
4190 2001 4357 2057 quam

2752 2072 2869 2141 ejus
2919 2071 3291 2141 indignatione
3338 2086 3502 2141 super
3549 2073 3933 2129 candelabrum
3972 2092 4191 2145 ponere.
4245 2076 4357 2134 Sed

2754 2163 2962 2218 obedire
3003 2172 3204 2232 oportet
3230 2162 3339 2217 Deo
3371 2166 3538 2234 magis
3575 2182 3735 2236 quant
3774 2167 4101 2231 horninibus,
4145 2178 4201 2223 et
4240 2168 4362 2239 ejus

2751 2254 3018 2311 oll‘ensam
3060 2257 3235 2328 magis
3290 2272 3453 2327 quam
3505 2258 3737 2327 alicujus
3786 2260 4035 2316 mortalis
4084 2264 4347 2319 convenit

2751 2349 3195 2418 perhorrescere.
3229 2346 3487 2403 Veritatis
3528 2350 3677 2403 enim
3707 2364 3804 2404 ore
3841 2350 3913 2404 ita
3940 2350 4202 2419 jubetur:
4237 2352 4350 2407 Lu-

2753 2449 2866 2493 ccat
2908 2439 3001 2493 tua:
3039 2450 3211 2493 vestra
3244 2456 3421 2493 caram
3468 2440 3791 2507 hominibus,
3832 2453 3888 2495 ut
3932 2443 4140 2497 videant
4182 2456 4357 2501 vestra

2753 2532 2887 2586 bona
2912 2548 3091 2602 opera,
3122 2540 3169 2585 et
3200 2532 3492 2602 gloriﬁcent
3526 2533 3741 2587 Putrem
3758 2546 3987 2588 vestrum
4013 2538 4102 2607 qui
4132 2541 4183 2591 in
4212 2538 4358 2596 cozlis

2751 2633 2848 2678 est.
2883 2622 3139 2690 Quaedam
3172 2639 3302 2695 ergo
3334 2624 3497 2687 illius,
3527 2626 3681 2694 quasi
3714 2629 4023 2682 communia
4053 2640 4109 2681 et
4135 2630 4360 2685 minime

2752 2711 3008 2767 abscondi
3042 2713 3409 2783 debentia,jita
3437 2715 3714 2770 succincte
3743 2717 4048 2771 scribamus
4078 2729 4349 2787 quatenus

2753 2804 2955 2858 nullius
3006 2806 3242 2859 rumoris
3276 2820 3449 2869 ntevo,
3482 2807 3685 2860 nullius
3735 2807 3914 2863 lautlis
3958 2809 4194 2875 macula,
4241 2812 4360 2881 ejus

2751 2896 3014 2947 sanctitas
3040 2894 3356 2959 oﬂ'uscetur,
3396 2908 3453 2949 et
3479 2897 3815 2951 audientium
3849 2899 3938 2967 pia
3970 2901 4185 2954 devotio
4236 2919 4351 2958 tne-

2752 2982 2998 3049 liorotnr,
3025 2993 3081 3038 ct
3104 2983 3355 3040 Christus
3382 3000 3479 3053 per
3502 3001 3626 3040 eum
3655 2986 4010 3055 glorillcetur.

2750 3112 3021 3161 QUALITER
3071 3112 3278 3152 DOMNUS
3328 3113 3532 3153 PETRUS
3586 3114 3645 3152 SB
3698 3114 3970 3155 HABUENT
4010 3118 4062 3156 LV
4113 3116 4343 3160 GALLICD

3448 3182 3691 3224 ITINERE.

1058 3257 1218 3327 tigris
1250 3256 1368 3324 ejus
1413 3259 1738 3325 sanguinem
1780 3259 1939 3310 anxie
1976 3258 2229 3319 sitiebat;
2267 3268 2455 3313 contra
2486 3275 2648 3329 quem
2678 3249 2723 3309 C
2797 3259 2879 3312 .8.
2906 3258 2962 3311 In
2994 3259 3110 3329 ipso
3137 3273 3371 3327 namque
3415 3260 3606 3313 aestivo
3647 3268 3910 3327 tempore,
3944 3277 4053 3331 quo
4099 3264 4213 3319 dies
4238 3264 4359 3335 plus

1058 3346 1379 3414 Cadaloum,
1410 3348 1763 3404 Parmensem
1789 3349 1997 3403 scilicet
2030 3350 2368 3419 episcopum,
2393 3350 2486 3418 qui
2517 3362 2647 3405 tunc

1058 3454 1214 3511 papa:
1236 3454 1434 3495 nomen
1456 3448 1511 3494 et
1556 3440 1671 3509 ejus
1710 3440 1946 3510 insignia
1984 3440 2196 3495 adulter
2236 3442 2549 3510 usurpabat,
2586 3443 2651 3497 li-

1058 3532 1218 3587 brum
1248 3532 1444 3601 prmsnl
1473 3532 1575 3588 iste
1613 3534 2037 3603 conscripserat,
2065 3536 2116 3588 in
2149 3550 2257 3604 quo
2292 3536 2648 3594 deridendam

1058 3627 1178 3696 ejus
1218 3628 1519 3692 vesaniam,
1549 3634 1603 3682 ct
1628 3644 1782 3682 suam
1808 3628 2094 3683 nefandam
2130 3630 2462 3700 apostasiam
2496 3630 2646 3685 Scri—

1059 3725 1340 3784 pturarutn
1374 3718 1697 3773 tcSIitnoniis
1743 3719 2146 3775 condemnavit.
2204 3720 2374 3789 Ipsius
2431 3735 2649 3791 quoque

1058 3807 1299 3874 perversi
1326 3807 1562 3861 numinis
1596 3808 2127 3877 interpretationem,
2157 3819 2209 3864 et
2233 3811 2360 3878 quid
2392 3811 2447 3864 in
2486 3810 2646 3879 lmjus

1058 3898 1494 3967 przcsumptionis
1526 3898 1672 3952 exitu
1707 3898 1973 3963 latitabat,
2006 3900 2078 3953 ita
2110 3900 2427 3969 prophetico
2455 3917 2645 3971 prom-

1057 3986 1365 4058 psitclogio
1395 3986 1533 4056 (54),
1566 3988 1710 4056 quod
1757 3988 1938 4042 divina
1973 3990 2329 4059 inspiratione
2374 3991 2648 4045 credimus

1059 4081 1471 4152 conscripsisse,
1499 4082 1626 4153 quia
1657 4083 1802 4152 quod
1840 4084 2158 4153 scripserat,
2187 4086 2528 4154 postmodum
2568 4088 2647 4141 vi-

1058 4174 1236 4228 dimus
1276 4174 1520 4228 evenisse
1571 4174 1706 4244 (55).
1742 4173 1889 4229 lnter
1922 4183 2118 4229 caetera
2173 4190 2387 4245 quoque
2415 4191 2535 4245 quae
2580 4178 2647 4232 de

1060 4265 1203 4321 illius
1241 4265 1432 4318 canina
1468 4264 1617 4319 rabie
1646 4265 1920 4319 luculento
1966 4279 2219 4320 sermone
2253 4268 2644 4336 descripserat.

1059 4356 1270 4413 eximite
1310 4356 1691 4425 profunditatis
1720 4365 1774 4411 et
1809 4358 1958 4410 lllll‘tc
1995 4357 2416 4427 pulchritudinis
2456 4374 2643 4413 versus

1061 4448 1174 4517 ipse
1199 4448 1526 4516 composuit;
1557 4461 1693 4515 quos
1717 4447 1787 4501 ob
1817 4447 1975 4500 istius
2006 4447 2215 4501 laudem
2245 4458 2299 4500 et
2325 4446 2470 4500 illius
2492 4447 2645 4517 igno-

1058 4538 1281 4593 ntiniam
1307 4538 1393 4591 hic
1419 4552 1645 4591 exarare
1671 4538 1979 4599 studuimus
2008 4538 2140 4609 (56).

1130 4628 1178 4680 7.
1230 4627 1324 4682 llis
1346 4628 1505 4696 igitur
1553 4628 1835 4682 verborum
1867 4628 1987 4682 telis
2017 4628 2105 4681 ille
2158 4630 2495 4693 vulneratus,
2530 4646 2640 4686 uno

1061 4717 1459 4786 Scripturarum
1501 4716 1786 4787 aggeribus
1841 4717 1995 4772 vivus
2041 4718 2311 4780 humatus,
2373 4719 2632 4788 compita,

1060 4805 1399 4871 diverticula,
1418 4807 1596 4861 itineri
1620 4821 1852 4877 qumque
1876 4808 2085 4878 pervia,
2112 4824 2209 4878 per
2234 4824 2360 4863 suos
2379 4810 2641 4865 satellites

1059 4895 1411 4961 observabat,
1443 4905 1715 4965 quatenus
1756 4896 1836 4949 vel
1872 4913 1994 4951 cum
2028 4899 2371 4964 occiderent,
2418 4900 2496 4955 vel
2528 4903 2641 4956 suis

1058 4984 1332 5041 obtutibus
1369 4986 1549 5039 vivum
1595 4996 2071 5055 reprresentarcnt.
2119 4987 2222 5043 Sed
2259 4988 2347 5043 ille
2376 4992 2636 5059 prudens,

1058 5095 1207 5151 qnaSI
1258 5093 1337 5135 reo
1377 5081 1691 5145 conlidens.
1756 5082 1964 5139 itineris
2007 5082 2217 5137 diversa
2265 5082 2547 5152 pericula,
2587 5093 2642 5138 et

1059 5172 1198 5228 illius
1226 5170 1454 5226 furtivas
1488 5174 1733 5238 insidias,
1766 5183 1968 5228 sanetze
2015 5175 2289 5244 superbia;
2312 5175 2449 5244 pede
2486 5178 2637 5244 parvi

1059 5263 1294 5333 pendens
1318 5262 1565 5318 calcavit.
1610 5263 1874 5319 Nimirum
1908 5264 2049 5319 illius
2078 5264 2243 5320 fultus
2269 5275 2384 5321 erat
2413 5266 2635 5332 auxilio,

1128 5389 1337 5464 (54_)_I_n
1377 5389 1627 5464 opusculo
1669 5391 2290 5464 inscriptohdisccptatio
2338 5392 2635 5464 synodalis,

1060 5458 1179 5513 toni.
1208 5458 1325 5521 III,
1365 5478 1417 5529 p.
1442 5460 1533 5522 54,
1564 5462 1635 5513 ait
1660 5458 1887 5517 Petrus:
1915 5458 2184 5517 Cadaluns
2228 5480 2257 5515 a
2288 5458 2528 5517 cadendo
2556 5466 2638 5517 di-

1062 5539 1195 5601 ctus,
1233 5532 1439 5583 ruinam
1482 5530 1661 5600 populi
1694 5540 1883 5595 sonat;
1920 5530 2163 5585 Pressius
2206 5532 2297 5585 lib.
2325 5550 2361 5594 t,
2392 5550 2496 5601 ep.,
2530 5534 2633 5587 20:

1062 5600 1226 5670 prima
1260 5616 1383 5667 pars
1416 5603 1573 5669 hujus
1618 5601 1852 5654 numinis
1906 5601 2192 5656 manifeste
2223 5600 2507 5657 denuntiat
2558 5620 2639 5658 ca-

1060 5671 1457 5740 sum,_sc_cunda
1488 5670 1771 5740 populant;
1813 5671 1923 5724 Iaos
1956 5674 2223 5739 siquidem
2250 5674 2489 5739 populus.

1134 5738 1237 5810 (35)
1273 5737 1392 5810 Iicm
1421 5737 1577 5810 [nrbes
1629 5742 1769 5810 apud
1796 5740 2005 5793 Petrum
2027 5737 2086 5793 in
2114 5737 2365 5810 apusrulo
2396 5744 2475 5803 18,
2508 5754 2633 5799 tom.

1062 5808 1175 5874 Ill,
1216 5826 1267 5879 ι).
1297 5809 1418 5863 9.06.
1444 5809 1577 5866 Item
1617 5808 1765 5881 epist.
1796 5811 1883 5865 lib.
1922 5827 1961 5879 ι,
1995 5812 2082 5867 ΞΟ.
2114 5808 2433 5867 litt'ectioncs
2462 5824 2633 5868 autem

2752 3350 2913 3404 solito
2957 3350 3297 3418 protelantnr
3335 3359 3389 3403 et
3442 3349 3645 3419 gulosis
3690 3352 3976 3406 monachis
4025 3355 4181 3422 quasi
4232 3354 4355 3414 sine

2754 3440 2986 3498 termino
3010 3456 3133 3497 esse
3162 3441 3438 3504 videntur,
3471 3442 3544 3495 ita
3588 3457 3698 3495 suae
3748 3443 4082 3511 operationis
4107 3446 4357 3503 ordinem

2753 3531 3038 3595 retinebat,
3071 3540 3128 3584 ut
3167 3542 3267 3585 nec
3301 3530 3611 3600 psalmodia:
3644 3531 3725 3585 vel
3775 3530 4078 3602 vigiliarum
4122 3549 4356 3591 consue-

2754 3622 2997 3677 tudinem
3040 3621 3498 3691 prtetertnittcret,
3530 3636 3627 3675 nec
3658 3622 3809 3691 jejun
3834 3637 3990 3677 orum
4034 3622 4117 3679 vel
4151 3624 4352 3681 silentii

2750 3722 3034 3766 censuram
3058 3720 3424 3780 postponeret.
3454 3709 3695 3776 Qualiter
3736 3720 3918 3765 autem
3961 3727 4058 3766 nos
4108 3715 4200 3782 qui
4251 3731 4352 3770 suo

2749 3804 2903 3858 lateri
2949 3801 3155 3872 jugiter
3177 3802 3603 3865 adhaeseramus,
3635 3803 3687 3855 in
3713 3817 3812 3856 suo
3846 3800 4078 3870 jejunio,
4111 3813 4167 3857 ut
4195 3814 4354 3874 puta-

2747 3898 2928 3962 batur,
2950 3897 3185 3967 decepit,
3210 3911 3314 3951 non
3342 3910 3583 3966 possum,
3608 3896 3732 3964 quia
3758 3910 3859 3951 nec
3883 3896 4074 3960 debeo,
4095 3899 4350 3955 reticere.

2746 3990 2901 4059 Apud
2932 3988 3114 4044 Gallos
3143 4003 3378 4058 namque
3428 3986 3529 4041 ista
3564 3987 3886 4041 universalis
3914 3988 4060 4057 viget
4121 4005 4351 4045 consue-

2750 4079 2881 4157 tudo
2912 4086 2972 4133 ut
3001 4062 3211 4131 vinaria
3252 4075 3469 4131 vascula
3520 4076 3852 4129 intrinsecus
3882 4076 4034 4145 prius
4074 4078 4192 4147 pice
4227 4093 4341 4147 per-

2747 4169 2996 4234 fundant,
3028 4178 3084 4225 et
3113 4169 3379 4224 servanda
3404 4167 3525 4221 vina
3556 4168 3635 4222 sic
3682 4168 3733 4221 in
3765 4181 3829 4221 ea
3883 4169 4227 4237 postmodum
4261 4187 4349 4226 reo

2745 4261 3013 4327 condant;
3053 4275 3175 4331 quae
3224 4260 3368 4314 illius
3410 4268 3565 4313 terra:
3594 4258 3861 4327 indigenae
3904 4260 4057 4327 quasi
4110 4260 4346 4329 quodam

2744 4354 3021 4425 pigmento
3047 4352 3237 4406 dicunt
3264 4366 3385 4405 esse
3416 4350 3653 4412 condita,
3690 4350 3785 4403 sed
3817 4349 4177 4406 adventantes
4226 4352 4349 4422 plu-

2745 4443 2868 4498 rimi
2898 4450 3227 4497 nauseantes
3254 4450 3516 4509 respuunt
3534 4440 3687 4508 quasi
3712 4440 3832 4509 pice
3868 4450 4150 4511 corrupta.
4178 4441 4349 4501 Nobis

2744 4534 3051 4602 hujusmodi
3090 4533 3270 4585 vinum
3295 4533 3534 4601 pruritus
3562 4530 3699 4600 gula:
3729 4531 3890 4586 citius
3919 4536 4345 4602 commendavit;

2672 4595 2719 4654 θ
2744 4595 2833 4680 ille
2859 4638 2987 4678 vero
3019 4622 3179 4682 ﬁdeli,
3209 4634 3267 4675 ut
3295 4595 3647 4690 putabamus,
3678 4622 4001 4691 deceptione
4043 4624 4117 4677 ita
4144 4595 4346 4679 exltor;

2746 4717 2854 4769 ruit
2880 4724 3058 4769 utnec
3085 4713 3250 4768 etiam
3279 4714 3551 4777 convivio,
3584 4713 3634 4766 in
3677 4728 3785 4782 quo
3812 4713 4025 4777 aderat,
4080 4714 4345 4772 interesse

2743 4805 2997 4859 voluerit.
3036 4804 3127 4859 Sic
3158 4817 3254 4873 per
3286 4813 3453 4859 totam
3481 4801 3711 4857 Galliam
3740 4803 3975 4859 districti
4023 4802 4212 4875 jejunii
4264 4815 4343 4862 te-

2745 4897 2864 4951 nuit
2886 4910 3195 4957 censuram,
3229 4896 3354 4964 quia
3381 4908 3727 4964 nequaquam
3760 4895 4014 4963 precibus
4046 4896 4341 4964 impetraro

2743 4988 3017 5057 potuimus
3040 4995 3099 5040 ut
3122 4984 3202 5040 vel
3244 5001 3462 5054 parvatn
3489 4987 3601 5053 ipse
3624 4984 3783 5055 hujus
3813 4984 3919 5039 vini
3951 4997 4190 5040 sumeret
4223 5002 4343 5043 sor-

2746 5078 3122 5134 bitiunculam.
3147 5080 3299 5149 Aqua
3333 5095 3461 5135 vero
3488 5079 3630 5134 illius
3656 5080 3844 5149 patria:
3884 5080 3969 5133 vix
4014 5080 4211 5135 alicubi
4271 5081 4341 5136 ad

2746 5170 3038 5225 bibendum
3077 5168 3271 5223 habilis
3299 5170 3588 5223 invenitur.
3627 5168 3810 5224 Pisces
3838 5183 4053 5239 quoque
4091 5182 4144 5223 et
4177 5184 4339 5225 accu-

2745 5270 2893 5316 ratos
2925 5262 3076 5317 cibos
3097 5263 3384 5316 occasione
3416 5261 3656 5329 qualibet
3676 5261 3889 5331 penitus
3910 5259 4217 5333 respuebat.
4248 5264 4342 5319 Si:

2743 5396 3094 5450 acerbissima:
3118 5391 3265 5449 Petri
3305 5392 3677 5449 iuCaduloum
3720 5395 3917 5464 passim
3967 5396 4021 5448 in
4044 5411 4158 5463 ejus
4202 5398 4336 5449 scri-

2741 5466 3128 5537 ptislcguntur.

2812 5532 2931 5605 (36j
2951 5534 3175 5605 Exstant
3199 5536 3309 5588 Ittl’C
3332 5536 3568 5588 carmina
3599 5546 3737 5589 mter
3767 5546 3953 5590 actem
3988 5532 4050 5587 Ρ.
4082 5534 4334 5591 Damiani

2739 5607 2881 5659 edita
2911 5604 3038 5675 tam.
3069 5604 3175 5670 IV,
3202 5623 3255 5672 p.
3286 5605 3373 5658 ἀΰ.
3414 5611 3594 5675 Itaque
3614 5606 3702 5659 Itio
3728 5624 3788 5660 ea
3812 5606 4279 5675 prwtermittimus.

2813 5676 2925 5747 (57)
2980 5674 3256 5747 Marfoues
3286 5674 3515 5747 Alpium
3546 5676 3734 5731 incola:
3780 5674 4036 5747 quidam,
4090 5685 4146 5730 ttt
4174 5674 4337 5733 docet

2740 5742 2973 5819 Cangius
3008 5747 3059 5801 in
3084 5742 3380 5801 Glossario'.
