5962 6488
1095 439 1202 495 875

2096 439 2153 492 S.
2199 436 2402 492 PETRI
2444 433 2725 490 DAMMNI
2766 433 2923 487 lTEl‘.
2980 432 3352 488 GALLICUM.

1091 555 1210 622 eius
1239 554 1467 609 consilio
1495 553 1853 609 credebantur
1877 551 2100 620 ejusque
2127 550 2465 618 dispositioni
2499 547 2674 600 omnia
2708 551 2754 607 Α
2785 545 3059 598 servitutis
3097 544 3272 600 olIicia
3304 545 3375 598 ita
3409 545 3548 614 apud
3577 560 3670 600 eos
3712 546 3936 614 provide
3969 547 4387 617 distinguuntur

1093 645 1467 702 tradebantur.
1503 645 1618 714 Ipse
1639 660 1856 714 quoque
1881 642 2254 696 Cluniacensis
2302 641 2470 694 abbas
2514 639 2586 691 ita
2624 639 2676 690 in

1089 736 1210 801 ejus
1240 738 1341 792 viri
1371 736 1656 806 prudentia
1688 734 1996 788 conﬁdebat
2045 743 2106 787 ut
2149 731 2346 785 nullius
2389 731 2468 784 rei
2511 744 2677 797 nego-

1092 828 1226 881 tium
1259 829 1378 882 sine
1424 825 1542 894 ejus
1567 826 1797 881 consilio
1827 840 1987 896 agere
2042 825 2373 894 disponeret.
2437 823 2675 875 Tandem

1087 927 1212 984 post
1235 918 1454 971 mstivos
1482 917 1728 981 sudores,
1762 925 1883 985 post
1917 915 2183 969 maximos
2210 924 2264 967 et
2291 913 2489 967 inultos
2529 913 2677 964 labo-

1089 1023 1198 1066 res.
1234 1016 1351 1075 post
1381 1006 1546 1060 multa
1594 1015 1650 1059 et
1702 1008 1914 1060 diversa
1949 1005 2208 1074 pericula,
2244 997 2364 1072 post
2419 1004 2674 1056 immania

1085 1099 1350 1150 montium
1381 1105 1430 1150 et
1461 1097 1790 1167 Alpiuinprze
1808 1095 2016 1164 cipitia,
2045 1098 2110 1148 ad
2143 1103 2548 1164 exspectantem
2574 1109 2674 1147 nos

1082 1186 1334 1240 venimus
1363 1186 1701 1240 Cluuiacum.
1737 1185 1809 1239 Dc
1843 1193 2102 1254 apparatu
2132 1193 2313 1238 autem
2365 1182 2671 1250 processio-

1082 1275 1171 1329 nis
1193 1284 1246 1328 et
1284 1289 1496 1328 summa
1529 1275 1813 1329 devotione
1855 1283 2055 1328 nostra:
2105 1273 2432 1342 receptionis
2485 1285 2672 1340 super-

1086 1381 1314 1420 vacuum
1347 1375 1430 1419 est
1461 1365 1723 1427 scribere,
1771 1379 1892 1418 cum
1932 1379 2054 1417 eum
2089 1361 2227 1435 jam.
2250 1362 2462 1417 devotis
2497 1362 2671 1414 mani-

1078 1452 1184 1508 bus
1206 1465 1526 1524 prtnseiitein
1551 1454 1937 1522 suscipiebant,
1963 1469 2122 1522 quem
2164 1466 2261 1522 pro
2295 1450 2438 1505 illius
2483 1465 2669 1502 mona-

1077 1547 1232 1600 sterii
1260 1547 1514 1602 libertate
1550 1546 1638 1599 diu
1679 1546 1790 1615 jam
1843 1546 2130 1599 advenisse
2181 1543 2366 1598 multis
2415 1543 2668 1612 precibus

1075 1635 1413 1705 ﬂagitabant.
1448 1635 1600 1689 Tunc
1620 1635 1896 1690 communi
1941 1633 2171 1688 consilio
2213 1634 2478 1701 ccepimus
2527 1649 2668 1702 quie-

1076 1741 1203 1780 rere
1258 1727 1387 1796 quid
1438 1741 1602 1794 super
1645 1727 1905 1781 vocandis
1954 1725 2020 1780 ad
2079 1724 2346 1796 synodum
2399 1723 2666 1793 episcopis

1073 1817 1242 1870 statui
1284 1817 1527 1872 deberet.
1562 1816 1696 1870 Nam
1719 1817 2007 1886 episcOpus
2045 1815 2132 1870 ille
2187 1815 2343 1885 cujus
2373 1815 2664 1868 temerario

2783 645 2944 705 atque
2967 637 3051 704 pia
3076 652 3141 690 ex
3186 637 3454 690 industria
3486 636 3848 707 protelantur,
3895 646 3951 690 ut
3987 654 4088 693 nec
4119 639 4388 709 longioris

2781 726 2887 780 diei
2918 728 3136 796 aliquod
3163 730 3396 797 spatium
3437 744 3465 782 a
3507 729 3691 784 divino
3724 745 3915 785 vacare
3956 732 4128 798 possit
4163 732 4382 794 ofliem;

2782 817 2855 870 ita
2885 818 3031 871 enim
3066 819 3116 871 iu
3153 819 3544 875 ecclesiasticis
3589 830 3898 875 atteruntur
3927 821 4125 878 ofﬁciis
4172 833 4234 878 ut
4287 826 4382 878 vix

2780 907 3102 964 claustrensi
3134 921 3189 963 et
3219 911 3444 966 honesta
3479 912 3773 974 locutione,
3813 914 3918 967 nisi
3968 913 4161 984 signis,
4203 917 4378 983 possit

2777 998 2914 1053 alter
2941 1000 3098 1056 alteri
3127 1001 3328 1069 aliquid
3360 1003 3644 1067 intimare;
3690 1019 3809 1072 qaize
3857 1005 4074 1074 quidem
4107 1007 4179 1060 ita
4216 1018 4377 1061 canta

2777 1098 2831 1142 et
2859 1093 3164 1146 necessaria
3195 1091 3447 1148 omnibus
3467 1094 3519 1147 in
3545 1095 3679 1149 locis
3709 1095 3847 1148 facta
3892 1097 4377 1165 dcprcbeinhintur

2776 1188 2835 1232 ut
2873 1180 3073 1236 nullius
3129 1182 3386 1248 levitatis,
3430 1185 3630 1240 nullius
3671 1188 4115 1256 reprehensionis
4157 1189 4376 1246 valeant

2775 1266 2984 1324 macula
3038 1273 3307 1328 denotari.
3378 1275 3454 1329 De
3509 1276 3756 1332 ciborum
3811 1294 3940 1335 vero
4005 1280 4088 1335 vel
4138 1280 4372 1336 vestium

2772 1362 3109 1430 aequalitate,
3145 1367 3211 1420 de
3245 1365 3331 1435 pia
3380 1367 3722 1423 infirmorum
3781 1371 4160 1440 eompassione
4209 1383 4374 1442 atque

2771 1453 3015 1506 omnium
3061 1470 3351 1510 causarum
3405 1472 3646 1529 congrua
3701 1460 4082 1518 distributione
4129 1463 4373 1520 scribere
4451 1477 4457 1484 '

2769 1546 3116 1614 supersedeo,
3147 1563 3269 1603 cum
3302 1565 3403 1605 nec
3427 1551 3542 1622 ipse
3568 1553 3736 1609 abbas
3761 1555 3840 1608 vel
3872 1557 4131 1626 sospitate
4156 1558 4368 1629 vigens,

2769 1636 2853 1690 vel
2887 1639 3202 1707 infirmitate
3227 1653 3505 1711 gravatus,
3533 1645 3769 1716 aliquam
3809 1649 3912 1703 sibi
3957 1663 4234 1704 cameram
4288 1650 4368 1703 vel

2768 1728 2914 1783 aliud
2949 1732 3078 1799 quid
3109 1735 3444 1804 praecipuum
3475 1748 3771 1793 consuetus
3802 1741 3874 1794 sit
3896 1741 4197 1797 vindicare.

2840 1819 2924 1874 l5.
2972 1821 3015 1876 Ο
3066 1825 3262 1880 nobilis
3297 1836 3353 1881 ct
3397 1827 3696 1885 lsraelitica
3731 1830 3937 1886 Christi
3975 1831 4201 1896 familia,
4247 1840 4368 1902 qua!

1072 1921 1211 1960 ausu
1258 1905 1416 1961 νὶειίυε
1446 1922 1624 1960 causa
1657 1907 1932 1976 negotium
1965 1905 2261 1976 agebatur,
2293 1913 2457 1973 prout
2502 1904 2664 1957 habet
2694 1909 2740 1968 Β
2769 1915 3092 1982 degenerem
3410 1921 3673 1977 deserens
3720 1924 4062 1988 servitutem,
4108 1934 4165 1978 οι
4217 1941 4368 1979 mare

1068 1995 1352 2050 surcularis
1375 1997 1597 2059 astutia,
1640 2006 1926 2066 postquam
1958 2003 2202 2050 nostrum
2238 1996 2376 2048 fama
2408 1995 2662 2048 nuntian-

1071 2095 1129 2140 te
1159 2088 1409 2157 cognovit
1452 2087 1765 2151 adventum,
1796 2086 1922 2155 quia
1973 2101 2080 2140 non
2139 2085 2283 2140 illius
2331 2094 2491 2139 terra:
2541 2092 2661 2137 erat

1067 2175 1346 2246 indigena,
1378 2192 1487 2246 quo
1519 2177 1757 2231 futurum
1785 2176 2074 2232 concilium
2107 2177 2397 2229 occasione
2420 2174 2657 2244 quadam

1066 2269 1242 2322 vitare
1271 2269 1556 2338 potuisset,
1587 2268 1727 2338 apud
1755 2283 1884 2324 suos
1912 2268 2122 2336 longius
2149 2281 2447 2336 properans
2481 2266 2660 2320 latita-

1064 2359 1182 2413 liat.
1226 2359 1330 2413 Sed
1361 2361 1602 2429 nequivit
1631 2360 1767 2430 fugae
1815 2361 2120 2429 patrocinio
2148 2359 2514 2414 Cabillonensi
2550 2374 2656 2414 non

1066 2451 1336 2505 interesse
1381 2452 1636 2506 concilio.
1689 2451 1978 2522 Synodalis
2022 2466 2256 2520 namque
2285 2451 2550 2505 terminus
2583 2449 2655 2503 ita

1064 2541 1290 2612 provide
1316 2544 1578 2597 statuitur
1604 2545 1747 2612 quod
1776 2543 2052 2612 longinqui
2081 2550 2136 2596 et
2169 2542 2491 2597 remotiores
2519 2557 2658 2613 pra:-

1061 2635 1212 2690 sules
1239 2637 1736 2690 naviterintercsse
1770 2635 2067 2706 potuerint.
2102 2634 2252 2689 Tunc
2279 2649 2345 2689 ex
2389 2635 2653 2705 apostoli-

1061 2742 1143 2780 ca:
1189 2727 1334 2780 sedis
1406 2727 1731 2781 auctoritate
1777 2725 2206 2780 commonitorite
2251 2725 2320 2779 ad
2372 2727 2655 2794 episc0pos

1053 2816 1371 2886 diriguntur
1399 2816 1664 2884 epistolae,
1699 2816 1940 2871 debitam
1966 2815 2211 2869 Romano
2242 2816 2484 2885 pontifici
2526 2816 2654 2870 obc-

1055 2907 1321 2961 dientiam
1349 2909 1702 2977 imperantes,
1733 2917 1789 2962 et
1823 2908 2206 2962 inobedientia:
2233 2907 2527 2963 vindictam
2561 2924 2652 2962 ca-

1053 2997 1254 3050 nonice
1289 2997 1657 3064 intentantes,
1694 2997 1872 3054 locum
1919 3011 2136 3068 quoque
2182 3007 2237 3053 ct
2290 2997 2431 3052 diem
2480 2998 2648 3053 futuri

1049 3088 1273 3143 concilii
1299 3089 1634 3146 nuntiantes.

1051 3233 1190 3276 LAUS
1228 3235 1608 3277 ceuxucsxsrs
1641 3237 2100 3280 CONGBEGATIONIS
2136 3239 2364 3288 EJUSQUE
2401 3240 2641 3279 ABBATIS.
2677 3262 2719 3320 (ς
2754 3233 2914 3296 ·“ῗι“δ
2935 3233 3142 3299 ῗ“··“·¹’
3163 3233 3706 3300 υι¹ω⁸¹⁵¹ν¹¹¹³¹¹υνζυδ
3728 3233 3794 3301 δή
3823 3233 3912 3300 ¹Ῐ¹υ
3933 3233 4081 3258 ¹υ¹¹⁵υ
4108 3233 4352 3306 ¹ζ¹υ¹¹¹¹¹ξν

1168 3351 1197 3362 Α
1251 3352 1269 3362 _
1321 3361 1326 3362 γ
1662 3355 1695 3362 η
2026 3359 2035 3362 _
2265 3359 2275 3362 _
2442 3359 2486 3362 μ
2574 3360 2581 3362 Α
2705 3301 2722 3320 ι
2756 3302 2912 3356 quem
2948 3305 2998 3342 in
3025 3303 3182 3343 sacro
3208 3297 3431 3358 pectore
3459 3289 3678 3343 abbatis
3706 3289 3942 3358 Spiritus
3973 3301 4146 3345 sancti
4176 3304 4354 3362 gratia

1129 3351 1217 3405 ιε.
1251 3352 1463 3409 Interea
1493 3363 1618 3409 octo
1645 3355 1854 3410 dierum
1901 3359 2077 3426 spatio
2103 3359 2403 3413 mansimus
2432 3359 2649 3413 Clunia-

1047 3461 1142 3501 co.
1175 3445 1457 3502 Veraciter
1490 3448 1560 3502 ibi
1586 3449 1783 3504 multos
1807 3451 1984 3519 reperi
2014 3451 2234 3515 Paulos,
2263 3451 2524 3521 plurimos
2539 3453 2644 3505 vidi

1049 3537 1344 3604 Antonios,
1375 3539 1467 3607 qui
1513 3539 1616 3594 etsi
1647 3539 1959 3595 solitudinis
2003 3542 2394 3598 habitationem
2425 3557 2530 3598 non
2565 3547 2648 3601 iii-

1052 3626 1268 3690 coluut,
1297 3629 1746 3683 auachoritanum
1777 3631 2057 3700 praemium
2086 3631 2391 3688 imitatione
2417 3650 2644 3704 operum

1055 3732 1165 3771 non
1199 3719 1477 3773 amittunt.
1505 3718 1638 3775 Cum
1673 3722 1817 3774 enini
1843 3722 1983 3777 illius
2009 3725 2453 3794 congregationis
2499 3730 2646 3782 ordi-

1053 3825 1180 3866 nem
1206 3821 1461 3867 accurate
1489 3815 1628 3884 cwpi
1657 3815 1995 3886 perspicere,
2023 3825 2076 3872 et
2107 3826 2310 3873 mutua:
2342 3820 2646 3878 dilectionis

1050 3902 1196 3958 inter
1215 3916 1312 3958 eos
1333 3919 1553 3960 manere
1577 3906 2009 3962 benevolentiam
2039 3918 2094 3964 et
2135 3913 2494 3968 monasticam
2526 3930 2643 3969 om-

1051 3994 1204 4048 nium
1259 4010 1544 4050 causarum
1600 3997 1806 4065 pollere
1845 4001 2304 4067 convenientiam,
2337 4005 2519 4059 statim
2575 4007 2640 4060 ad

1047 4083 1195 4138 illius
1225 4083 1511 4153 primitiva'
1555 4084 1810 4142 Ecclesiae
1860 4104 2015 4144 mens
2069 4093 2300 4146 recurrit
2355 4093 2640 4158 familiam,

1051 4175 1122 4228 de
1150 4173 1303 4242 cujus
1329 4174 1484 4230 laude
1515 4176 1588 4230 ita
1621 4176 1796 4232 Lucas
1819 4178 2059 4249 loquitur
2088 4199 2100 4234 :
2136 4181 2495 4239 Multitudinis
2527 4203 2641 4240 crev

1045 4264 1284 4317 dentium
1311 4273 1422 4318 erat
1457 4281 1548 4319 cor
1579 4283 1742 4321 unum
1779 4278 1828 4322 et
1865 4271 2044 4324 animo
2075 4289 2202 4338 una,
2250 4286 2298 4328 et
2339 4288 2486 4331 erant
2533 4278 2638 4331 illis

1046 4357 1227 4410 omnia
1253 4359 1575 4412 communia.
1621 4359 1702 4414 Ad
1753 4361 1927 4416 instar
1955 4365 2101 4418 enim
2153 4367 2294 4422 illius
2351 4369 2638 4438 primitivrc

1045 4447 1293 4514 familiae,
1318 4449 1492 4503 dicam
1537 4452 1718 4520 potius
1743 4455 1984 4511 etelestis
2014 4459 2226 4527 patria),
2276 4476 2382 4515 non
2429 4471 2513 4516 est
2564 4464 2635 4519 ibi

1045 4537 1274 4607 alicujus
1301 4547 1476 4593 metus
1504 4540 1716 4609 inopiae.
1750 4547 2075 4614 nonpondus
2097 4547 2323 4618 alicujus
2360 4541 2592 4607 miseria:
2618 4571 2630 4605 :

2768 2003 3011 2060 Rubrum
3059 2007 3357 2066 submersis
3393 2011 3642 2068 hostibus
3676 2013 3959 2070 incolumis
3991 2017 4365 2084 pertransit-ii,

2766 2103 2820 2149 et
2857 2097 3146 2167 superbam
3177 2099 3418 2168 Jericlio,
3466 2103 3681 2165 Domini
3709 2103 4104 2161 circumferens
4153 2123 4362 2170 arcam,

2766 2188 2994 2244 devicit!
3040 2191 3412 2262 Importunum
3461 2210 3678 2265 quoque
3726 2195 4106 2262 Nabuzardan,
4153 2200 4366 2254 intesti-

2764 2294 2892 2334 num
2934 2282 3140 2336 scilicet
3171 2283 3381 2339 hostem
3415 2287 3629 2342 ratione
3668 2288 4019 2343 nioderautire
4060 2291 4274 2354 stravit,
4311 2301 4366 2344 et

2760 2374 3095 2443 petulantem
3129 2376 3532 2446 Holophernum
3564 2379 3718 2448 quasi
3747 2395 3883 2434 nova
3913 2379 4097 2434 Judith
4125 2381 4365 2436 funditus

2754 2465 3042 2536 iugulavit.
3082 2466 3238 2522 Nunc
3282 2468 3498 2523 cunctis
3540 2469 3756 2538 regibus
3787 2471 4079 2540 superatis,
4115 2472 4364 2526 hostibus

2760 2560 2916 2628 quasi
2944 2559 3179 2629 quadam
3209 2560 3650 2630 repromissionis
3679 2571 3822 2616 terra
3851 2563 4042 2626 utitur,
4073 2564 4138 2617 de
4165 2579 4270 2632 qua
4295 2567 4360 2616 ad

2760 2664 2946 2706 veram
2993 2652 3135 2706 lacte
3181 2661 3236 2706 et
3288 2651 3446 2706 melle
3486 2662 3798 2708 manantem
3836 2655 4088 2723 operibus
4139 2671 4361 2711 currere

2760 2741 2994 2796 festinat.
3027 2742 3125 2796 Est
3154 2759 3371 2813 quoque
3403 2743 3545 2797 illius
3574 2744 3675 2799 loci
3711 2745 3858 2814 larga
3887 2759 4184 2816 pauperum
4214 2746 4360 2801 elec—

2758 2849 3019 2906 mosyna,
3079 2835 3352 2904 hospitum
3404 2843 3460 2889 et
3512 2835 3919 2891 adventantium
3975 2851 4185 2891 summa
4235 2837 4361 2892 dili-

2756 2923 2976 2993 gentia;
3011 2923 3188 2979 nnllus
3234 2924 3380 2978 enim
3424 2938 3631 2994 pauper
3661 2924 3944 2981 famelicus
3975 2926 4058 2982 vel
4099 2927 4361 2983 immunis

2757 3013 2882 3070 inde
2931 3015 3170 3079 recedit;
3246 3016 3423 3071 nullus
3471 3019 3966 3087 supervenientium
4033 3019 4358 3077 insalutatus

2754 3105 3067 3175 suscipitur,
3114 3105 3200 3160 vel
3243 3107 3600 3163 inhonoratus
3643 3108 3796 3164 abire
3843 3111 4199 3180 permittitur.
4249 3112 4356 3168 Sed

2754 3196 2914 3266 huius
2935 3206 3142 3252 sanctae
3163 3199 3495 3268 operationis
3513 3198 3706 3254 fluvius
3728 3216 3794 3256 ex
3822 3201 3912 3254 illo
3933 3201 4081 3258 fonte
4108 3202 4352 3272 proﬂuit,

2756 3381 3084 3449 propinavit.
3119 3380 3194 3433 Ex
3242 3381 3330 3435 illo
3378 3380 3524 3434 enim
3572 3383 3867 3452 purissimo
3905 3384 4051 3438 fonte
4095 3387 4354 3442 hauriunt

2752 3470 2895 3539 quod
2923 3470 3000 3524 sic
3029 3470 3368 3526 abundanter
3393 3470 3584 3538 fluunt,
3608 3484 3661 3527 et
3698 3474 3750 3527 in
3782 3473 3922 3529 illius
3950 3477 4132 3546 operis
4161 3489 4216 3532 et
4253 3494 4352 3534 cx-

2752 3561 3078 3620 iinrtationis
3129 3561 3457 3617 bibliotheca
3515 3563 3698 3635 legunt
3745 3566 3981 3635 qualiter
4049 3572 4352 3627 monastice

2749 3651 2955 3714 vivant,
2988 3653 3224 3720 qualiter
3254 3653 3452 3708 divina:
3490 3656 3822 3724 operationis
3869 3660 4114 3717 ordinem
4170 3673 4326 3718 custo

2749 3743 2918 3797 diant.
2963 3743 3060 3799 Est
3099 3745 3242 3798 enim
3294 3761 3390 3799 sua
3436 3745 3744 3803 humilitate
3793 3750 4063 3816 amabilis,
4106 3757 4350 3812 moribus

2749 3834 2958 3888 cunctis
3002 3836 3304 3889 tractabilis
3352 3845 3406 3891 et
3437 3851 3629 3893 serena
3672 3840 3756 3894 sui
3789 3841 3971 3898 vultus
4018 3846 4350 3913 proceritate

2749 3926 3002 3980 omnibus
3034 3927 3310 3983 notabilis.
3348 3929 3520 3996 Quem
3572 3931 3717 3988 Deus
3753 3935 4099 4006 omnipotens
4131 3939 4204 3993 ita
4245 3955 4345 3995 suo

2749 4017 2942 4072 timore
2982 4019 3286 4087 subditum,
3327 4030 3382 4077 et
3418 4037 3606 4077 amore
3659 4023 3947 4089 fervidum,
3976 4038 4032 4082 et
4083 4030 4346 4086 virtutum

2745 4107 2966 4164 floribus
3006 4111 3177 4166 voluit
3217 4129 3340 4169 esse
3370 4117 3748 4186 conspicuum,
3781 4129 3840 4174 ut
3892 4121 4036 4178 illius
4087 4123 4348 4182 Ecclesia:

2743 4202 3015 4270 pastorale
3064 4203 3164 4273 ipsi
3205 4207 3576 4264 committeret
3608 4208 3862 4266 ofﬁcium.
3903 4213 4147 4270 Dicerem
4178 4220 4347 4276 etiam

2743 4291 2919 4345 adhuc
2947 4293 3013 4346 de
3049 4294 3305 4350 extrarize
3331 4305 3385 4352 et
3415 4298 3695 4354 saecularis
3736 4301 3811 4356 rei
3847 4303 4003 4373 hujus
4036 4305 4134 4361 loci
4169 4309 4345 4364 abun-

2743 4383 2949 4443 dantia.
2999 4385 3118 4439 sine
3159 4402 3265 4455 qua
3307 4403 3548 4458 praesens
3600 4391 3710 4445 vita
3763 4393 3986 4449 minime
4027 4401 4342 4469 quempiam

2743 4473 2978 4528 transire
3017 4476 3238 4543 patitur,
3290 4480 3564 4546 quomodo
3595 4491 3807 4538 cuneta:
3851 4482 4077 4555 lapidem
4111 4488 4340 4545 ofﬁcium

2747 4565 3048 4620 monastice
3076 4566 3351 4636 dispositre
3381 4581 3506 4624 sunt
3535 4571 3758 4637 ordine;
3808 4579 4080 4644 quomodo
4110 4581 4340 4636 ecclesia

1045 4631 1119 4685 ibi
1150 4630 1391 4684 Charitas
1415 4641 1627 4732 regnat,
1661 4633 1942 4704 spirituale
1969 4641 2327 4737 gaudimuibi
2353 4643 2634 4712 tripudiat,
2670 4625 2715 4682 υ
2745 4655 2978 4710 maxima
3005 4665 3059 4712 et
3089 4625 3334 4725 arcuata,
3368 4661 3617 4730 plurimis
3657 4625 3863 4721 munit;
3894 4669 4180 4737 altaribus.
4218 4689 4344 4730 san-

1041 4733 1152 4790 pax
1182 4728 1410 4773 cunctos
1445 4721 1636 4785 nectit,
1665 4737 1856 4778 omnes
1883 4727 2144 4794 patientia
2182 4729 2374 4784 tolerat
2400 4771 2414 4796 ,
2449 4732 2634 4802 longa-

1041 4813 1270 4869 nimitas
1304 4814 1427 4869 illos
1477 4815 1784 4883 modiﬁcat,
1815 4835 1940 4889 spes
1993 4821 2176 4891 erigit,
2226 4822 2360 4876 ﬁdes
2414 4825 2629 4888 solidat,

1042 4905 1275 4962 interius
1305 4891 1371 4961 et
1407 4909 1648 4963 exterius
1698 4911 1926 4966 castitas
1981 4914 2225 4978 mundat,
2269 4915 2462 4977 devota
2512 4915 2630 4969 illos

1041 4998 1349 5054 obedientia
1381 5012 1596 5071 purgat,
1625 5013 1825 5058 sanetze
1848 5013 1901 5058 et
1938 5007 2248 5062 monasticae
2280 5010 2627 5062 consuetudi-

1041 5091 1131 5145 nis
1151 5088 1286 5144 ordo
1313 5089 1636 5148 ineoncusse
1665 5105 1932 5156 servatur.
1967 5099 2141 5152 vivida
2172 5099 2517 5156 mortificatio
2573 5111 2629 5156 et

1039 5178 1310 5249 regularis
1347 5179 1418 5234 ibi
1472 5182 1738 5238 districtio
1787 5201 2003 5256 semper
2051 5191 2301 5245 habetur.
2367 5191 2503 5258 Quid
2563 5195 2626 5247 de

1039 5269 1267 5326 claustri
1297 5272 1540 5326 custodia
1569 5275 1650 5328 vel
1697 5278 2081 5334 taciturnitatis
2109 5297 2243 5352 opus
2267 5293 2351 5337 est
2397 5299 2625 5338 censura

1036 5361 1369 5426 describere,
1397 5378 1520 5418 cum
1550 5381 1646 5420 nec
1668 5369 1852 5439 etiam,
1888 5383 2085 5442 printer
2132 5373 2360 5444 alicujus
2403 5377 2478 5431 rei
2526 5393 2620 5431 ne-

1038 5465 1374 5529 cessitatem,
1400 5464 1538 5530 infra
1564 5467 1733 5535 ipsum
1765 5469 2060 5521 claustrum
2101 5481 2264 5522 ausus
2307 5477 2389 5522 est
2425 5467 2621 5538 aliquis

1038 5555 1287 5626 spatiari.
1320 5571 1419 5611 nec
1464 5557 1580 5611 sine
1628 5559 2049 5629 interrogatione
2077 5574 2137 5613 os
2173 5560 2240 5612 ad
2293 5558 2620 5628 loquendum

1038 5646 1206 5699 audet
1233 5643 1341 5698 ullo
1393 5647 1552 5701 modo
1594 5649 1920 5715 aperireiln
1953 5650 2180 5703 vestium
2241 5664 2370 5703 vero
2420 5649 2619 5705 vilitate

1037 5747 1202 5804 atque
1239 5735 1560 5792 lectulorum
1589 5739 1934 5792 extreinitate
1959 5740 2105 5793 nullo
2131 5740 2288 5793 modo
2319 5741 2489 5809 patris
2518 5739 2622 5794 Be-

1038 5827 1240 5883 nedicti
1289 5829 1762 5898 transgrediuntur
1789 5841 2136 5900 praeceptum.
2173 5831 2374 5886 Divina:
2412 5846 2627 5903 quoque

1401 5918 1678 5980 PATROL.
1715 5927 1957 5995 CXLV,

2744 4754 2956 4799 ctoruin
2992 4747 3234 4815 reliquiis
3263 4765 3370 4804 non
3412 4753 3623 4807 modice
3653 4757 3890 4820 condita,
3931 4759 4186 4817 thesauro
4220 4765 4339 4835 plu-

2741 4835 2878 4888 rimo
2927 4845 2981 4890 et
3031 4839 3246 4892 diverso
3275 4841 3562 4906 ditissima;
3618 4848 3888 4914 quomodo
3917 4849 4214 4907 claustrum
4255 4857 4341 4911 iii-

2737 4938 2948 4996 genset
2995 4929 3108 4999 ipsa
3150 4933 3230 4986 sui
3263 4931 3664 5002 pulchritudine
3708 4938 3775 4992 ad
3821 4939 4229 5000 inhabitantium
4279 4965 4338 5002 sc

2735 5020 2888 5088 quasi
2919 5023 3218 5078 monachos
3249 5024 3483 5080 invitare
3507 5027 3736 5094 videtur,
3763 5035 4035 5099 quomodo
4058 5037 4332 5096 sufﬁciens

2735 5120 2820 5164 cst
2849 5111 3250 5179 dormitorium,
3281 5126 3334 5170 et
3363 5132 3474 5186 pra:
3503 5121 3760 5175 continuo
3792 5124 3953 5179 trium
3985 5127 4329 5187 lucernarum

2735 5201 2937 5256 lumine
2965 5204 3166 5274 aliquid
3197 5222 3434 5276 unquam
3479 5211 3728 5264 nocivum
3774 5213 3824 5267 in
3857 5230 3922 5270 eo
3961 5220 4141 5288 peragi
4175 5225 4331 5290 quasi

2734 5293 2802 5347 ab
2831 5309 2895 5349 eo
2920 5299 3257 5364 prohibetur;
3289 5303 3560 5368 quomodo
3593 5303 3939 5362 refectorium
3972 5309 4116 5364 milia
4140 5328 4332 5382 super-

2736 5384 2955 5440 stitione
2984 5386 3279 5456 depictum.
3322 5390 3414 5445 sed
3455 5401 3643 5445 sancta
3686 5398 4032 5451 extremitate
4080 5413 4333 5456 constru-

2733 5481 2903 5539 ctum,
2950 5475 3158 5544 largum
3201 5478 3569 5536 reﬁcientibns
3625 5482 3886 5540 fratribus
3942 5489 4146 5555 praebet
4201 5507 4330 5547 con-

2725 5577 2968 5628 sessum;
3017 5568 3288 5636 quomodo
3338 5583 3436 5638 per
3465 5579 3691 5626 cunctas
3725 5571 3969 5630 ofﬁcinas
4015 5578 4327 5652 ubicunque

2731 5670 2870 5723 aqua
2906 5659 3215 5712 necessaria
3250 5661 3532 5729 queritur,
3563 5677 3657 5731 per
3682 5663 3924 5721 occultos
3959 5681 4170 5726 meatus
4205 5684 4320 5729 sta-

2731 5747 2825 5801 tim
2858 5747 3181 5804 mirabiliter
3225 5761 3420 5820 sponte
3455 5753 3668 5808 dimuit.
3700 5754 3824 5810 Haec
3857 5765 3912 5812 et
3947 5759 4052 5814 alia
4092 5763 4157 5818 de
4185 5779 4324 5832 prae-

2732 5835 2875 5893 dicto
2905 5839 3238 5897 monasterio
3269 5841 3530 5912 dicerem,
3575 5846 3667 5899 sed
3715 5847 3841 5914 quia
3876 5846 4319 5909 Leinoviccnseiu

3755 5936 3834 5998 ‘28

4281 435 4382 489 δτι
4467 433 4474 456 ³
