2981 3257
1298 215 1351 245 ιη

1717 218 1830 249 Αυοιτ,
1851 221 1897 249 ΔΙ)
1916 221 1998 251 του.
2018 222 2050 251 Ill
2069 222 2144 250 OPP.
2166 221 2195 249 S.
2217 222 2319 251 PETRI
2338 223 2489 252 ολωΔΝι.

1297 275 1419 304 laborem
1435 275 1516 310 hujus
1528 276 1716 312 descriptionis
1731 279 1817 315 stylus
1831 287 1946 308 exarare
1971 281 2093 314 festinat,
2106 283 2132 313 Α
2145 282 2232 309 nostri
2254 283 2386 311 adventura
2405 289 2500 311 rumor
2515 283 2717 317 monacbonm.
2731 284 2777 321 qd
2790 290 2908 316 msula-

1295 318 1399 348 laboris
1412 320 1510 349 intuitu
1527 321 1588 348 talia
1603 322 1722 350 scribere
1736 324 1846 352 devitat.

1509 375 1540 394 DE
1560 375 1734 396 ιευονιεικει
1754 377 1866 397 ιηοιιε.

1269 440 1274 446 Α
1329 410 1374 438 Η.
1387 410 1415 439 ln
1432 411 1617 441 Lemovicenst
1632 422 1749 450 namque
1762 416 1873 444 civitate
1887 417 2002 450 celebre,
2012 418 2090 445 devo-

1292 457 1428 486 lissimum
1448 464 1530 494 atque
1552 460 1716 489 ditissimum
1741 463 1767 490 in
1789 463 1891 491 honore
1910 465 1996 491 sancti
2015 465 2086 492 Mar-

1292 504 1365 532 tialis
1380 505 1515 540 quoddam
1531 510 1573 533 est
1588 508 1793 541 manaSIerium,
1810 509 1880 543 quod
1899 508 2087 537 Cluniacensis

1292 548 1377 576 abbas
1392 550 1498 577 novitcr
1516 551 1696 584 acquisierat;
1718 553 1764 580 sed
1783 554 1844 588 quia
1863 554 1933 581 illius
1956 553 2005 581 loci
2027 562 2084 581 mo-

1290 592 1371 620 nachi
1387 593 1437 621 sibi
1459 602 1512 622 non
1530 594 1760 629 obtemperabant,
1781 598 1899 625 maxima
1924 599 1950 625 in
1967 606 2000 626 eo
2021 604 2084 627 tunc

1290 638 1420 671 temporis
1434 639 1568 666 discordia
1582 640 1748 667 versabatur.
1765 640 1849 676 Hujus
1864 650 1981 678 namque
1993 643 2083 678 acqui-

1287 683 1395 710 sitionis
1407 684 1515 716 intuitu.
1530 689 1558 711 et
1572 684 1693 720 ejusdem
1706 686 1810 714 abbatis
1823 687 1896 719 odio,
1909 692 1990 722 prout
2004 693 2082 714 erant

1287 730 1431 757 mculares
1455 731 1590 763 monachi,
1614 739 1628 757 a
1651 733 1814 760 monasterio
1840 734 2007 765 recedentes,
2034 741 2081 768 per

1285 773 1343 807 ejus
1364 774 1473 802 cellulas
1493 776 1623 811 hospitari
1648 782 1804 811 cmperunt,
1832 783 1858 805 et
1884 779 2079 805 monasterium

1285 818 1420 846 hostiliter
1435 819 1627 854 impugnabant
1646 826 1673 848 et
1691 822 1894 854 monachorum,
1910 830 1978 857 quos
1995 823 2028 849 ibi
2048 823 2080 850 de

1285 864 1413 892 Cluniaco
1435 870 1574 899 posuerat,
1590 866 1749 901 sanguinem
1764 866 1901 894 sitiebant.
1916 868 1956 894 Ad
1976 872 2077 895 tantam

1284 917 1391 946 quoque
1404 918 1510 937 vesana:
1527 911 1624 938 utentis
1645 911 1785 939 audaciam
1804 914 1928 940 monachi
1945 913 1994 948 ipsi
2016 921 2077 948 pro-

2143 327 2212 354 rium
2232 326 2408 361 infestabant,
2426 329 2507 357 corda
2520 334 2693 360 concussum
2707 335 2736 360 et
2748 337 2796 361 eas
2808 331 2910 362 alr.-

2140 379 2247 407 quaque
2261 380 2310 408 per
2323 373 2478 403 diverticula
2493 374 2595 404 iecerat
2607 375 2724 405 latitare.
2737 376 2790 406 Sed
2805 383 2870 412 usa.
2881 380 2909 408 η

2140 418 2273 450 venimus,
2290 418 2343 446 illis
2360 418 2456 447 littere
2469 420 2639 448 destinantur
2650 425 2782 457 quatenus
2795 420 2908 452 IO-

2138 463 2210 490 sedis
2226 463 2313 499 legato
2328 472 2357 492 se
2371 469 2595 501 reprzseutarent
2606 470 2634 495 et
2647 466 2829 503 allegationum
2839 465 2908 503 Has

2138 508 2249 542 negotii,
2264 510 2285 536 si
2297 508 2397 542 justam
2412 513 2563 544 sperarent.
2579 510 2637 538 sine
2651 510 2764 546 alicujus
2776 511 2907 541 uulsella-

2138 553 2201 580 tatis
2224 554 2378 589 suspicione
2395 553 2509 589 iustitia:
2533 555 2637 583 ratione
2648 555 2832 590 delendam;
2849 556 2907 585 alia-

2134 598 2200 632 quin
2225 599 2275 627 sub
2300 599 2413 634 imperio
2437 600 2542 628 abbatis
2567 601 2694 636 deinceps
2715 601 2841 631 vivereat.
2859 601 2907 631 ω

2134 644 2197 678 quia
2214 644 2334 679 pristim:
2346 644 2472 673 factionis
2484 646 2585 674 verutis
2597 653 2690 674 eorum
2707 646 2810 676 viscera
2824 654 2906 676 curre-

2133 687 2229 720 debat,
2253 693 2280 715 et
2297 688 2501 717 Cluniacensem
2523 690 2645 718 ordinem
2665 691 2906 728 omniuosuscipl'e

2132 733 2291 766 renuebant,
2307 734 2340 761 ad
2359 735 2545 762 denuntiatum
2559 735 2728 764 ratiocinium
2740 736 2830 765 venire
2840 743 2906 772 Quae

2131 784 2242 810 verunt,
2264 779 2337 806 illum
2354 780 2405 807 sibi
2427 788 2543 816 praeesse
2558 781 2682 810 abbatem
2706 782 2812 818 penitus
2830 782 2905 811 inter-

2130 822 2266 850 dixernnt.
2290 823 2365 851 Tunc
2385 824 2457 852 illius
2479 825 2597 853 civitatis
2618 826 2744 862 episcopo
2766 826 2907 864 coluimus

2129 868 2263 899 consulto.
2277 869 2310 896 ad
2324 870 2404 905 hujus
2418 869 2581 899 definitionis
2593 870 2724 899 calculum
2738 878 2782 899 res
2792 871 2840 900 ista
2853 879 2899 908 ’.ι

2130 913 2197 939 trahi
2204 918 2255 940 tur.
2268 914 2296 940 ln
2309 914 2387 948 hujus
2398 922 2513 950 namque
2523 916 2692 951 episcopatus
2701 915 2822 949 ecclesia.
2831 923 2905 952 quam

1283 962 1425 991 ruperant,
1440 962 1468 984 ut
1483 956 1608 992 burgum,
1621 958 1646 985 in
1663 965 1716 992 quo
1730 960 1922 986 monasterium
1938 964 1990 991 est,
2011 968 2075 987 con-
2093 955 2115 985 Β
2129 958 2223 984 devota
2237 957 2385 993 frequentia
2399 967 2460 995 popt

1730 960 1922 986 monasterium
1938 964 1990 991 est,
2011 968 2075 987 con-
2093 955 2115 985 Β
2129 958 2223 984 devota
2237 957 2385 993 frequentia
2399 960 2557 995 populorum
2569 960 2838 996 repleverat,illoslm
2847 969 2905 990 rua-

1283 1006 1449 1033 cremarent,
1463 1006 1491 1028 et
1515 1006 1622 1033 cuncta,
1638 1009 1698 1037 qua:
1713 1003 1785 1030 circa
1802 1005 1995 1032 monrsterium
2018 1005 2076 1032 fue-

1282 1050 1356 1076 rant,
1373 1045 1477 1080 ignibus
1492 1046 1673 1079 devastarent,
1688 1052 1715 1074 et
1730 1047 1781 1075 nisi
1795 1047 1914 1075 Romana
1930 1049 2077 1076 auctoritas

1282 1091 1456 1118 interveniret
1477 1096 1504 1119 et
1525 1100 1559 1119 ex
1583 1093 1728 1127 apostolica
1759 1095 1823 1121 sede
1846 1096 1994 1122 reverenda
2025 1096 2074 1122 sibi

1281 1143 1396 1171 persona
1418 1142 1600 1169 succurreret,
1628 1138 1770 1166 videbatur
1796 1139 1870 1167 locus
1895 1141 2072 1174 pessumdari.

1282 1182 1352 1215 Quid
1364 1190 1444 1218 super
1458 1182 1509 1210 hoc
1520 1184 1625 1218 negotio
1641 1184 1722 1211 abbas
1738 1184 1839 1213 faceret
1854 1186 2005 1221 ignorabat,
2020 1194 2074 1221 quo

1279 1235 1310 1255 se
1331 1233 1449 1256 verteret
1475 1230 1622 1261 nesciebat,
1648 1230 1725 1264 hujus
1742 1232 1847 1259 itineris
1870 1233 1975 1267 pondus
1995 1233 2072 1259 nobis

1278 1279 1423 1307 suggerere
1438 1274 1623 1301 verecundans
1636 1274 1756 1305 timebat.
1769 1283 1878 1303 causam
1891 1276 1984 1311 perﬁci
1995 1277 2074 1304 aliter

1278 1324 1359 1351 posse
1382 1317 1492 1347 minime
1513 1320 1649 1353 sperabat.
1668 1319 1786 1347 Tandem
1812 1321 1899 1355 erupit
1924 1322 1950 1349 in
1978 1330 2071 1350 vocem

1280 1362 1353 1396 quod
1368 1363 1489 1391 scatebat
1505 1363 1532 1391 in
1548 1370 1647 1396 mente,
1662 1370 1688 1392 et
1702 1373 1754 1400 quo
1770 1366 1813 1393 ille
1833 1366 1955 1394 doluerat
1969 1372 1998 1394 ut
2012 1375 2069 1395 ine-

1276 1408 1416 1435 dicarctur
1434 1408 1533 1436 oravit.
1554 1409 1609 1437 iloc
1624 1410 1681 1445 ipse
1700 1411 1782 1438 abbas
1802 1412 1924 1446 rogabat,
1948 1412 1999 1440 hoc
2015 1417 2070 1440 tota

1278 1454 1453 1489 congregatio
1470 1455 1595 1489 precibus
1611 1455 1758 1491 ﬂagitabat.

1312 1500 1357 1527 15.
1376 1500 1453 1528 'l‘unc
1473 1504 1565 1528 noster
1577 1500 1709 1529 Ostiensis
1723 1502 1865 1537 episcopus
1879 1503 1950 1530 hunc
1962 1503 2011 1530 sibi
2029 1503 2069 1529 la-

1274 1544 1371 1572 borem
1398 1544 1617 1580 superimponere
1644 1546 1783 1581 paululum
1810 1547 1943 1574 haesitavit
1969 1552 1996 1574 et
2026 1548 2069 1575 vix

1274 1595 1356 1624 posse
1377 1588 1507 1624 perlicere
1526 1589 1648 1617 credidit.
1672 1589 1725 1617 Sed
1749 1590 1811 1625 quia
1836 1598 1886 1626 pro
1911 1592 1996 1619 salute
2010 1591 2068 1626 ejus

2129 1007 2262 1030 tumacem
2275 1004 2424 1031 absentiam
2440 1012 2532 1032 coram
2545 1006 2670 1033 omnibus
2684 1006 2780 1042 praui
2791 1006 2909 1035 istaut-

2128 1053 2234 1075 raverat
2249 1049 2365 1083 qualiter
2379 1050 2532 1085 apostolica
2546 1051 2618 1079 sedis
2635 1051 2723 1087 legato
2737 1051 2905 1081 reverentia-

2127 1098 2154 1120 et
2179 1094 2268 1120 abbati
2292 1094 2410 1122 debitam
2437 1095 2617 1123 obedientiam
2645 1096 2812 1125 recusabant.
2834 1094 2904 1126 Tuae

2127 1139 2273 1173 apostolica
2288 1139 2457 1171 auctoritate.
2479 1140 2578 1175 populo
2591 1141 2768 1176 collaudante,
2787 1141 2906 1178 Μ

2126 1188 2155 1211 ut
2169 1184 2220 1211 nisi
2235 1185 2278 1211 illa
2292 1185 2398 1212 hostilis
2411 1185 2521 1213 audacia
2535 1193 2549 1213 a
2564 1187 2720 1214 monasterii
2730 1187 2905 1217 etM

2126 1237 2184 1256 rum
2201 1230 2309 1257 [iesione
2322 1235 2440 1258 cessaret
2449 1251 2456 1262 ,
2471 1231 2743 1260 excommunicationi
2756 1231 2847 1268 procul
2858 1231 2904 1261 tb-

2124 1274 2168 1302 bio
2181 1275 2362 1310 subjaccrent.
2376 1276 2464 1311 Super
2477 1276 2528 1304 hoc
2541 1284 2605 1304 vero
2615 1278 2685 1313 quod
2697 1277 2786 1306 abbati
2800 1277 2903 1308 οδοῦιι

2124 1322 2265 1353 nolebant,
2280 1322 2445 1349 deiinitivam
2470 1322 2574 1350 distulit
2596 1322 2717 1358 prolem
2738 1325 2902 1353 sentum

2123 1366 2174 1393 lsto
2193 1366 2274 1400 igitur
2297 1366 2404 1402 negotio
2425 1366 2514 1394 taliter
2535 1366 2646 1396 deﬁnito
2658 1372 2686 1395 et
2701 1368 2860 1397 monasterio
2875 1368 2902 1396 in

2123 1411 2318 1447 tranquillitate
2340 1411 2395 1446 jam
2421 1413 2526 1447 posito,
2554 1419 2588 1441 ne
2611 1420 2627 1441 a
2650 1413 2747 1442 divina
2768 1413 2902 1443 senin

2120 1456 2208 1484 ot'licio
2221 1463 2284 1491 pars
2299 1457 2383 1485 nostri
2406 1457 2512 1486 itineris
2525 1458 2616 1494 aliqua
2632 1463 2757 1493 vacaret,
2771 1460 2902 1488 redeunt

2122 1502 2244 1528 venimus
2262 1501 2454 1529 Silvaniacum.

2147 1565 2181 1585 uc
2200 1566 2414 1587 consula-rion
2434 1566 2576 1591 remain.
2595 1568 2631 1588 ιτ
2650 1567 2742 1594 sanest
2759 1566 2878 1590 ostia.

2362 1602 2481 1622 ῦουοιι
2499 1602 2671 1624 ωιιυτηο.

1277 1635 1433 1663 monasterii
1448 1642 1567 1668 venerat,
1582 1635 1663 1663 citius
1675 1636 1819 1671 acquievit,
1832 1643 1859 1664 et
1873 1637 1899 1665 in
1914 1638 1970 1665 suis
1984 1646 2063 1666 mem-
2081 1640 2103 1673 ο
2155 1638 2197 1666 l6.
2219 1638 2387 1667 Silvaniacus
2414 1646 2511 1675 nempe
2536 1641 2730 1669 mercationum
2754 1639 2899 1677 [sequenda

1275 1680 1333 1708 bris
1352 1680 1565 1715 circumquaque
1584 1680 1679 1715 positis
1702 1681 1753 1716 ipsi
1777 1682 1901 1709 auxiliari
1924 1683 2066 1718 disposuit.

1274 1725 1329 1754 Sed
1352 1730 1415 1755 ante
1436 1725 1521 1761 ipsius
1544 1726 1719 1760 profectionis
1741 1726 1857 1759 initium,
1880 1729 1986 1756 cunctis
2005 1736 2066 1756 cum

1273 1770 1405 1799 fratribus
1426 1771 1453 1798 in
1467 1771 1583 1806 capitulo
1599 1772 1729 1803 residens.
1745 1777 1856 1807 peracto
1869 1780 2005 1807 sermone,
2025 1779 2065 1801 to-

1273 1821 1318 1844 tus
1337 1815 1365 1844 iu
1384 1821 1455 1844 terra
1475 1817 1667 1851 prosternitur,
1691 1822 1719 1845 et
1739 1822 1768 1845 ut
1789 1818 1840 1846 sibi
1857 1818 2066 1853 auxiliarentur,

1273 1860 1366 1889 multis
1394 1862 1536 1897 requisivit
1566 1863 1701 1897 precibus,
1729 1870 1913 1899 gyrovagum,
1941 1866 2065 1894 sarabai-

1273 1911 1329 1934 tam
1342 1906 1399 1943 (39)
1414 1912 1450 1940 et,
1465 1912 1496 1935 ut
1507 1912 1695 1941 consueverat,
1711 1915 1740 1936 se
1760 1909 1888 1937 miserum
1903 1912 2064 1939 monachum

1272 1951 1439 1979 clamitabat.
1454 1952 1527 1979 inter
1542 1953 1599 1980 lucc
1613 1957 1683 1980 tanta
1700 1953 1748 1988 ipsi
1762 1954 1869 1982 calitus
1883 1955 2063 1991 iacrymarum

1272 1996 1401 2025 tribuitur
1423 1998 1510 2033 copia,
1531 1997 1604 2034 quod
1625 2006 1721 2027 omnes
1738 2007 1753 2026 a
1773 2000 1857 2029 fundo
1870 2001 1962 2029 cordis
1985 2002 2063 2038 longa

1272 2047 1383 2070 traxere
1399 2043 1527 2077 suspiria,
1544 2048 1572 2070 et
1590 2045 1775 2080 unusquisque
1793 2045 1903 2073 sibimet
1919 2047 2065 2082 displicens

1273 2086 1313 2114 sic
1333 2087 1517 2122 proclamabat
1531 2098 1538 2115 :
1559 2088 1581 2117 Ο
1596 2089 1665 2117 boue
1677 2088 1752 2123 Iesu,
1770 2090 1793 2118 si
1813 2097 1894 2119 nomo
1909 2091 1969 2125 iste,
1980 2101 2064 2128 quem

1272 2132 1346 2161 ultra
1365 2133 1489 2162 homines
1502 2135 1648 2169 credimus,
1667 2136 1706 2164 sic
1725 2137 1840 2165 ubertim
1857 2137 2010 2174 lacrymans
2028 2140 2063 2167 ti-

1237 2210 1239 2212 η
1272 2183 1338 2211 sset,
1351 2179 1416 2214 quid
1430 2186 1480 2207 nos
1496 2179 1626 2208 faciemus
1636 2180 1705 2208 aridi
1717 2185 1746 2209 et
1762 2182 1795 2209 ad
1810 2181 1868 2216 ejus
1882 2184 2064 2219 comparatio-

1273 2231 1335 2250 nem
1348 2223 1493 2252 virtutibus
1506 2224 1603 2252 alieni?
1618 2224 1685 2252 Nam
1697 2225 1768 2254 sicut
1778 2227 1874 2260 abbas.
1887 2236 1931 2256 me
1945 2233 2061 2262 astante,

1272 2268 1445 2302 postmodum
1463 2270 1565 2302 retulit,
1580 2269 1694 2298 multum
1717 2270 1776 2299 ista
1798 2271 1924 2308 lacrymae
1937 2275 2062 2303 omnibus

2119 1684 2193 1712 dives
2217 1689 2245 1712 et
2270 1684 2345 1713 locus
2366 1690 2410 1713 est
2432 1685 2644 1720 famosissima,
2666 1691 2819 1717 auctoru-
2837 1693 2900 1717 vus

2118 1730 2276 1765 corporibus
2290 1730 2367 1759 valde
2380 1730 2582 1759 devotissimus.
2595 1730 2734 1766 Quoddatl
2745 1738 2862 1769 namq.
2870 1731 2900 1762 Π

2117 1782 2150 1801 ea
2162 1779 2349 1803 constructum
2370 1780 2412 1803 est
2426 1776 2629 1810 monasterium,
2652 1776 2680 1805 in
2698 1783 2753 1813 quo
2764 1776 2900 1807 Νικι-

2117 1821 2217 1849 Christi
2238 1820 2424 1850 confessorum
2444 1821 2532 1850 laioli
2550 1822 2655 1852 scilicet
2669 1827 2698 1852 et
2711 1822 2900 1853 Otila-Belb

2116 1874 2181 1902 pora
2196 1867 2402 1902 conquiescunt.
2420 1868 2497 1902 Quod
2511 1868 2621 1905 quidem
2633 1867 2828 1900 tum
2842 1867 2899 1905 qi-

2116 1910 2217 1946 scopali
2236 1911 2326 1938 adhuc
2341 1911 2529 1940 benedictione
2544 1912 2656 1942 miniata
2667 1912 2701 1941 ad
2712 1912 2820 1949 plun-
2834 1919 2899 1942 α-

2116 1954 2252 1982 tirniatum
2270 1954 2370 1984 fuerat.
2392 1955 2503 1984 bitat-im
2520 1956 2656 1993 synodalia
2668 1957 2797 1986 tormina
2811 1956 2900 1987 H-

2117 2001 2206 2028 nebat.
2233 1999 2310 2028 Tunc
2335 2000 2428 2028 multis
2453 2001 2698 2040 intervenientibus,
2717 2001 2850 2039 Μ
2871 2006 2900 2031 ι

2117 2046 2306 2074 innumerabili
2338 2047 2497 2082 populorum
2524 2046 2695 2084 frequentia.
2717 2054 2815 2084 nam
2835 2054 2899 2078 η

2116 2091 2290 2119 veneratione
2311 2091 2425 2120 ecclesia
2446 2097 2620 2127 conseia-sta,
2640 2097 2669 2123 at
2690 2093 2760 2122 beati
2778 2091 2899 2123 ω

2115 2142 2229 2170 corpore
2242 2140 2407 2165 commutato
2419 2140 2447 2165 et
2460 2136 2539 2165 altari
2556 2144 2605 2166 suo
2617 2136 2719 2166 nomini
2731 2137 2897 2176 ω*

2114 2181 2311 2210 Cabiliouensis
2321 2182 2450 2211 Ecclesia:
2462 2182 2560 2219 praui
2573 2190 2679 2212 summa
2687 2189 2749 2212 cum
2757 2182 2899 2214 α*

2114 2233 2164 2254 ηοι
2179 2226 2329 2255 bouoriﬂce
2342 2228 2471 2263 suscepit.

2333 2280 2367 2301 ιιι
2385 2280 2559 2303 ωκιιειτι
2576 2280 2685 2303 επακ.

1271 2313 1452 2348 proruerunt,
1477 2314 1642 2342 audientium
1669 2315 1881 2345 melioraverunt
1905 2319 2010 2347 animos
2036 2314 2103 2347 etD
2151 2318 2194 2346 l1.
2215 2318 2321 2347 Interea
2337 2319 2455 2354 synodus
2470 2317 2900 2359 congregant-necati“

1272 2363 1378 2387 mentes
1404 2361 1633 2395 prospectatttium
1657 2361 1848 2391 solidaverunt.
1877 2362 1953 2393 Tunc
1978 2366 2062 2393 ablias

1271 2404 1410 2432 communi
1423 2404 1538 2441 fratrum
1552 2406 1666 2434 consilio
1679 2408 1773 2434 statuit
1787 2414 1818 2435 ut
1830 2409 1928 2438 abhinc
1940 2418 1990 2446 pro
2002 2412 2062 2447 ejus

1271 2458 1364 2479 amore
1376 2458 1485 2486 semper
1502 2459 1571 2479 unus
1586 2460 1688 2488 pauper
1699 2459 1855 2487 pasce-retur
1865 2460 1894 2483 et
1904 2457 2059 2490 vestiretur,

1270 2500 1298 2522 ct
1313 2503 1382 2523 unus
1399 2503 1507 2531 semper
1520 2504 1570 2532 pro
1584 2504 1616 2525 eo
1633 2497 1753 2532 psalmus
1769 2498 1797 2525 in
1813 2502 1949 2528 communi
1966 2508 2060 2529 canta-

1271 2546 1360 2573 retur:
1378 2547 1418 2575 et,
1436 2542 1594 2571 denuntiato
1611 2543 1662 2571 sibi
1676 2543 1734 2578 ejus
1747 2545 1834 2578 obitu,
1847 2553 1954 2581 semper
1966 2547 1993 2574 in
2011 2554 2060 2575 suo

1269 2586 1458 2613 anniversario
1478 2587 1625 2615 solemnem
1649 2588 1675 2615 in
1700 2594 1833 2617 conventu
1854 2590 1966 2618 missam
1990 2592 2060 2620 cele-

1267 2630 1360 2664 brare,
1371 2630 1494 2659 festivam
1508 2638 1650 2667 corporum
1663 2634 1837 2663 refectionem
1852 2635 1982 2666 fratribus
1994 2645 2061 2673 ιιι-τε

1267 2684 1377 2712 parare,
1399 2681 1428 2705 et
1450 2677 1581 2712 quidquid
1605 2686 1620 2705 a
1636 2686 1728 2707 mensa
1746 2682 1917 2715 remanserit,
1940 2689 1989 2717 pro
2002 2682 2061 2717 ejus

1268 2721 1366 2748 animae
1388 2721 1475 2750 salute
1497 2722 1661 2758 pauperibus
1684 2725 1779 2752 statuit
1801 2733 1916 2762 erogare
1928 2727 1997 2764 (40).
2014 2728 2060 2756 Sic

1268 2765 1389 2795 omnium
1410 2766 1523 2795 fratrum
1547 2769 1677 2797 societate
1700 2771 1795 2798 muniti
1818 2776 1845 2800 et
1869 2773 1944 2808 pacis
1964 2774 2059 2802 osculo

1268 2812 1434 2846 confirmati,
1445 2814 1480 2842 ad
1490 2819 1613 2843 sanctum
1623 2815 1780 2845 devenimus
1786 2816 2058 2847 MartialemJuterca

1304 2879 1361 2922 (ea)
1377 2881 1530 2922 spatiatim.
1554 2883 1703 2922 monachus
1725 2891 1810 2922 vagus
1832 2889 1859 2914 et
1884 2884 1971 2915 exlex.
1989 2885 2056 2916 \‘idc

1267 2913 1361 2952 Caitgii
1375 2916 1560 2946 ClossariunsJ

0 3128 180 3257 _
662 3161 1929 3235 ’________

2116 2364 2225 2396 adsunt,
2244 2371 2298 2392 non
2312 2364 2415 2392 modica
2431 2365 2509 2393 turba
2525 2365 2662 2394 hominum

2116 2409 2322 2437 Hatisconensis
2338 2416 2445 2445 quoque
2460 2409 2603 2446 episcopus
2616 2417 2672 2438 non
2682 2409 2898 2439 dubii“..-

2114 2458 2174 2490 gnis
2188 2455 2324 2488 occurrit;
2344 2455 2371 2482 in
2391 2462 2441 2483 sua
2459 2462 2575 2491 namque
2593 2454 2733 2491 prudentia
2751 2453 2805 2491 (α
2820 2454 2898 2484 ὼ

2113 2500 2212 2527 litteris
2226 2505 2253 2528 et
2267 2507 2392 2529 sermone
2407 2499 2513 2536 potens)
2527 2495 2741 2536 «quorumdam
2754 2498 2898 2537 "O-

2114 2552 2173 2572 nim
2186 2545 2264 2580 quasi
2281 2545 2482 2581 conspiratione
2495 2545 2624 2579 conisus,
2641 2543 2814 2580 “ne”
2823 2542 2898 2573 ‘-

2113 2590 2227 2618 cabilom
2239 2591 2450 2619 transactionem
2466 2596 2607 2626 respuens.
2618 2589 2652 2620 ad
2665 2588 2899 2629 qustu“

2112 2635 2213 2664 dictum
2229 2635 2307 2670 quasi
2322 2635 2536 2671 triumphatum
2547 2633 2669 2664 fervidus
2677 2632 2900 2665 »ιιι-κιαι-

2112 2679 2156 2708 rit.
2179 2679 2252 2708 Pene
2270 2680 2343 2708 enim
2362 2686 2458 2709 omnes
2475 2679 2605 2716 episcopi,
2623 2679 2670 2716 qui
2688 2684 2754 2709 tuae
2768 2677 2896 2712 *α

2112 2731 2210 2763 prmter
2224 2726 2457 2763 archiepiscopum
2467 2726 2643 2765 Bysuatlnum
2651 2724 2897 2757 md-

2110 2770 2175 2800 licet
2188 2776 2217 2799 et
2229 2771 2480 2807 etoquentiasiutum
2495 2772 2599 2807 virum,
2616 2770 2897 2810 Wala-

2112 2818 2196 2846 sterio
2214 2818 2370 2847 invidebant
2390 2819 2502 2856 ejusque
2521 2825 2644 2853 qua.
2665 2818 2897 2856 μ*

2107 2922 2126 2951 ²
2136 2887 2276 2952 ἑίιῖῗῐιεπι
2283 2888 2353 2918 banc
2364 2877 2895 2927 Μυκη-θην.

2617 3083 2627 3108 ,ι
2658 3090 2678 3127 ὲ
2699 3075 2786 3118 is;
2805 3086 2816 3093 .

2636 3134 2657 3148 ι.

2624 3156 2650 3196 ῖί
