  <div class='ocr_page' id='page_1' title='image "/cluster/home/n/w/nwhite01/storage/ocr_20150623/144-145/uc1.31175001639262/978.png"; bbox 0 0 5962 6488; ppageno 0'>
   <div class='ocr_carea' id='block_1_1' title="bbox 1006 469 1112 524">
    <p class='ocr_par' dir='ltr' id='par_1_1' title="bbox 1006 469 1112 524">
     <span class='ocr_line' id='line_1_1' title="bbox 1006 469 1112 524; baseline -0.038 1"><span class='ocrx_word' id='word_1_1' title='bbox 1006 469 1112 524; x_wconf 72' lang='grc' dir='ltr'><strong>8ἷῖ</strong></span> 
     </span>
    </p>
   </div>
   <div class='ocr_carea' id='block_1_2' title="bbox 2041 445 3287 510">
    <p class='ocr_par' dir='ltr' id='par_1_2' title="bbox 2041 445 3287 510">
     <span class='ocr_line' id='line_1_2' title="bbox 2041 445 3287 510; baseline -0.007 0"><span class='ocrx_word' id='word_1_2' title='bbox 2041 455 2100 510; x_wconf 86' lang='lat' dir='ltr'><strong>S.</strong></span> <span class='ocrx_word' id='word_1_3' title='bbox 2140 451 2346 510; x_wconf 74' lang='lat' dir='ltr'><strong>PETRI</strong></span> <span class='ocrx_word' id='word_1_4' title='bbox 2385 448 2670 507; x_wconf 65' lang='lat' dir='ltr'><strong>DAMIANI</strong></span> <span class='ocrx_word' id='word_1_5' title='bbox 2709 447 2870 506; x_wconf 81' lang='lat' dir='ltr'><strong>ITER</strong></span> <span class='ocrx_word' id='word_1_6' title='bbox 2911 445 3287 505; x_wconf 65' lang='lat' dir='ltr'><strong>GALLICUM.</strong></span> 
     </span>
    </p>
   </div>
   <div class='ocr_carea' id='block_1_3' title="bbox 4193 445 4300 502">
    <p class='ocr_par' dir='ltr' id='par_1_3' title="bbox 4193 445 4300 502">
     <span class='ocr_line' id='line_1_3' title="bbox 4193 445 4300 502; baseline -0.019 0"><span class='ocrx_word' id='word_1_7' title='bbox 4193 445 4300 502; x_wconf 79' lang='lat'><strong>878</strong></span> 
     </span>
    </p>
   </div>
   <div class='ocr_carea' id='block_1_4' title="bbox 999 559 4304 655">
    <p class='ocr_par' dir='ltr' id='par_1_4' title="bbox 999 559 4304 655">
     <span class='ocr_line' id='line_1_4' title="bbox 999 559 4304 655; baseline -0.006 -17"><span class='ocrx_word' id='word_1_8' title='bbox 999 589 1277 655; x_wconf 79' lang='lat' dir='ltr'><strong>poterant,</strong></span> <span class='ocrx_word' id='word_1_9' title='bbox 1315 574 1728 641; x_wconf 77' lang='lat' dir='ltr'><strong>conculcabant,</strong></span> <span class='ocrx_word' id='word_1_10' title='bbox 1772 583 1828 631; x_wconf 91' lang='lat' dir='ltr'><strong>et</strong></span> <span class='ocrx_word' id='word_1_11' title='bbox 1870 581 1929 629; x_wconf 88' lang='lat' dir='ltr'><strong>ut</strong></span> <span class='ocrx_word' id='word_1_12' title='bbox 1966 570 2126 638; x_wconf 85' lang='lat' dir='ltr'><strong>hujus</strong></span> <span class='ocrx_word' id='word_1_13' title='bbox 2175 569 2375 642; x_wconf 89' lang='lat' dir='ltr'><strong>negotii</strong></span> <span class='ocrx_word' id='word_1_14' title='bbox 2427 566 2598 638; x_wconf 84' lang='lat' dir='ltr'><strong>magis</strong></span> <span class='ocrx_word' id='word_1_15' title='bbox 2627 573 2673 632; x_wconf 72' lang='grc' dir='ltr'>Α</span> <span class='ocrx_word' id='word_1_16' title='bbox 2705 564 3102 655; x_wconf 87' lang='lat' dir='ltr'><strong>parvipendens</strong></span> <span class='ocrx_word' id='word_1_17' title='bbox 3151 563 3282 618; x_wconf 91' lang='lat' dir='ltr'><strong>illud</strong></span> <span class='ocrx_word' id='word_1_18' title='bbox 3326 559 3616 655; x_wconf 71' lang='lat' dir='ltr'><strong>subjugarc</strong></span> <span class='ocrx_word' id='word_1_19' title='bbox 3659 578 3878 633; x_wconf 67' lang='lat' dir='ltr'><strong>sumque</strong></span> <span class='ocrx_word' id='word_1_20' title='bbox 3931 563 4119 619; x_wconf 85' lang='lat' dir='ltr'><strong>ditioni</strong></span> <span class='ocrx_word' id='word_1_21' title='bbox 4168 565 4304 620; x_wconf 82' lang='lat' dir='ltr'><strong>sub-</strong></span> 
     </span>
    </p>
   </div>
   <div class='ocr_carea' id='block_1_5' title="bbox 1001 663 2599 739">
    <p class='ocr_par' dir='ltr' id='par_1_5' title="bbox 1001 663 2599 739">
     <span class='ocr_line' id='line_1_5' title="bbox 1001 663 2599 739; baseline -0.012 -9"><span class='ocrx_word' id='word_1_22' title='bbox 1001 672 1362 730; x_wconf 85' lang='lat' dir='ltr'><strong>infortuniutn</strong></span> <span class='ocrx_word' id='word_1_23' title='bbox 1392 685 1553 739; x_wconf 89' lang='lat' dir='ltr'><strong>quam</strong></span> <span class='ocrx_word' id='word_1_24' title='bbox 1582 665 1914 736; x_wconf 77' lang='lat' dir='ltr'><strong>triumphum</strong></span> <span class='ocrx_word' id='word_1_25' title='bbox 1943 665 2110 719; x_wconf 83' lang='lat' dir='ltr'><strong>abbas</strong></span> <span class='ocrx_word' id='word_1_26' title='bbox 2144 663 2469 724; x_wconf 79' lang='lat' dir='ltr'><strong>incurreret,</strong></span> <span class='ocrx_word' id='word_1_27' title='bbox 2503 673 2599 712; x_wconf 81' lang='lat' dir='ltr'><strong>oc-</strong></span> 
     </span>
    </p>
   </div>
   <div class='ocr_carea' id='block_1_6' title="bbox 999 752 2602 822">
    <p class='ocr_par' dir='ltr' id='par_1_6' title="bbox 999 752 2602 822">
     <span class='ocr_line' id='line_1_6' title="bbox 999 752 2602 822; baseline -0.009 -2"><span class='ocrx_word' id='word_1_28' title='bbox 999 764 1169 821; x_wconf 82' lang='lat' dir='ltr'><strong>cultis</strong></span> <span class='ocrx_word' id='word_1_29' title='bbox 1186 760 1679 817; x_wconf 78' lang='lat' dir='ltr'><strong>machinationibus</strong></span> <span class='ocrx_word' id='word_1_30' title='bbox 1699 758 2054 813; x_wconf 86' lang='lat' dir='ltr'><strong>fabricabant.</strong></span> <span class='ocrx_word' id='word_1_31' title='bbox 2073 755 2207 810; x_wconf 85' lang='lat' dir='ltr'><strong>Nam</strong></span> <span class='ocrx_word' id='word_1_32' title='bbox 2231 752 2602 822; x_wconf 86' lang='lat' dir='ltr'><strong>unusquisque</strong></span> 
     </span>
    </p>
   </div>
   <div class='ocr_carea' id='block_1_7' title="bbox 996 841 2600 921">
    <p class='ocr_par' dir='ltr' id='par_1_7' title="bbox 996 841 2600 921">
     <span class='ocr_line' id='line_1_7' title="bbox 996 841 2600 921; baseline -0.01 -9"><span class='ocrx_word' id='word_1_33' title='bbox 996 870 1228 912; x_wconf 79' lang='lat' dir='ltr'><strong>causam</strong></span> <span class='ocrx_word' id='word_1_34' title='bbox 1253 868 1409 908; x_wconf 88' lang='lat' dir='ltr'><strong>suam</strong></span> <span class='ocrx_word' id='word_1_35' title='bbox 1438 852 1491 906; x_wconf 92' lang='lat' dir='ltr'><strong>iu</strong></span> <span class='ocrx_word' id='word_1_36' title='bbox 1515 852 1722 921; x_wconf 80' lang='lat' dir='ltr'><strong>judicio</strong></span> <span class='ocrx_word' id='word_1_37' title='bbox 1742 849 1828 920; x_wconf 88' lang='lat' dir='ltr'><strong>agi</strong></span> <span class='ocrx_word' id='word_1_38' title='bbox 1852 848 2126 909; x_wconf 88' lang='lat' dir='ltr'><strong>credebat.</strong></span> <span class='ocrx_word' id='word_1_39' title='bbox 2149 863 2272 902; x_wconf 90' lang='lat' dir='ltr'><strong>cum</strong></span> <span class='ocrx_word' id='word_1_40' title='bbox 2296 841 2600 914; x_wconf 89' lang='lat' dir='ltr'><strong>coepiscopi</strong></span> 
     </span>
    </p>
   </div>
   <div class='ocr_carea' id='block_1_8' title="bbox 997 933 2600 1016">
    <p class='ocr_par' dir='ltr' id='par_1_8' title="bbox 997 933 2600 1016">
     <span class='ocr_line' id='line_1_8' title="bbox 997 933 2600 1016; baseline -0.009 -17"><span class='ocrx_word' id='word_1_41' title='bbox 997 944 1284 1016; x_wconf 83' lang='lat' dir='ltr'><strong>negotium</strong></span> <span class='ocrx_word' id='word_1_42' title='bbox 1306 942 1549 996; x_wconf 82' lang='lat' dir='ltr'><strong>Romana</strong></span> <span class='ocrx_word' id='word_1_43' title='bbox 1571 939 1840 995; x_wconf 90' lang='lat' dir='ltr'><strong>discussio</strong></span> <span class='ocrx_word' id='word_1_44' title='bbox 1861 938 2176 1000; x_wconf 87' lang='lat' dir='ltr'><strong>ventilabat,</strong></span> <span class='ocrx_word' id='word_1_45' title='bbox 2202 937 2326 1012; x_wconf 88' lang='lat' dir='ltr'><strong>quia</strong></span> <span class='ocrx_word' id='word_1_46' title='bbox 2350 935 2394 988; x_wconf 91' lang='lat' dir='ltr'><strong>si</strong></span> <span class='ocrx_word' id='word_1_47' title='bbox 2417 933 2600 988; x_wconf 87' lang='lat' dir='ltr'><strong>abbati</strong></span> 
     </span>
    </p>
   </div>
   <div class='ocr_carea' id='block_1_9' title="bbox 1002 1028 2600 1106">
    <p class='ocr_par' dir='ltr' id='par_1_9' title="bbox 1002 1028 2600 1106">
     <span class='ocr_line' id='line_1_9' title="bbox 1002 1028 2600 1106; baseline -0.009 -14"><span class='ocrx_word' id='word_1_48' title='bbox 1002 1035 1171 1106; x_wconf 89' lang='lat' dir='ltr'><strong>hujus</strong></span> <span class='ocrx_word' id='word_1_49' title='bbox 1206 1035 1284 1089; x_wconf 87' lang='lat' dir='ltr'><strong>rei</strong></span> <span class='ocrx_word' id='word_1_50' title='bbox 1312 1033 1542 1089; x_wconf 76' lang='lat' dir='ltr'><strong>victoria</strong></span> <span class='ocrx_word' id='word_1_51' title='bbox 1583 1030 1928 1102; x_wconf 75' lang='lat' dir='ltr'><strong>proveniret,</strong></span> <span class='ocrx_word' id='word_1_52' title='bbox 1972 1030 2200 1100; x_wconf 84' lang='lat' dir='ltr'><strong>quilibet</strong></span> <span class='ocrx_word' id='word_1_53' title='bbox 2227 1028 2600 1097; x_wconf 82' lang='lat' dir='ltr'><strong>episcOporum</strong></span> 
     </span>
    </p>
   </div>
   <div class='ocr_carea' id='block_1_10' title="bbox 1001 1117 2602 1198">
    <p class='ocr_par' dir='ltr' id='par_1_10' title="bbox 1001 1117 2602 1198">
     <span class='ocr_line' id='line_1_10' title="bbox 1001 1117 2602 1198; baseline -0.011 -16"><span class='ocrx_word' id='word_1_54' title='bbox 1001 1127 1088 1182; x_wconf 86' lang='lat' dir='ltr'><strong>illi</strong></span> <span class='ocrx_word' id='word_1_55' title='bbox 1117 1123 1349 1198; x_wconf 85' lang='lat' dir='ltr'><strong>amplius</strong></span> <span class='ocrx_word' id='word_1_56' title='bbox 1377 1123 1633 1178; x_wconf 86' lang='lat' dir='ltr'><strong>resistere</strong></span> <span class='ocrx_word' id='word_1_57' title='bbox 1660 1135 1766 1175; x_wconf 91' lang='lat' dir='ltr'><strong>non</strong></span> <span class='ocrx_word' id='word_1_58' title='bbox 1799 1121 2040 1175; x_wconf 86' lang='lat' dir='ltr'><strong>auderet.</strong></span> <span class='ocrx_word' id='word_1_59' title='bbox 2080 1117 2253 1185; x_wconf 78' lang='lat' dir='ltr'><strong>Hujus</strong></span> <span class='ocrx_word' id='word_1_60' title='bbox 2284 1117 2448 1186; x_wconf 84' lang='lat' dir='ltr'><strong>igitur</strong></span> <span class='ocrx_word' id='word_1_61' title='bbox 2475 1130 2602 1170; x_wconf 84' lang='lat' dir='ltr'><strong>cau-</strong></span> 
     </span>
    </p>
   </div>
   <div class='ocr_carea' id='block_1_11' title="bbox 1002 1208 2607 1285">
    <p class='ocr_par' dir='ltr' id='par_1_11' title="bbox 1002 1208 2607 1285">
     <span class='ocr_line' id='line_1_11' title="bbox 1002 1208 2607 1285; baseline -0.011 -8"><span class='ocrx_word' id='word_1_62' title='bbox 1002 1219 1132 1277; x_wconf 62' lang='lat' dir='ltr'><strong>telae</strong></span> <span class='ocrx_word' id='word_1_63' title='bbox 1157 1219 1334 1274; x_wconf 89' lang='lat' dir='ltr'><strong>studio</strong></span> <span class='ocrx_word' id='word_1_64' title='bbox 1356 1215 1668 1285; x_wconf 84' lang='lat' dir='ltr'><strong>constipati,</strong></span> <span class='ocrx_word' id='word_1_65' title='bbox 1701 1213 1848 1267; x_wconf 90' lang='lat' dir='ltr'><strong>illum</strong></span> <span class='ocrx_word' id='word_1_66' title='bbox 1875 1210 2200 1282; x_wconf 91' lang='lat' dir='ltr'><strong>adjuvaturi,</strong></span> <span class='ocrx_word' id='word_1_67' title='bbox 2233 1218 2290 1262; x_wconf 92' lang='lat' dir='ltr'><strong>ut</strong></span> <span class='ocrx_word' id='word_1_68' title='bbox 2317 1208 2607 1262; x_wconf 89' lang='lat' dir='ltr'><strong>obsisteret</strong></span> 
     </span>
    </p>
   </div>
   <div class='ocr_carea' id='block_1_12' title="bbox 1003 1300 2602 1371">
    <p class='ocr_par' dir='ltr' id='par_1_12' title="bbox 1003 1300 2602 1371">
     <span class='ocr_line' id='line_1_12' title="bbox 1003 1300 2602 1371; baseline -0.008 -5"><span class='ocrx_word' id='word_1_69' title='bbox 1003 1311 1330 1366; x_wconf 79' lang='lat' dir='ltr'><strong>incitabant.</strong></span> <span class='ocrx_word' id='word_1_70' title='bbox 1369 1308 1475 1362; x_wconf 85' lang='lat' dir='ltr'><strong>Sed</strong></span> <span class='ocrx_word' id='word_1_71' title='bbox 1513 1316 1699 1362; x_wconf 91' lang='lat' dir='ltr'><strong>noster</strong></span> <span class='ocrx_word' id='word_1_72' title='bbox 1728 1306 2003 1360; x_wconf 77' lang='lat' dir='ltr'><strong>Romanus</strong></span> <span class='ocrx_word' id='word_1_73' title='bbox 2038 1303 2381 1371; x_wconf 74' lang='lat' dir='ltr'><strong>belligerator</strong></span> <span class='ocrx_word' id='word_1_74' title='bbox 2409 1300 2602 1354; x_wconf 84' lang='lat' dir='ltr'><strong>borum</strong></span> 
     </span>
    </p>
   </div>
   <div class='ocr_carea' id='block_1_13' title="bbox 1003 1392 2605 1467">
    <p class='ocr_par' dir='ltr' id='par_1_13' title="bbox 1003 1392 2605 1467">
     <span class='ocr_line' id='line_1_13' title="bbox 1003 1392 2605 1467; baseline -0.006 -11"><span class='ocrx_word' id='word_1_75' title='bbox 1003 1400 1415 1456; x_wconf 82' lang='lat' dir='ltr'><strong>machinatione</strong></span> <span class='ocrx_word' id='word_1_76' title='bbox 1455 1407 1509 1453; x_wconf 90' lang='lat' dir='ltr'><strong>et</strong></span> <span class='ocrx_word' id='word_1_77' title='bbox 1539 1414 1644 1452; x_wconf 93' lang='lat' dir='ltr'><strong>non</strong></span> <span class='ocrx_word' id='word_1_78' title='bbox 1690 1398 1843 1466; x_wconf 90' lang='lat' dir='ltr'><strong>parvi</strong></span> <span class='ocrx_word' id='word_1_79' title='bbox 1890 1394 2168 1467; x_wconf 87' lang='lat' dir='ltr'><strong>pendenda</strong></span> <span class='ocrx_word' id='word_1_80' title='bbox 2200 1392 2605 1462; x_wconf 87' lang='lat' dir='ltr'><strong>conspiratione</strong></span> 
     </span>
    </p>
   </div>
   <div class='ocr_carea' id='block_1_14' title="bbox 909 1481 2607 1562">
    <p class='ocr_par' dir='ltr' id='par_1_14' title="bbox 909 1481 2607 1562">
     <span class='ocr_line' id='line_1_14' title="bbox 909 1481 2607 1562; baseline -0.006 -17"><span class='ocrx_word' id='word_1_81' title='bbox 909 1517 911 1520; x_wconf 31' lang='grc'><em>⁴</em></span> <span class='ocrx_word' id='word_1_82' title='bbox 1002 1491 1335 1562; x_wconf 67' lang='lat' dir='ltr'><strong>pmdoctus,</strong></span> <span class='ocrx_word' id='word_1_83' title='bbox 1387 1487 1468 1542; x_wconf 88' lang='lat' dir='ltr'><strong>sic</strong></span> <span class='ocrx_word' id='word_1_84' title='bbox 1514 1487 1857 1557; x_wconf 87' lang='lat' dir='ltr'><strong>postmodum</strong></span> <span class='ocrx_word' id='word_1_85' title='bbox 1902 1485 2059 1554; x_wconf 88' lang='lat' dir='ltr'><strong>lmjus</strong></span> <span class='ocrx_word' id='word_1_86' title='bbox 2107 1498 2287 1538; x_wconf 66' lang='lat' dir='ltr'><strong>causa:</strong></span> <span class='ocrx_word' id='word_1_87' title='bbox 2331 1481 2607 1552; x_wconf 89' lang='lat' dir='ltr'><strong>peroravit</strong></span> 
     </span>
    </p>
   </div>
   <div class='ocr_carea' id='block_1_15' title="bbox 1001 1571 2604 1650">
    <p class='ocr_par' dir='ltr' id='par_1_15' title="bbox 1001 1571 2604 1650">
     <span class='ocr_line' id='line_1_15' title="bbox 1001 1571 2604 1650; baseline -0.007 -15"><span class='ocrx_word' id='word_1_88' title='bbox 1001 1579 1311 1650; x_wconf 87' lang='lat' dir='ltr'><strong>negotium,</strong></span> <span class='ocrx_word' id='word_1_89' title='bbox 1338 1585 1398 1631; x_wconf 92' lang='lat' dir='ltr'><strong>ut</strong></span> <span class='ocrx_word' id='word_1_90' title='bbox 1418 1590 1554 1647; x_wconf 89' lang='lat' dir='ltr'><strong>quos</strong></span> <span class='ocrx_word' id='word_1_91' title='bbox 1575 1573 1915 1630; x_wconf 89' lang='lat' dir='ltr'><strong>illeoccultos</strong></span> <span class='ocrx_word' id='word_1_92' title='bbox 1935 1573 2048 1640; x_wconf 90' lang='lat' dir='ltr'><strong>jatn</strong></span> <span class='ocrx_word' id='word_1_93' title='bbox 2071 1575 2287 1628; x_wconf 87' lang='lat' dir='ltr'><strong>tenebat</strong></span> <span class='ocrx_word' id='word_1_94' title='bbox 2307 1571 2604 1635; x_wconf 91' lang='lat' dir='ltr'><strong>adiutores,</strong></span> 
     </span>
    </p>
   </div>
   <div class='ocr_carea' id='block_1_16' title="bbox 1001 1661 2608 1739">
    <p class='ocr_par' dir='ltr' id='par_1_16' title="bbox 1001 1661 2608 1739">
     <span class='ocr_line' id='line_1_16' title="bbox 1001 1661 2608 1739; baseline -0.005 -16"><span class='ocrx_word' id='word_1_95' title='bbox 1001 1677 1231 1739; x_wconf 87' lang='lat' dir='ltr'><strong>apertos</strong></span> <span class='ocrx_word' id='word_1_96' title='bbox 1276 1667 1618 1737; x_wconf 87' lang='lat' dir='ltr'><strong>postmodum</strong></span> <span class='ocrx_word' id='word_1_97' title='bbox 1662 1680 1772 1720; x_wconf 72' lang='lat' dir='ltr'><strong>sua:</strong></span> <span class='ocrx_word' id='word_1_98' title='bbox 1816 1679 1992 1718; x_wconf 77' lang='lat' dir='ltr'><strong>causa:</strong></span> <span class='ocrx_word' id='word_1_99' title='bbox 2041 1663 2292 1718; x_wconf 90' lang='lat' dir='ltr'><strong>habuerit</strong></span> <span class='ocrx_word' id='word_1_100' title='bbox 2333 1661 2608 1718; x_wconf 87' lang='lat' dir='ltr'><strong>contradi-</strong></span> 
     </span>
    </p>
   </div>
   <div class='ocr_carea' id='block_1_17' title="bbox 1002 1754 2608 1818">
    <p class='ocr_par' dir='ltr' id='par_1_17' title="bbox 1002 1754 2608 1818">
     <span class='ocr_line' id='line_1_17' title="bbox 1002 1754 2608 1818; baseline -0.005 -1"><span class='ocrx_word' id='word_1_101' title='bbox 1002 1772 1215 1818; x_wconf 91' lang='lat' dir='ltr'><strong>ctores.</strong></span> <span class='ocrx_word' id='word_1_102' title='bbox 1241 1759 1376 1814; x_wconf 85' lang='lat' dir='ltr'><strong>Nam</strong></span> <span class='ocrx_word' id='word_1_103' title='bbox 1401 1760 1454 1814; x_wconf 91' lang='lat' dir='ltr'><strong>in</strong></span> <span class='ocrx_word' id='word_1_104' title='bbox 1475 1757 1836 1813; x_wconf 88' lang='lat' dir='ltr'><strong>Cabillonensi</strong></span> <span class='ocrx_word' id='word_1_105' title='bbox 1863 1756 2092 1813; x_wconf 85' lang='lat' dir='ltr'><strong>ecclesia</strong></span> <span class='ocrx_word' id='word_1_106' title='bbox 2117 1766 2313 1810; x_wconf 91' lang='lat' dir='ltr'><strong>cuncto</strong></span> <span class='ocrx_word' id='word_1_107' title='bbox 2336 1754 2608 1810; x_wconf 83' lang='lat' dir='ltr'><strong>residente</strong></span> 
     </span>
    </p>
   </div>
   <div class='ocr_carea' id='block_1_18' title="bbox 1003 1844 2608 1920">
    <p class='ocr_par' dir='ltr' id='par_1_18' title="bbox 1003 1844 2608 1920">
     <span class='ocr_line' id='line_1_18' title="bbox 1003 1844 2608 1920; baseline -0.006 -14"><span class='ocrx_word' id='word_1_108' title='bbox 1003 1850 1268 1913; x_wconf 91' lang='lat' dir='ltr'><strong>concilio,</strong></span> <span class='ocrx_word' id='word_1_109' title='bbox 1306 1858 1614 1920; x_wconf 85' lang='lat' dir='ltr'><strong>postquam,</strong></span> <span class='ocrx_word' id='word_1_110' title='bbox 1656 1855 1715 1900; x_wconf 93' lang='lat' dir='ltr'><strong>ut</strong></span> <span class='ocrx_word' id='word_1_111' title='bbox 1756 1847 2014 1902; x_wconf 66' lang='lat' dir='ltr'><strong>Romanae</strong></span> <span class='ocrx_word' id='word_1_112' title='bbox 2048 1845 2238 1917; x_wconf 87' lang='lat' dir='ltr'><strong>synodi</strong></span> <span class='ocrx_word' id='word_1_113' title='bbox 2271 1844 2608 1901; x_wconf 88' lang='lat' dir='ltr'><strong>consuetudo</strong></span> 
     </span>
    </p>
   </div>
   <div class='ocr_carea' id='block_1_19' title="bbox 2708 653 4302 723">
    <p class='ocr_par' dir='ltr' id='par_1_19' title="bbox 2708 653 4302 723">
     <span class='ocr_line' id='line_1_19' title="bbox 2708 653 4302 723; baseline 0.001 -15"><span class='ocrx_word' id='word_1_114' title='bbox 2708 655 2920 708; x_wconf 90' lang='lat' dir='ltr'><strong>mittere</strong></span> <span class='ocrx_word' id='word_1_115' title='bbox 2946 654 3099 723; x_wconf 86' lang='lat' dir='ltr'><strong>quasi</strong></span> <span class='ocrx_word' id='word_1_116' title='bbox 3132 654 3453 708; x_wconf 88' lang='lat' dir='ltr'><strong>temerarius</strong></span> <span class='ocrx_word' id='word_1_117' title='bbox 3493 653 3673 709; x_wconf 92' lang='lat' dir='ltr'><strong>studet</strong></span> <span class='ocrx_word' id='word_1_118' title='bbox 3719 657 3949 710; x_wconf 89' lang='lat' dir='ltr'><strong>invasor.</strong></span> <span class='ocrx_word' id='word_1_119' title='bbox 3994 655 4145 710; x_wconf 84' lang='lat' dir='ltr'><strong>Tunc</strong></span> <span class='ocrx_word' id='word_1_120' title='bbox 4176 655 4265 710; x_wconf 89' lang='lat' dir='ltr'><strong>ille</strong></span> <span class='ocrx_word' id='word_1_121' title='bbox 4286 695 4302 720; x_wconf 89' lang='lat'><strong>,</strong></span> 
     </span>
    </p>
   </div>
   <div class='ocr_carea' id='block_1_20' title="bbox 2705 743 4306 816">
    <p class='ocr_par' dir='ltr' id='par_1_20' title="bbox 2705 743 4306 816">
     <span class='ocr_line' id='line_1_20' title="bbox 2705 743 4306 816; baseline 0.001 -18"><span class='ocrx_word' id='word_1_122' title='bbox 2705 743 2962 816; x_wconf 76' lang='lat' dir='ltr'><strong>quiajam</strong></span> <span class='ocrx_word' id='word_1_123' title='bbox 2993 759 3106 799; x_wconf 78' lang='lat' dir='ltr'><strong>sua:</strong></span> <span class='ocrx_word' id='word_1_124' title='bbox 3142 743 3400 814; x_wconf 77' lang='lat' dir='ltr'><strong>nequitia:</strong></span> <span class='ocrx_word' id='word_1_125' title='bbox 3425 754 3587 814; x_wconf 91' lang='lat' dir='ltr'><strong>caput</strong></span> <span class='ocrx_word' id='word_1_126' title='bbox 3623 747 3867 799; x_wconf 85' lang='lat' dir='ltr'><strong>attritum</strong></span> <span class='ocrx_word' id='word_1_127' title='bbox 3896 753 3950 800; x_wconf 89' lang='lat' dir='ltr'><strong>et</strong></span> <span class='ocrx_word' id='word_1_128' title='bbox 3987 745 4185 800; x_wconf 86' lang='lat' dir='ltr'><strong>mentis</strong></span> <span class='ocrx_word' id='word_1_129' title='bbox 4232 746 4306 800; x_wconf 84' lang='lat' dir='ltr'><strong>ri-</strong></span> 
     </span>
    </p>
   </div>
   <div class='ocr_carea' id='block_1_21' title="bbox 2705 835 4304 908">
    <p class='ocr_par' dir='ltr' id='par_1_21' title="bbox 2705 835 4304 908">
     <span class='ocr_line' id='line_1_21' title="bbox 2705 835 4304 908; baseline -0.001 -18"><span class='ocrx_word' id='word_1_130' title='bbox 2705 851 2887 908; x_wconf 86' lang='lat' dir='ltr'><strong>gorem</strong></span> <span class='ocrx_word' id='word_1_131' title='bbox 2911 835 3024 904; x_wconf 87' lang='lat' dir='ltr'><strong>jam</strong></span> <span class='ocrx_word' id='word_1_132' title='bbox 3046 850 3184 904; x_wconf 89' lang='lat' dir='ltr'><strong>pene</strong></span> <span class='ocrx_word' id='word_1_133' title='bbox 3202 836 3716 898; x_wconf 84' lang='lat' dir='ltr'><strong>sensitemortuutn,</strong></span> <span class='ocrx_word' id='word_1_134' title='bbox 3749 852 3932 891; x_wconf 89' lang='lat' dir='ltr'><strong>coram</strong></span> <span class='ocrx_word' id='word_1_135' title='bbox 3954 845 4150 892; x_wconf 82' lang='lat' dir='ltr'><strong>cuncto</strong></span> <span class='ocrx_word' id='word_1_136' title='bbox 4175 851 4304 889; x_wconf 82' lang='lat' dir='ltr'><strong>con-</strong></span> 
     </span>
    </p>
   </div>
   <div class='ocr_carea' id='block_1_22' title="bbox 2707 927 4306 997">
    <p class='ocr_par' dir='ltr' id='par_1_22' title="bbox 2707 927 4306 997">
     <span class='ocr_line' id='line_1_22' title="bbox 2707 927 4306 997; baseline -0.002 -14"><span class='ocrx_word' id='word_1_137' title='bbox 2707 927 2833 983; x_wconf 90' lang='lat' dir='ltr'><strong>cilio</strong></span> <span class='ocrx_word' id='word_1_138' title='bbox 2858 941 3079 982; x_wconf 86' lang='lat' dir='ltr'><strong>causam</strong></span> <span class='ocrx_word' id='word_1_139' title='bbox 3126 935 3448 982; x_wconf 78' lang='lat' dir='ltr'><strong>narraturus</strong></span> <span class='ocrx_word' id='word_1_140' title='bbox 3493 928 3752 997; x_wconf 85' lang='lat' dir='ltr'><strong>assurgit.</strong></span> <span class='ocrx_word' id='word_1_141' title='bbox 3786 927 3909 982; x_wconf 76' lang='lat' dir='ltr'><strong>Mox</strong></span> <span class='ocrx_word' id='word_1_142' title='bbox 3957 943 4024 982; x_wconf 80' lang='lat' dir='ltr'><strong>ex</strong></span> <span class='ocrx_word' id='word_1_143' title='bbox 4075 937 4306 996; x_wconf 85' lang='lat' dir='ltr'><strong>utraque</strong></span> 
     </span>
    </p>
   </div>
   <div class='ocr_carea' id='block_1_23' title="bbox 2707 1017 4308 1089">
    <p class='ocr_par' dir='ltr' id='par_1_23' title="bbox 2707 1017 4308 1089">
     <span class='ocr_line' id='line_1_23' title="bbox 2707 1017 4308 1089; baseline -0.001 -16"><span class='ocrx_word' id='word_1_144' title='bbox 2707 1027 2861 1088; x_wconf 89' lang='lat' dir='ltr'><strong>parte</strong></span> <span class='ocrx_word' id='word_1_145' title='bbox 2887 1033 3050 1074; x_wconf 84' lang='lat' dir='ltr'><strong>causa</strong></span> <span class='ocrx_word' id='word_1_146' title='bbox 3081 1019 3392 1088; x_wconf 78' lang='lat' dir='ltr'><strong>exponitur,</strong></span> <span class='ocrx_word' id='word_1_147' title='bbox 3440 1028 3495 1072; x_wconf 88' lang='lat' dir='ltr'><strong>et</strong></span> <span class='ocrx_word' id='word_1_148' title='bbox 3524 1019 3810 1089; x_wconf 89' lang='lat' dir='ltr'><strong>utriusque</strong></span> <span class='ocrx_word' id='word_1_149' title='bbox 3854 1019 4024 1089; x_wconf 90' lang='lat' dir='ltr'><strong>partis</strong></span> <span class='ocrx_word' id='word_1_150' title='bbox 4053 1017 4308 1086; x_wconf 68' lang='lat' dir='ltr'><strong>alfegatio</strong></span> 
     </span>
    </p>
   </div>
   <div class='ocr_carea' id='block_1_24' title="bbox 2708 1107 4309 1178">
    <p class='ocr_par' dir='ltr' id='par_1_24' title="bbox 2708 1107 4309 1178">
     <span class='ocr_line' id='line_1_24' title="bbox 2708 1107 4309 1178; baseline 0.001 -17"><span class='ocrx_word' id='word_1_151' title='bbox 2708 1108 3021 1163; x_wconf 80' lang='lat' dir='ltr'><strong>ventilatur.</strong></span> <span class='ocrx_word' id='word_1_152' title='bbox 3057 1107 3316 1163; x_wconf 68' lang='lat' dir='ltr'><strong>Romanas</strong></span> <span class='ocrx_word' id='word_1_153' title='bbox 3355 1107 3616 1163; x_wconf 69' lang='lat' dir='ltr'><strong>Ecclesiae</strong></span> <span class='ocrx_word' id='word_1_154' title='bbox 3664 1109 3802 1163; x_wconf 88' lang='lat' dir='ltr'><strong>lecta</strong></span> <span class='ocrx_word' id='word_1_155' title='bbox 3853 1118 3980 1164; x_wconf 89' lang='lat' dir='ltr'><strong>sunt</strong></span> <span class='ocrx_word' id='word_1_156' title='bbox 4026 1107 4309 1178; x_wconf 80' lang='lat' dir='ltr'><strong>privilegia</strong></span> 
     </span>
    </p>
   </div>
   <div class='ocr_carea' id='block_1_25' title="bbox 2707 1197 4310 1268">
    <p class='ocr_par' dir='ltr' id='par_1_25' title="bbox 2707 1197 4310 1268">
     <span class='ocr_line' id='line_1_25' title="bbox 2707 1197 4310 1268; baseline 0 -14"><span class='ocrx_word' id='word_1_157' title='bbox 2707 1208 2897 1254; x_wconf 88' lang='lat' dir='ltr'><strong>contra</strong></span> <span class='ocrx_word' id='word_1_158' title='bbox 2941 1212 3063 1268; x_wconf 76' lang='lat' dir='ltr'><strong>qua:</strong></span> <span class='ocrx_word' id='word_1_159' title='bbox 3110 1197 3396 1268; x_wconf 87' lang='lat' dir='ltr'><strong>cpiscopus</strong></span> <span class='ocrx_word' id='word_1_160' title='bbox 3433 1198 3612 1268; x_wconf 82' lang='lat' dir='ltr'><strong>egisse</strong></span> <span class='ocrx_word' id='word_1_161' title='bbox 3656 1207 3983 1264; x_wconf 86' lang='lat' dir='ltr'><strong>accusatur;</strong></span> <span class='ocrx_word' id='word_1_162' title='bbox 4020 1213 4185 1254; x_wconf 85' lang='lat' dir='ltr'><strong>causa</strong></span> <span class='ocrx_word' id='word_1_163' title='bbox 4217 1200 4310 1254; x_wconf 87' lang='lat' dir='ltr'><strong>de—</strong></span> 
     </span>
    </p>
   </div>
   <div class='ocr_carea' id='block_1_26' title="bbox 2708 1289 4304 1360">
    <p class='ocr_par' dir='ltr' id='par_1_26' title="bbox 2708 1289 4304 1360">
     <span class='ocr_line' id='line_1_26' title="bbox 2708 1289 4304 1360; baseline -0.002 -15"><span class='ocrx_word' id='word_1_164' title='bbox 2708 1289 2966 1355; x_wconf 81' lang='lat' dir='ltr'><strong>fenditur,</strong></span> <span class='ocrx_word' id='word_1_165' title='bbox 2997 1290 3153 1360; x_wconf 87' lang='lat' dir='ltr'><strong>culpa</strong></span> <span class='ocrx_word' id='word_1_166' title='bbox 3182 1290 3497 1358; x_wconf 87' lang='lat' dir='ltr'><strong>imponitur,</strong></span> <span class='ocrx_word' id='word_1_167' title='bbox 3531 1290 3900 1346; x_wconf 87' lang='lat' dir='ltr'><strong>controversia</strong></span> <span class='ocrx_word' id='word_1_168' title='bbox 3929 1289 4141 1345; x_wconf 88' lang='lat' dir='ltr'><strong>meritis</strong></span> <span class='ocrx_word' id='word_1_169' title='bbox 4173 1304 4304 1358; x_wconf 84' lang='lat' dir='ltr'><strong>par-</strong></span> 
     </span>
    </p>
   </div>
   <div class='ocr_carea' id='block_1_27' title="bbox 2712 1378 4305 1450">
    <p class='ocr_par' dir='ltr' id='par_1_27' title="bbox 2712 1378 4305 1450">
     <span class='ocr_line' id='line_1_27' title="bbox 2712 1378 4305 1450; baseline -0.003 -15"><span class='ocrx_word' id='word_1_170' title='bbox 2712 1381 2844 1435; x_wconf 91' lang='lat' dir='ltr'><strong>tium</strong></span> <span class='ocrx_word' id='word_1_171' title='bbox 2869 1380 3236 1435; x_wconf 82' lang='lat' dir='ltr'><strong>examinator.</strong></span> <span class='ocrx_word' id='word_1_172' title='bbox 3267 1378 3509 1434; x_wconf 89' lang='lat' dir='ltr'><strong>Tandem</strong></span> <span class='ocrx_word' id='word_1_173' title='bbox 3533 1387 3656 1450; x_wconf 92' lang='lat' dir='ltr'><strong>post</strong></span> <span class='ocrx_word' id='word_1_174' title='bbox 3675 1379 3873 1434; x_wconf 85' lang='lat' dir='ltr'><strong>multas</strong></span> <span class='ocrx_word' id='word_1_175' title='bbox 3903 1379 4305 1442; x_wconf 84' lang='lat' dir='ltr'><strong>contentiones,</strong></span> 
     </span>
    </p>
   </div>
   <div class='ocr_carea' id='block_1_28' title="bbox 2709 1469 4309 1542">
    <p class='ocr_par' dir='ltr' id='par_1_28' title="bbox 2709 1469 4309 1542">
     <span class='ocr_line' id='line_1_28' title="bbox 2709 1469 4309 1542; baseline -0.003 -16"><span class='ocrx_word' id='word_1_176' title='bbox 2709 1481 2832 1542; x_wconf 89' lang='lat' dir='ltr'><strong>post</strong></span> <span class='ocrx_word' id='word_1_177' title='bbox 2855 1471 3137 1540; x_wconf 84' lang='lat' dir='ltr'><strong>utriusque</strong></span> <span class='ocrx_word' id='word_1_178' title='bbox 3163 1470 3335 1541; x_wconf 83' lang='lat' dir='ltr'><strong>partis</strong></span> <span class='ocrx_word' id='word_1_179' title='bbox 3362 1471 3538 1525; x_wconf 87' lang='lat' dir='ltr'><strong>varias</strong></span> <span class='ocrx_word' id='word_1_180' title='bbox 3564 1470 3919 1542; x_wconf 81' lang='lat' dir='ltr'><strong>objectioncs,</strong></span> <span class='ocrx_word' id='word_1_181' title='bbox 3942 1469 4068 1540; x_wconf 87' lang='lat' dir='ltr'><strong>quia</strong></span> <span class='ocrx_word' id='word_1_182' title='bbox 4098 1471 4309 1539; x_wconf 85' lang='lat' dir='ltr'><strong>episco-</strong></span> 
     </span>
    </p>
   </div>
   <div class='ocr_carea' id='block_1_29' title="bbox 2711 1562 4311 1634">
    <p class='ocr_par' dir='ltr' id='par_1_29' title="bbox 2711 1562 4311 1634">
     <span class='ocr_line' id='line_1_29' title="bbox 2711 1562 4311 1634; baseline -0.003 -16"><span class='ocrx_word' id='word_1_183' title='bbox 2711 1579 2811 1634; x_wconf 86' lang='lat' dir='ltr'><strong>pus</strong></span> <span class='ocrx_word' id='word_1_184' title='bbox 2840 1573 3030 1618; x_wconf 87' lang='lat' dir='ltr'><strong>contra</strong></span> <span class='ocrx_word' id='word_1_185' title='bbox 3059 1562 3340 1633; x_wconf 84' lang='lat' dir='ltr'><strong>privilegia</strong></span> <span class='ocrx_word' id='word_1_186' title='bbox 3371 1576 3430 1617; x_wconf 89' lang='lat' dir='ltr'><strong>se</strong></span> <span class='ocrx_word' id='word_1_187' title='bbox 3457 1576 3564 1617; x_wconf 92' lang='lat' dir='ltr'><strong>non</strong></span> <span class='ocrx_word' id='word_1_188' title='bbox 3604 1562 3785 1632; x_wconf 87' lang='lat' dir='ltr'><strong>egisse</strong></span> <span class='ocrx_word' id='word_1_189' title='bbox 3817 1576 4052 1633; x_wconf 88' lang='lat' dir='ltr'><strong>purgare</strong></span> <span class='ocrx_word' id='word_1_190' title='bbox 4074 1576 4180 1615; x_wconf 91' lang='lat' dir='ltr'><strong>non</strong></span> <span class='ocrx_word' id='word_1_191' title='bbox 4212 1575 4311 1630; x_wconf 57' lang='lat' dir='ltr'><strong>po.</strong></span> 
     </span>
    </p>
   </div>
   <div class='ocr_carea' id='block_1_30' title="bbox 2710 1651 4306 1722">
    <p class='ocr_par' dir='ltr' id='par_1_30' title="bbox 2710 1651 4306 1722">
     <span class='ocr_line' id='line_1_30' title="bbox 2710 1651 4306 1722; baseline -0.005 -12"><span class='ocrx_word' id='word_1_192' title='bbox 2710 1664 2876 1722; x_wconf 88' lang='lat' dir='ltr'><strong>terat,</strong></span> <span class='ocrx_word' id='word_1_193' title='bbox 2909 1656 2976 1709; x_wconf 89' lang='lat' dir='ltr'><strong>ad</strong></span> <span class='ocrx_word' id='word_1_194' title='bbox 3005 1653 3165 1722; x_wconf 89' lang='lat' dir='ltr'><strong>hujus</strong></span> <span class='ocrx_word' id='word_1_195' title='bbox 3190 1653 3483 1709; x_wconf 90' lang='lat' dir='ltr'><strong>decisiouis</strong></span> <span class='ocrx_word' id='word_1_196' title='bbox 3525 1655 3793 1709; x_wconf 86' lang='lat' dir='ltr'><strong>calculum</strong></span> <span class='ocrx_word' id='word_1_197' title='bbox 3834 1669 3921 1708; x_wconf 90' lang='lat' dir='ltr'><strong>res</strong></span> <span class='ocrx_word' id='word_1_198' title='bbox 3957 1654 4058 1707; x_wconf 88' lang='lat' dir='ltr'><strong>ista</strong></span> <span class='ocrx_word' id='word_1_199' title='bbox 4104 1651 4306 1722; x_wconf 87' lang='lat' dir='ltr'><strong>perdu-</strong></span> 
     </span>
    </p>
   </div>
   <div class='ocr_carea' id='block_1_31' title="bbox 2712 1741 4310 1816">
    <p class='ocr_par' dir='ltr' id='par_1_31' title="bbox 2712 1741 4310 1816">
     <span class='ocr_line' id='line_1_31' title="bbox 2712 1741 4310 1816; baseline -0.003 -15"><span class='ocrx_word' id='word_1_200' title='bbox 2712 1747 2872 1803; x_wconf 89' lang='lat' dir='ltr'><strong>citur.</strong></span> <span class='ocrx_word' id='word_1_201' title='bbox 2922 1745 3334 1816; x_wconf 85' lang='lat' dir='ltr'><strong>lnterrogantur</strong></span> <span class='ocrx_word' id='word_1_202' title='bbox 3381 1745 3663 1816; x_wconf 83' lang='lat' dir='ltr'><strong>episcopi,</strong></span> <span class='ocrx_word' id='word_1_203' title='bbox 3711 1744 3756 1800; x_wconf 90' lang='lat' dir='ltr'><strong>si</strong></span> <span class='ocrx_word' id='word_1_204' title='bbox 3803 1743 4112 1814; x_wconf 73' lang='lat' dir='ltr'><strong>apostolica:</strong></span> <span class='ocrx_word' id='word_1_205' title='bbox 4163 1741 4310 1797; x_wconf 81' lang='lat' dir='ltr'><strong>sedis</strong></span> 
     </span>
    </p>
   </div>
   <div class='ocr_carea' id='block_1_32' title="bbox 2714 1837 4310 1907">
    <p class='ocr_par' dir='ltr' id='par_1_32' title="bbox 2714 1837 4310 1907">
     <span class='ocr_line' id='line_1_32' title="bbox 2714 1837 4310 1907; baseline 0 -15"><span class='ocrx_word' id='word_1_206' title='bbox 2714 1847 2831 1893; x_wconf 83' lang='lat' dir='ltr'><strong>rata</strong></span> <span class='ocrx_word' id='word_1_207' title='bbox 2861 1837 3220 1893; x_wconf 89' lang='lat' dir='ltr'><strong>decernerent</strong></span> <span class='ocrx_word' id='word_1_208' title='bbox 3263 1837 3545 1907; x_wconf 77' lang='lat' dir='ltr'><strong>privilegia</strong></span> <span class='ocrx_word' id='word_1_209' title='bbox 3592 1845 3646 1890; x_wconf 83' lang='lat' dir='ltr'><strong>et</strong></span> <span class='ocrx_word' id='word_1_210' title='bbox 3692 1837 3744 1891; x_wconf 93' lang='lat' dir='ltr'><strong>in</strong></span> <span class='ocrx_word' id='word_1_211' title='bbox 3791 1851 3891 1891; x_wconf 87' lang='lat' dir='ltr'><strong>suo</strong></span> <span class='ocrx_word' id='word_1_212' title='bbox 3940 1847 4143 1900; x_wconf 90' lang='lat' dir='ltr'><strong>tenore,</strong></span> <span class='ocrx_word' id='word_1_213' title='bbox 4188 1851 4310 1905; x_wconf 71' lang='lat' dir='ltr'><strong>qua:</strong></span> 
     </span>
    </p>
   </div>
   <div class='ocr_carea' id='block_1_33' title="bbox 1005 1929 4310 2014">
    <p class='ocr_par' dir='ltr' id='par_1_33' title="bbox 1005 1929 4310 2014">
     <span class='ocr_line' id='line_1_33' title="bbox 1005 1929 4310 2014; baseline -0.001 -27"><span class='ocrx_word' id='word_1_214' title='bbox 1005 1943 1279 2013; x_wconf 66' lang='lat' dir='ltr'><strong>deposcit,</strong></span> <span class='ocrx_word' id='word_1_215' title='bbox 1308 1943 1718 2014; x_wconf 66' lang='lat' dir='ltr'><strong>pmdicmionis</strong></span> <span class='ocrx_word' id='word_1_216' title='bbox 1749 1943 1972 1997; x_wconf 69' lang='lat' dir='ltr'><strong>verbum</strong></span> <span class='ocrx_word' id='word_1_217' title='bbox 2018 1940 2225 2005; x_wconf 75' lang='lat' dir='ltr'><strong>ﬁnivit,</strong></span> <span class='ocrx_word' id='word_1_218' title='bbox 2259 1940 2368 1995; x_wconf 69' lang='lat' dir='ltr'><strong>tate</strong></span> <span class='ocrx_word' id='word_1_219' title='bbox 2418 1940 2606 1995; x_wconf 71' lang='lat' dir='ltr'><strong>rhem—</strong></span> <span class='ocrx_word' id='word_1_220' title='bbox 2639 1950 2683 2008; x_wconf 70' lang='grc' dir='ltr'><strong>Β</strong></span> <span class='ocrx_word' id='word_1_221' title='bbox 2713 1931 2849 1987; x_wconf 89' lang='lat' dir='ltr'><strong>lecta</strong></span> <span class='ocrx_word' id='word_1_222' title='bbox 2891 1940 3040 1995; x_wconf 84' lang='lat' dir='ltr'><strong>sunt,</strong></span> <span class='ocrx_word' id='word_1_223' title='bbox 3072 1931 3191 1986; x_wconf 87' lang='lat' dir='ltr'><strong>sine</strong></span> <span class='ocrx_word' id='word_1_224' title='bbox 3215 1930 3433 1985; x_wconf 63' lang='lat' dir='ltr'><strong>laesione</strong></span> <span class='ocrx_word' id='word_1_225' title='bbox 3465 1929 3738 1985; x_wconf 84' lang='lat' dir='ltr'><strong>durantia.</strong></span> <span class='ocrx_word' id='word_1_226' title='bbox 3765 1931 3968 1986; x_wconf 85' lang='lat' dir='ltr'><strong>Omnes</strong></span> <span class='ocrx_word' id='word_1_227' title='bbox 3998 1940 4114 1984; x_wconf 81' lang='lat' dir='ltr'><strong>rata</strong></span> <span class='ocrx_word' id='word_1_228' title='bbox 4143 1941 4200 1984; x_wconf 92' lang='lat' dir='ltr'><strong>et</strong></span> <span class='ocrx_word' id='word_1_229' title='bbox 4226 1931 4310 1984; x_wconf 87' lang='lat' dir='ltr'><strong>in-</strong></span> 
     </span>
    </p>
   </div>
   <div class='ocr_carea' id='block_1_34' title="bbox 1003 2029 2608 2102">
    <p class='ocr_par' dir='ltr' id='par_1_34' title="bbox 1003 2029 2608 2102">
     <span class='ocr_line' id='line_1_34' title="bbox 1003 2029 2608 2102; baseline -0.003 -14"><span class='ocrx_word' id='word_1_230' title='bbox 1003 2034 1142 2088; x_wconf 64' lang='lat' dir='ltr'><strong>rica</strong></span> <span class='ocrx_word' id='word_1_231' title='bbox 1180 2032 1466 2089; x_wconf 90' lang='lat' dir='ltr'><strong>locutionis</strong></span> <span class='ocrx_word' id='word_1_232' title='bbox 1494 2048 1723 2089; x_wconf 80' lang='lat' dir='ltr'><strong>exorsus</strong></span> <span class='ocrx_word' id='word_1_233' title='bbox 1755 2039 1841 2086; x_wconf 89' lang='lat' dir='ltr'><strong>est</strong></span> <span class='ocrx_word' id='word_1_234' title='bbox 1881 2032 2224 2102; x_wconf 63' lang='lat' dir='ltr'><strong>proasmium,</strong></span> <span class='ocrx_word' id='word_1_235' title='bbox 2256 2030 2400 2100; x_wconf 91' lang='lat' dir='ltr'><strong>quod</strong></span> <span class='ocrx_word' id='word_1_236' title='bbox 2431 2029 2608 2084; x_wconf 89' lang='lat' dir='ltr'><strong>inten-</strong></span> 
     </span>
    </p>
   </div>
   <div class='ocr_carea' id='block_1_35' title="bbox 1005 2121 2245 2180">
    <p class='ocr_par' dir='ltr' id='par_1_35' title="bbox 1005 2121 2245 2180">
     <span class='ocr_line' id='line_1_35' title="bbox 1005 2121 2245 2180; baseline -0.005 -2"><span class='ocrx_word' id='word_1_237' title='bbox 1005 2132 1097 2180; x_wconf 91' lang='lat' dir='ltr'><strong>tos</strong></span> <span class='ocrx_word' id='word_1_238' title='bbox 1127 2124 1289 2179; x_wconf 89' lang='lat' dir='ltr'><strong>simul</strong></span> <span class='ocrx_word' id='word_1_239' title='bbox 1318 2133 1373 2178; x_wconf 92' lang='lat' dir='ltr'><strong>et</strong></span> <span class='ocrx_word' id='word_1_240' title='bbox 1400 2124 1690 2179; x_wconf 86' lang='lat' dir='ltr'><strong>benevolos</strong></span> <span class='ocrx_word' id='word_1_241' title='bbox 1717 2121 1922 2178; x_wconf 87' lang='lat' dir='ltr'><strong>faceret</strong></span> <span class='ocrx_word' id='word_1_242' title='bbox 1952 2122 2245 2177; x_wconf 90' lang='lat' dir='ltr'><strong>auditores.</strong></span> 
     </span>
    </p>
   </div>
   <div class='ocr_carea' id='block_1_36' title="bbox 1299 2229 2324 2271">
    <p class='ocr_par' dir='ltr' id='par_1_36' title="bbox 1299 2229 2324 2271">
     <span class='ocr_line' id='line_1_36' title="bbox 1299 2229 2324 2271; baseline -0.002 -1"><span class='ocrx_word' id='word_1_243' title='bbox 1299 2231 1619 2271; x_wconf 67' lang='grc' dir='ltr'><strong>ιιιιιετοιιιαιε</strong></span> <span class='ocrx_word' id='word_1_244' title='bbox 1651 2229 1968 2270; x_wconf 59' lang='grc' dir='ltr'><strong>ιοςυτιοκιε</strong></span> <span class='ocrx_word' id='word_1_245' title='bbox 2005 2229 2324 2269; x_wconf 64' lang='grc' dir='ltr'><strong>Ρηοαῖὶίῑυυ.</strong></span> 
     </span>
    </p>
   </div>
   <div class='ocr_carea' id='block_1_37' title="bbox 1085 2303 2611 2378">
    <p class='ocr_par' dir='ltr' id='par_1_37' title="bbox 1085 2303 2611 2378">
     <span class='ocr_line' id='line_1_37' title="bbox 1085 2303 2611 2378; baseline -0.006 -13"><span class='ocrx_word' id='word_1_246' title='bbox 1085 2309 1176 2364; x_wconf 76' lang='lat' dir='ltr'><strong>l8.</strong></span> <span class='ocrx_word' id='word_1_247' title='bbox 1204 2308 1290 2362; x_wconf 82' lang='lat' dir='ltr'><strong>Ad</strong></span> <span class='ocrx_word' id='word_1_248' title='bbox 1320 2317 1534 2367; x_wconf 75' lang='lat' dir='ltr'><strong>vestrae.</strong></span> <span class='ocrx_word' id='word_1_249' title='bbox 1563 2307 1755 2378; x_wconf 86' lang='lat' dir='ltr'><strong>inquit,</strong></span> <span class='ocrx_word' id='word_1_250' title='bbox 1801 2306 2163 2362; x_wconf 80' lang='lat' dir='ltr'><strong>fraternitatis</strong></span> <span class='ocrx_word' id='word_1_251' title='bbox 2208 2304 2467 2360; x_wconf 89' lang='lat' dir='ltr'><strong>auxilium</strong></span> <span class='ocrx_word' id='word_1_252' title='bbox 2498 2303 2611 2358; x_wconf 83' lang='lat' dir='ltr'><strong>Ro-</strong></span> 
     </span>
    </p>
   </div>
   <div class='ocr_carea' id='block_1_38' title="bbox 1006 2397 2615 2470">
    <p class='ocr_par' dir='ltr' id='par_1_38' title="bbox 1006 2397 2615 2470">
     <span class='ocr_line' id='line_1_38' title="bbox 1006 2397 2615 2470; baseline -0.004 -14"><span class='ocrx_word' id='word_1_253' title='bbox 1006 2416 1174 2456; x_wconf 86' lang='lat' dir='ltr'><strong>mana</strong></span> <span class='ocrx_word' id='word_1_254' title='bbox 1205 2415 1303 2455; x_wconf 86' lang='lat' dir='ltr'><strong>nos</strong></span> <span class='ocrx_word' id='word_1_255' title='bbox 1333 2398 1603 2470; x_wconf 87' lang='lat' dir='ltr'><strong>delegavit</strong></span> <span class='ocrx_word' id='word_1_256' title='bbox 1631 2399 1950 2465; x_wconf 90' lang='lat' dir='ltr'><strong>auctoritas,</strong></span> <span class='ocrx_word' id='word_1_257' title='bbox 1986 2410 2042 2454; x_wconf 90' lang='lat' dir='ltr'><strong>et</strong></span> <span class='ocrx_word' id='word_1_258' title='bbox 2071 2399 2223 2468; x_wconf 84' lang='lat' dir='ltr'><strong>quasi</strong></span> <span class='ocrx_word' id='word_1_259' title='bbox 2263 2399 2331 2452; x_wconf 89' lang='lat' dir='ltr'><strong>ad</strong></span> <span class='ocrx_word' id='word_1_260' title='bbox 2358 2397 2615 2452; x_wconf 63' lang='lat' dir='ltr'><strong>charissio</strong></span> 
     </span>
    </p>
   </div>
   <div class='ocr_carea' id='block_1_39' title="bbox 1008 2486 2616 2547">
    <p class='ocr_par' dir='ltr' id='par_1_39' title="bbox 1008 2486 2616 2547">
     <span class='ocr_line' id='line_1_39' title="bbox 1008 2486 2616 2547; baseline -0.003 0"><span class='ocrx_word' id='word_1_261' title='bbox 1008 2507 1136 2547; x_wconf 87' lang='lat' dir='ltr'><strong>mos</strong></span> <span class='ocrx_word' id='word_1_262' title='bbox 1160 2491 1358 2546; x_wconf 81' lang='lat' dir='ltr'><strong>fratres</strong></span> <span class='ocrx_word' id='word_1_263' title='bbox 1381 2499 1566 2545; x_wconf 90' lang='lat' dir='ltr'><strong>nostra</strong></span> <span class='ocrx_word' id='word_1_264' title='bbox 1592 2490 1894 2546; x_wconf 90' lang='lat' dir='ltr'><strong>communis</strong></span> <span class='ocrx_word' id='word_1_265' title='bbox 1917 2497 2091 2544; x_wconf 86' lang='lat' dir='ltr'><strong>mater</strong></span> <span class='ocrx_word' id='word_1_266' title='bbox 2115 2487 2408 2544; x_wconf 87' lang='lat' dir='ltr'><strong>destinavit</strong></span> <span class='ocrx_word' id='word_1_267' title='bbox 2426 2486 2616 2542; x_wconf 86' lang='lat' dir='ltr'><strong>Eccle-</strong></span> 
     </span>
    </p>
   </div>
   <div class='ocr_carea' id='block_1_40' title="bbox 1009 2579 2616 2651">
    <p class='ocr_par' dir='ltr' id='par_1_40' title="bbox 1009 2579 2616 2651">
     <span class='ocr_line' id='line_1_40' title="bbox 1009 2579 2616 2651; baseline -0.002 -15"><span class='ocrx_word' id='word_1_268' title='bbox 1009 2581 1115 2636; x_wconf 88' lang='lat' dir='ltr'><strong>sia.</strong></span> <span class='ocrx_word' id='word_1_269' title='bbox 1180 2581 1373 2635; x_wconf 82' lang='lat' dir='ltr'><strong>Vestra</strong></span> <span class='ocrx_word' id='word_1_270' title='bbox 1424 2595 1658 2651; x_wconf 84' lang='lat' dir='ltr'><strong>namque</strong></span> <span class='ocrx_word' id='word_1_271' title='bbox 1713 2581 1815 2636; x_wconf 87' lang='lat' dir='ltr'><strong>sibi</strong></span> <span class='ocrx_word' id='word_1_272' title='bbox 1869 2581 2050 2637; x_wconf 86' lang='lat' dir='ltr'><strong>debita</strong></span> <span class='ocrx_word' id='word_1_273' title='bbox 2105 2590 2292 2636; x_wconf 86' lang='lat' dir='ltr'><strong>sancta</strong></span> <span class='ocrx_word' id='word_1_274' title='bbox 2357 2579 2616 2638; x_wconf 87' lang='lat' dir='ltr'><strong>fidelitate</strong></span> 
     </span>
    </p>
   </div>
   <div class='ocr_carea' id='block_1_41' title="bbox 1009 2671 2616 2742">
    <p class='ocr_par' dir='ltr' id='par_1_41' title="bbox 1009 2671 2616 2742">
     <span class='ocr_line' id='line_1_41' title="bbox 1009 2671 2616 2742; baseline -0.001 -16"><span class='ocrx_word' id='word_1_275' title='bbox 1009 2672 1248 2737; x_wconf 85' lang='lat' dir='ltr'><strong>conlisa,</strong></span> <span class='ocrx_word' id='word_1_276' title='bbox 1277 2687 1439 2742; x_wconf 91' lang='lat' dir='ltr'><strong>quam</strong></span> <span class='ocrx_word' id='word_1_277' title='bbox 1488 2673 1653 2728; x_wconf 89' lang='lat' dir='ltr'><strong>etiam</strong></span> <span class='ocrx_word' id='word_1_278' title='bbox 1687 2672 1739 2726; x_wconf 92' lang='lat' dir='ltr'><strong>in</strong></span> <span class='ocrx_word' id='word_1_279' title='bbox 1781 2671 2053 2726; x_wconf 91' lang='lat' dir='ltr'><strong>nonnullis</strong></span> <span class='ocrx_word' id='word_1_280' title='bbox 2098 2672 2211 2726; x_wconf 91' lang='lat' dir='ltr'><strong>suis</strong></span> <span class='ocrx_word' id='word_1_281' title='bbox 2244 2671 2474 2742; x_wconf 82' lang='lat' dir='ltr'><strong>negotiis</strong></span> <span class='ocrx_word' id='word_1_282' title='bbox 2522 2685 2616 2725; x_wconf 86' lang='lat' dir='ltr'><strong>ex-</strong></span> 
     </span>
    </p>
   </div>
   <div class='ocr_carea' id='block_1_42' title="bbox 1013 2761 2617 2835">
    <p class='ocr_par' dir='ltr' id='par_1_42' title="bbox 1013 2761 2617 2835">
     <span class='ocr_line' id='line_1_42' title="bbox 1013 2761 2617 2835; baseline 0 -20"><span class='ocrx_word' id='word_1_283' title='bbox 1013 2773 1172 2834; x_wconf 88' lang='lat' dir='ltr'><strong>perta</strong></span> <span class='ocrx_word' id='word_1_284' title='bbox 1195 2774 1276 2817; x_wconf 87' lang='lat' dir='ltr'><strong>est</strong></span> <span class='ocrx_word' id='word_1_285' title='bbox 1305 2763 1594 2832; x_wconf 76' lang='lat' dir='ltr'><strong>profuisse,</strong></span> <span class='ocrx_word' id='word_1_286' title='bbox 1626 2763 1887 2833; x_wconf 90' lang='lat' dir='ltr'><strong>quidquid</strong></span> <span class='ocrx_word' id='word_1_287' title='bbox 1919 2764 1970 2817; x_wconf 94' lang='lat' dir='ltr'><strong>iu</strong></span> <span class='ocrx_word' id='word_1_288' title='bbox 2001 2764 2118 2818; x_wconf 90' lang='lat' dir='ltr'><strong>istis</strong></span> <span class='ocrx_word' id='word_1_289' title='bbox 2140 2762 2383 2833; x_wconf 82' lang='lat' dir='ltr'><strong>partibus</strong></span> <span class='ocrx_word' id='word_1_290' title='bbox 2407 2761 2617 2835; x_wconf 84' lang='lat' dir='ltr'><strong>injuria:</strong></span> 
     </span>
    </p>
   </div>
   <div class='ocr_carea' id='block_1_43' title="bbox 1014 2855 2618 2928">
    <p class='ocr_par' dir='ltr' id='par_1_43' title="bbox 1014 2855 2618 2928">
     <span class='ocr_line' id='line_1_43' title="bbox 1014 2855 2618 2928; baseline -0.003 -16"><span class='ocrx_word' id='word_1_291' title='bbox 1014 2859 1252 2928; x_wconf 86' lang='lat' dir='ltr'><strong>patitur,</strong></span> <span class='ocrx_word' id='word_1_292' title='bbox 1307 2866 1488 2911; x_wconf 88' lang='lat' dir='ltr'><strong>vestra</strong></span> <span class='ocrx_word' id='word_1_293' title='bbox 1536 2873 1636 2912; x_wconf 91' lang='lat' dir='ltr'><strong>nos</strong></span> <span class='ocrx_word' id='word_1_294' title='bbox 1663 2857 1950 2926; x_wconf 85' lang='lat' dir='ltr'><strong>adjuvante</strong></span> <span class='ocrx_word' id='word_1_295' title='bbox 1993 2856 2356 2927; x_wconf 78' lang='lat' dir='ltr'><strong>providentia,</strong></span> <span class='ocrx_word' id='word_1_296' title='bbox 2401 2855 2504 2910; x_wconf 79' lang='lat' dir='ltr'><strong>sibi</strong></span> <span class='ocrx_word' id='word_1_297' title='bbox 2559 2863 2618 2908; x_wconf 91' lang='lat' dir='ltr'><strong>ut</strong></span> 
     </span>
    </p>
   </div>
   <div class='ocr_carea' id='block_1_44' title="bbox 1016 2946 2614 3017">
    <p class='ocr_par' dir='ltr' id='par_1_44' title="bbox 1016 2946 2614 3017">
     <span class='ocr_line' id='line_1_44' title="bbox 1016 2946 2614 3017; baseline -0.001 -16"><span class='ocrx_word' id='word_1_298' title='bbox 1016 2946 1340 3001; x_wconf 88' lang='lat' dir='ltr'><strong>emendetur</strong></span> <span class='ocrx_word' id='word_1_299' title='bbox 1370 2955 1609 3016; x_wconf 79' lang='lat' dir='ltr'><strong>exoptat.</strong></span> <span class='ocrx_word' id='word_1_300' title='bbox 1645 2946 1748 3001; x_wconf 85' lang='lat' dir='ltr'><strong>Per</strong></span> <span class='ocrx_word' id='word_1_301' title='bbox 1778 2963 1876 3002; x_wconf 90' lang='lat' dir='ltr'><strong>nos</strong></span> <span class='ocrx_word' id='word_1_302' title='bbox 1911 2947 2176 3017; x_wconf 84' lang='lat' dir='ltr'><strong>siquidem</strong></span> <span class='ocrx_word' id='word_1_303' title='bbox 2203 2961 2387 3001; x_wconf 87' lang='lat' dir='ltr'><strong>coram</strong></span> <span class='ocrx_word' id='word_1_304' title='bbox 2431 2955 2614 3000; x_wconf 88' lang='lat' dir='ltr'><strong>vestra</strong></span> 
     </span>
    </p>
   </div>
   <div class='ocr_carea' id='block_1_45' title="bbox 1018 3035 2618 3106">
    <p class='ocr_par' dir='ltr' id='par_1_45' title="bbox 1018 3035 2618 3106">
     <span class='ocr_line' id='line_1_45' title="bbox 1018 3035 2618 3106; baseline -0.003 -12"><span class='ocrx_word' id='word_1_305' title='bbox 1018 3037 1313 3094; x_wconf 80' lang='lat' dir='ltr'><strong>sanctitate</strong></span> <span class='ocrx_word' id='word_1_306' title='bbox 1341 3037 1582 3091; x_wconf 82' lang='lat' dir='ltr'><strong>Romana</strong></span> <span class='ocrx_word' id='word_1_307' title='bbox 1609 3036 1937 3092; x_wconf 87' lang='lat' dir='ltr'><strong>lamentatur</strong></span> <span class='ocrx_word' id='word_1_308' title='bbox 1963 3036 2220 3098; x_wconf 85' lang='lat' dir='ltr'><strong>Ecclesia,</strong></span> <span class='ocrx_word' id='word_1_309' title='bbox 2253 3036 2397 3106; x_wconf 89' lang='lat' dir='ltr'><strong>quod</strong></span> <span class='ocrx_word' id='word_1_310' title='bbox 2422 3035 2618 3090; x_wconf 87' lang='lat' dir='ltr'><strong>multo-</strong></span> 
     </span>
    </p>
   </div>
   <div class='ocr_carea' id='block_1_46' title="bbox 1022 3126 2618 3196">
    <p class='ocr_par' dir='ltr' id='par_1_46' title="bbox 1022 3126 2618 3196">
     <span class='ocr_line' id='line_1_46' title="bbox 1022 3126 2618 3196; baseline 0.001 -16"><span class='ocrx_word' id='word_1_311' title='bbox 1022 3143 1144 3182; x_wconf 89' lang='lat' dir='ltr'><strong>rum</strong></span> <span class='ocrx_word' id='word_1_312' title='bbox 1185 3128 1460 3183; x_wconf 90' lang='lat' dir='ltr'><strong>hominum</strong></span> <span class='ocrx_word' id='word_1_313' title='bbox 1496 3127 1782 3182; x_wconf 84' lang='lat' dir='ltr'><strong>insolentia</strong></span> <span class='ocrx_word' id='word_1_314' title='bbox 1829 3127 2025 3181; x_wconf 91' lang='lat' dir='ltr'><strong>multas</strong></span> <span class='ocrx_word' id='word_1_315' title='bbox 2073 3129 2212 3181; x_wconf 90' lang='lat' dir='ltr'><strong>inter</strong></span> <span class='ocrx_word' id='word_1_316' title='bbox 2255 3141 2348 3180; x_wconf 91' lang='lat' dir='ltr'><strong>vos</strong></span> <span class='ocrx_word' id='word_1_317' title='bbox 2377 3126 2618 3196; x_wconf 87' lang='lat' dir='ltr'><strong>quotidie</strong></span> 
     </span>
    </p>
   </div>
   <div class='ocr_carea' id='block_1_47' title="bbox 1017 3219 2617 3290">
    <p class='ocr_par' dir='ltr' id='par_1_47' title="bbox 1017 3219 2617 3290">
     <span class='ocr_line' id='line_1_47' title="bbox 1017 3219 2617 3290; baseline 0.001 -18"><span class='ocrx_word' id='word_1_318' title='bbox 1017 3220 1231 3290; x_wconf 85' lang='lat' dir='ltr'><strong>patitur</strong></span> <span class='ocrx_word' id='word_1_319' title='bbox 1259 3219 1632 3274; x_wconf 84' lang='lat' dir='ltr'><strong>contumelias.</strong></span> <span class='ocrx_word' id='word_1_320' title='bbox 1668 3219 2054 3275; x_wconf 83' lang='lat' dir='ltr'><strong>Verumtamen</strong></span> <span class='ocrx_word' id='word_1_321' title='bbox 2085 3219 2225 3273; x_wconf 89' lang='lat' dir='ltr'><strong>inter</strong></span> <span class='ocrx_word' id='word_1_322' title='bbox 2265 3228 2458 3273; x_wconf 64' lang='lat' dir='ltr'><strong>ca&#39;tera</strong></span> <span class='ocrx_word' id='word_1_323' title='bbox 2495 3234 2617 3289; x_wconf 69' lang='lat' dir='ltr'><strong>quas</strong></span> 
     </span>
    </p>
   </div>
   <div class='ocr_carea' id='block_1_48' title="bbox 2712 2021 4312 2082">
    <p class='ocr_par' dir='ltr' id='par_1_48' title="bbox 2712 2021 4312 2082">
     <span class='ocr_line' id='line_1_48' title="bbox 2712 2021 4312 2082; baseline -0.003 -1"><span class='ocrx_word' id='word_1_324' title='bbox 2712 2040 2976 2082; x_wconf 89' lang='lat' dir='ltr'><strong>concussa</strong></span> <span class='ocrx_word' id='word_1_325' title='bbox 3007 2039 3234 2079; x_wconf 85' lang='lat' dir='ltr'><strong>manere</strong></span> <span class='ocrx_word' id='word_1_326' title='bbox 3285 2021 3560 2077; x_wconf 83' lang='lat' dir='ltr'><strong>definitiva</strong></span> <span class='ocrx_word' id='word_1_327' title='bbox 3609 2022 3880 2077; x_wconf 88' lang='lat' dir='ltr'><strong>sententia</strong></span> <span class='ocrx_word' id='word_1_328' title='bbox 3929 2021 4312 2077; x_wconf 84' lang='lat' dir='ltr'><strong>decreverunt.</strong></span> 
     </span>
    </p>
   </div>
   <div class='ocr_carea' id='block_1_49' title="bbox 2714 2110 4312 2184">
    <p class='ocr_par' dir='ltr' id='par_1_49' title="bbox 2714 2110 4312 2184">
     <span class='ocr_line' id='line_1_49' title="bbox 2714 2110 4312 2184; baseline -0.004 -14"><span class='ocrx_word' id='word_1_329' title='bbox 2714 2114 2864 2170; x_wconf 85' lang='lat' dir='ltr'><strong>Tunc</strong></span> <span class='ocrx_word' id='word_1_330' title='bbox 2904 2115 3021 2184; x_wconf 91' lang='lat' dir='ltr'><strong>ipse</strong></span> <span class='ocrx_word' id='word_1_331' title='bbox 3079 2112 3489 2168; x_wconf 71' lang='lat' dir='ltr'><strong>hlatisconensis</strong></span> <span class='ocrx_word' id='word_1_332' title='bbox 3549 2111 3835 2182; x_wconf 88' lang='lat' dir='ltr'><strong>episcopus</strong></span> <span class='ocrx_word' id='word_1_333' title='bbox 3894 2125 4018 2166; x_wconf 89' lang='lat' dir='ltr'><strong>cutn</strong></span> <span class='ocrx_word' id='word_1_334' title='bbox 4068 2110 4312 2180; x_wconf 87' lang='lat' dir='ltr'><strong>quinque</strong></span> 
     </span>
    </p>
   </div>
   <div class='ocr_carea' id='block_1_50' title="bbox 2711 2199 4311 2278">
    <p class='ocr_par' dir='ltr' id='par_1_50' title="bbox 2711 2199 4311 2278">
     <span class='ocr_line' id='line_1_50' title="bbox 2711 2199 4311 2278; baseline -0.004 -16"><span class='ocrx_word' id='word_1_335' title='bbox 2711 2207 2953 2278; x_wconf 82' lang='lat' dir='ltr'><strong>ejusdem</strong></span> <span class='ocrx_word' id='word_1_336' title='bbox 2981 2204 3236 2261; x_wconf 68' lang='lat' dir='ltr'><strong>Ecclesiae</strong></span> <span class='ocrx_word' id='word_1_337' title='bbox 3265 2202 3482 2259; x_wconf 89' lang='lat' dir='ltr'><strong>clericis</strong></span> <span class='ocrx_word' id='word_1_338' title='bbox 3512 2203 3729 2272; x_wconf 83' lang='lat' dir='ltr'><strong>prepria</strong></span> <span class='ocrx_word' id='word_1_339' title='bbox 3759 2217 3922 2256; x_wconf 89' lang='lat' dir='ltr'><strong>manu</strong></span> <span class='ocrx_word' id='word_1_340' title='bbox 3942 2199 4147 2270; x_wconf 86' lang='lat' dir='ltr'><strong>juravit</strong></span> <span class='ocrx_word' id='word_1_341' title='bbox 4167 2201 4311 2271; x_wconf 68' lang='grc'><strong>(42),</strong></span> 
     </span>
    </p>
   </div>
   <div class='ocr_carea' id='block_1_51' title="bbox 2714 2291 4309 2368">
    <p class='ocr_par' dir='ltr' id='par_1_51' title="bbox 2714 2291 4309 2368">
     <span class='ocr_line' id='line_1_51' title="bbox 2714 2291 4309 2368; baseline -0.004 -18"><span class='ocrx_word' id='word_1_342' title='bbox 2714 2298 2840 2368; x_wconf 87' lang='lat' dir='ltr'><strong>quia</strong></span> <span class='ocrx_word' id='word_1_343' title='bbox 2875 2297 3020 2366; x_wconf 91' lang='lat' dir='ltr'><strong>quod</strong></span> <span class='ocrx_word' id='word_1_344' title='bbox 3049 2304 3238 2350; x_wconf 89' lang='lat' dir='ltr'><strong>contra</strong></span> <span class='ocrx_word' id='word_1_345' title='bbox 3265 2291 3657 2349; x_wconf 83' lang='lat' dir='ltr'><strong>monasterium</strong></span> <span class='ocrx_word' id='word_1_346' title='bbox 3686 2307 3744 2347; x_wconf 89' lang='lat' dir='ltr'><strong>se</strong></span> <span class='ocrx_word' id='word_1_347' title='bbox 3783 2294 3962 2363; x_wconf 82' lang='lat' dir='ltr'><strong>egisse</strong></span> <span class='ocrx_word' id='word_1_348' title='bbox 4015 2291 4309 2354; x_wconf 80' lang='lat' dir='ltr'><strong>recolebat,</strong></span> 
     </span>
    </p>
   </div>
   <div class='ocr_carea' id='block_1_52' title="bbox 2715 2383 4316 2461">
    <p class='ocr_par' dir='ltr' id='par_1_52' title="bbox 2715 2383 4316 2461">
     <span class='ocr_line' id='line_1_52' title="bbox 2715 2383 4316 2461; baseline -0.004 -16"><span class='ocrx_word' id='word_1_349' title='bbox 2715 2403 2892 2460; x_wconf 87' lang='lat' dir='ltr'><strong>neque</strong></span> <span class='ocrx_word' id='word_1_350' title='bbox 2935 2388 3004 2443; x_wconf 89' lang='lat' dir='ltr'><strong>ad</strong></span> <span class='ocrx_word' id='word_1_351' title='bbox 3045 2387 3302 2461; x_wconf 88' lang='lat' dir='ltr'><strong>injuriam</strong></span> <span class='ocrx_word' id='word_1_352' title='bbox 3351 2384 3660 2456; x_wconf 81' lang='lat' dir='ltr'><strong>apostolica:</strong></span> <span class='ocrx_word' id='word_1_353' title='bbox 3709 2384 3874 2447; x_wconf 88' lang='lat' dir='ltr'><strong>sedis,</strong></span> <span class='ocrx_word' id='word_1_354' title='bbox 3924 2397 4100 2454; x_wconf 79' lang='lat' dir='ltr'><strong>neque</strong></span> <span class='ocrx_word' id='word_1_355' title='bbox 4143 2383 4316 2455; x_wconf 87' lang='lat' dir='ltr'><strong>ipsius</strong></span> 
     </span>
    </p>
   </div>
   <div class='ocr_carea' id='block_1_53' title="bbox 2716 2480 4314 2556">
    <p class='ocr_par' dir='ltr' id='par_1_53' title="bbox 2716 2480 4314 2556">
     <span class='ocr_line' id='line_1_53' title="bbox 2716 2480 4314 2556; baseline -0.004 -16"><span class='ocrx_word' id='word_1_356' title='bbox 2716 2500 2868 2556; x_wconf 75' lang='lat' dir='ltr'><strong>papa:</strong></span> <span class='ocrx_word' id='word_1_357' title='bbox 2893 2483 3120 2548; x_wconf 87' lang='lat' dir='ltr'><strong>fecerat,</strong></span> <span class='ocrx_word' id='word_1_358' title='bbox 3149 2496 3324 2552; x_wconf 88' lang='lat' dir='ltr'><strong>neque</strong></span> <span class='ocrx_word' id='word_1_359' title='bbox 3346 2481 3521 2536; x_wconf 89' lang='lat' dir='ltr'><strong>adhuc</strong></span> <span class='ocrx_word' id='word_1_360' title='bbox 3548 2480 3953 2550; x_wconf 68' lang='lat' dir='ltr'><strong>privilegiorum</strong></span> <span class='ocrx_word' id='word_1_361' title='bbox 3979 2490 4220 2535; x_wconf 87' lang='lat' dir='ltr'><strong>tenorem</strong></span> <span class='ocrx_word' id='word_1_362' title='bbox 4247 2481 4314 2534; x_wconf 88' lang='lat' dir='ltr'><strong>ad</strong></span> 
     </span>
    </p>
   </div>
   <div class='ocr_carea' id='block_1_54' title="bbox 2715 2570 4314 2646">
    <p class='ocr_par' dir='ltr' id='par_1_54' title="bbox 2715 2570 4314 2646">
     <span class='ocr_line' id='line_1_54' title="bbox 2715 2570 4314 2646; baseline -0.003 -17"><span class='ocrx_word' id='word_1_363' title='bbox 2715 2576 2977 2646; x_wconf 90' lang='lat' dir='ltr'><strong>liquidum</strong></span> <span class='ocrx_word' id='word_1_364' title='bbox 3018 2581 3264 2628; x_wconf 87' lang='lat' dir='ltr'><strong>noverat.</strong></span> <span class='ocrx_word' id='word_1_365' title='bbox 3295 2570 3414 2626; x_wconf 80' lang='lat' dir='ltr'><strong>Tali</strong></span> <span class='ocrx_word' id='word_1_366' title='bbox 3447 2572 3606 2626; x_wconf 77' lang='lat' dir='ltr'><strong>modo</strong></span> <span class='ocrx_word' id='word_1_367' title='bbox 3642 2571 3786 2626; x_wconf 86' lang='lat' dir='ltr'><strong>inter</strong></span> <span class='ocrx_word' id='word_1_368' title='bbox 3813 2570 4071 2626; x_wconf 80' lang='lat' dir='ltr'><strong>domuum</strong></span> <span class='ocrx_word' id='word_1_369' title='bbox 4099 2571 4314 2639; x_wconf 69' lang='lat' dir='ltr'><strong>cpisco-</strong></span> 
     </span>
    </p>
   </div>
   <div class='ocr_carea' id='block_1_55' title="bbox 2717 2662 4321 2738">
    <p class='ocr_par' dir='ltr' id='par_1_55' title="bbox 2717 2662 4321 2738">
     <span class='ocr_line' id='line_1_55' title="bbox 2717 2662 4321 2738; baseline -0.001 -18"><span class='ocrx_word' id='word_1_370' title='bbox 2717 2683 2842 2738; x_wconf 86' lang='lat' dir='ltr'><strong>pnm</strong></span> <span class='ocrx_word' id='word_1_371' title='bbox 2871 2674 2927 2722; x_wconf 89' lang='lat' dir='ltr'><strong>et</strong></span> <span class='ocrx_word' id='word_1_372' title='bbox 2957 2665 3209 2721; x_wconf 87' lang='lat' dir='ltr'><strong>abbatem</strong></span> <span class='ocrx_word' id='word_1_373' title='bbox 3245 2662 3403 2733; x_wconf 82' lang='lat' dir='ltr'><strong>hujus</strong></span> <span class='ocrx_word' id='word_1_374' title='bbox 3435 2678 3612 2718; x_wconf 75' lang='lat' dir='ltr'><strong>causa:</strong></span> <span class='ocrx_word' id='word_1_375' title='bbox 3651 2663 3928 2733; x_wconf 82' lang='lat' dir='ltr'><strong>negotium</strong></span> <span class='ocrx_word' id='word_1_376' title='bbox 3957 2671 4173 2717; x_wconf 90' lang='lat' dir='ltr'><strong>constat</strong></span> <span class='ocrx_word' id='word_1_377' title='bbox 4198 2679 4321 2719; x_wconf 89' lang='lat' dir='ltr'><strong>esse</strong></span> 
     </span>
    </p>
   </div>
   <div class='ocr_carea' id='block_1_56' title="bbox 2717 2754 4322 2832">
    <p class='ocr_par' dir='ltr' id='par_1_56' title="bbox 2717 2754 4322 2832">
     <span class='ocr_line' id='line_1_56' title="bbox 2717 2754 4322 2832; baseline -0.005 -16"><span class='ocrx_word' id='word_1_378' title='bbox 2717 2763 2952 2832; x_wconf 82' lang='lat' dir='ltr'><strong>sopitum</strong></span> <span class='ocrx_word' id='word_1_379' title='bbox 2999 2769 3050 2815; x_wconf 90' lang='lat' dir='ltr'><strong>et</strong></span> <span class='ocrx_word' id='word_1_380' title='bbox 3084 2759 3256 2830; x_wconf 70' lang='lat' dir='ltr'><strong>plenae</strong></span> <span class='ocrx_word' id='word_1_381' title='bbox 3294 2755 3594 2812; x_wconf 80' lang='lat' dir='ltr'><strong>definitioni</strong></span> <span class='ocrx_word' id='word_1_382' title='bbox 3641 2757 3920 2810; x_wconf 88' lang='lat' dir='ltr'><strong>traditum.</strong></span> <span class='ocrx_word' id='word_1_383' title='bbox 3968 2754 4127 2810; x_wconf 85' lang='lat' dir='ltr'><strong>Pacis</strong></span> <span class='ocrx_word' id='word_1_384' title='bbox 4177 2755 4322 2809; x_wconf 87' lang='lat' dir='ltr'><strong>inter</strong></span> 
     </span>
    </p>
   </div>
   <div class='ocr_carea' id='block_1_57' title="bbox 2717 2846 4317 2917">
    <p class='ocr_par' dir='ltr' id='par_1_57' title="bbox 2717 2846 4317 2917">
     <span class='ocr_line' id='line_1_57' title="bbox 2717 2846 4317 2917; baseline -0.005 -9"><span class='ocrx_word' id='word_1_385' title='bbox 2717 2867 2812 2908; x_wconf 90' lang='lat' dir='ltr'><strong>eos</strong></span> <span class='ocrx_word' id='word_1_386' title='bbox 2841 2849 3045 2907; x_wconf 74' lang='lat' dir='ltr'><strong>fmdcra</strong></span> <span class='ocrx_word' id='word_1_387' title='bbox 3071 2849 3428 2911; x_wconf 86' lang='lat' dir='ltr'><strong>collocantur,</strong></span> <span class='ocrx_word' id='word_1_388' title='bbox 3479 2847 3770 2901; x_wconf 89' lang='lat' dir='ltr'><strong>simultatis</strong></span> <span class='ocrx_word' id='word_1_389' title='bbox 3795 2847 3977 2917; x_wconf 79' lang='lat' dir='ltr'><strong>jurgia</strong></span> <span class='ocrx_word' id='word_1_390' title='bbox 4009 2846 4317 2916; x_wconf 80' lang='lat' dir='ltr'><strong>propellun-</strong></span> 
     </span>
    </p>
   </div>
   <div class='ocr_carea' id='block_1_58' title="bbox 2715 2937 4323 3010">
    <p class='ocr_par' dir='ltr' id='par_1_58' title="bbox 2715 2937 4323 3010">
     <span class='ocr_line' id='line_1_58' title="bbox 2715 2937 4323 3010; baseline -0.003 -13"><span class='ocrx_word' id='word_1_391' title='bbox 2715 2949 2825 2997; x_wconf 80' lang='lat' dir='ltr'><strong>tur.</strong></span> <span class='ocrx_word' id='word_1_392' title='bbox 2854 2941 2910 2995; x_wconf 87' lang='lat' dir='ltr'><strong>la</strong></span> <span class='ocrx_word' id='word_1_393' title='bbox 2941 2940 3131 2996; x_wconf 89' lang='lat' dir='ltr'><strong>eadem</strong></span> <span class='ocrx_word' id='word_1_394' title='bbox 3179 2952 3397 3010; x_wconf 90' lang='lat' dir='ltr'><strong>quoque</strong></span> <span class='ocrx_word' id='word_1_395' title='bbox 3439 2938 3650 3008; x_wconf 79' lang='lat' dir='ltr'><strong>synodo</strong></span> <span class='ocrx_word' id='word_1_396' title='bbox 3682 2938 3930 3008; x_wconf 64' lang='lat' dir='ltr'><strong>quadam</strong></span> <span class='ocrx_word' id='word_1_397' title='bbox 3985 2945 4113 2992; x_wconf 89' lang='lat' dir='ltr'><strong>sunt</strong></span> <span class='ocrx_word' id='word_1_398' title='bbox 4151 2937 4323 2992; x_wconf 84' lang='lat' dir='ltr'><strong>eccle-</strong></span> 
     </span>
    </p>
   </div>
   <div class='ocr_carea' id='block_1_59' title="bbox 2719 3026 4322 3096">
    <p class='ocr_par' dir='ltr' id='par_1_59' title="bbox 2719 3026 4322 3096">
     <span class='ocr_line' id='line_1_59' title="bbox 2719 3026 4322 3096; baseline -0.005 -8"><span class='ocrx_word' id='word_1_399' title='bbox 2719 3030 2936 3090; x_wconf 82' lang='lat' dir='ltr'><strong>siastica</strong></span> <span class='ocrx_word' id='word_1_400' title='bbox 2981 3043 3212 3085; x_wconf 89' lang='lat' dir='ltr'><strong>censura</strong></span> <span class='ocrx_word' id='word_1_401' title='bbox 3264 3036 3532 3092; x_wconf 89' lang='lat' dir='ltr'><strong>correcta,</strong></span> <span class='ocrx_word' id='word_1_402' title='bbox 3573 3028 3820 3096; x_wconf 58' lang='lat' dir='ltr'><strong>quadam</strong></span> <span class='ocrx_word' id='word_1_403' title='bbox 3873 3026 4150 3081; x_wconf 66' lang='lat' dir='ltr'><strong>canonicze</strong></span> <span class='ocrx_word' id='word_1_404' title='bbox 4193 3043 4322 3082; x_wconf 55' lang='lat' dir='ltr'><strong>san.-</strong></span> 
     </span>
    </p>
   </div>
   <div class='ocr_carea' id='block_1_60' title="bbox 2719 3121 4323 3192">
    <p class='ocr_par' dir='ltr' id='par_1_60' title="bbox 2719 3121 4323 3192">
     <span class='ocr_line' id='line_1_60' title="bbox 2719 3121 4323 3192; baseline -0.001 -15"><span class='ocrx_word' id='word_1_405' title='bbox 2719 3122 2917 3178; x_wconf 88' lang='lat' dir='ltr'><strong>ctiouis</strong></span> <span class='ocrx_word' id='word_1_406' title='bbox 2943 3121 3127 3192; x_wconf 86' lang='lat' dir='ltr'><strong>vigore</strong></span> <span class='ocrx_word' id='word_1_407' title='bbox 3155 3129 3382 3185; x_wconf 90' lang='lat' dir='ltr'><strong>statuta,</strong></span> <span class='ocrx_word' id='word_1_408' title='bbox 3427 3129 3481 3175; x_wconf 89' lang='lat' dir='ltr'><strong>et</strong></span> <span class='ocrx_word' id='word_1_409' title='bbox 3512 3122 3640 3175; x_wconf 89' lang='lat' dir='ltr'><strong>dum</strong></span> <span class='ocrx_word' id='word_1_410' title='bbox 3687 3136 3785 3192; x_wconf 90' lang='lat' dir='ltr'><strong>pro</strong></span> <span class='ocrx_word' id='word_1_411' title='bbox 3818 3121 3977 3176; x_wconf 89' lang='lat' dir='ltr'><strong>unius</strong></span> <span class='ocrx_word' id='word_1_412' title='bbox 4025 3138 4203 3178; x_wconf 71' lang='lat' dir='ltr'><strong>causae</strong></span> <span class='ocrx_word' id='word_1_413' title='bbox 4242 3123 4323 3176; x_wconf 86' lang='lat' dir='ltr'><strong>in-</strong></span> 
     </span>
    </p>
   </div>
   <div class='ocr_carea' id='block_1_61' title="bbox 2721 3215 4326 3286">
    <p class='ocr_par' dir='ltr' id='par_1_61' title="bbox 2721 3215 4326 3286">
     <span class='ocr_line' id='line_1_61' title="bbox 2721 3215 4326 3286; baseline 0.006 -17"><span class='ocrx_word' id='word_1_414' title='bbox 2721 3216 2856 3269; x_wconf 92' lang='lat' dir='ltr'><strong>tuitu</strong></span> <span class='ocrx_word' id='word_1_415' title='bbox 2890 3216 3130 3286; x_wconf 82' lang='lat' dir='ltr'><strong>synodus</strong></span> <span class='ocrx_word' id='word_1_416' title='bbox 3161 3223 3488 3285; x_wconf 74' lang='lat' dir='ltr'><strong>congregata</strong></span> <span class='ocrx_word' id='word_1_417' title='bbox 3537 3215 3704 3271; x_wconf 89' lang='lat' dir='ltr'><strong>fuisse</strong></span> <span class='ocrx_word' id='word_1_418' title='bbox 3755 3218 4098 3285; x_wconf 77' lang='lat' dir='ltr'><strong>decernitur,</strong></span> <span class='ocrx_word' id='word_1_419' title='bbox 4139 3220 4326 3278; x_wconf 76' lang='lat' dir='ltr'><strong>multis</strong></span> 
     </span>
    </p>
   </div>
   <div class='ocr_carea' id='block_1_62' title="bbox 1022 3305 4062 3380">
    <p class='ocr_par' dir='ltr' id='par_1_62' title="bbox 1022 3305 4062 3380">
     <span class='ocr_line' id='line_1_62' title="bbox 1022 3305 4062 3380; baseline 0 -18"><span class='ocrx_word' id='word_1_420' title='bbox 1022 3310 1126 3364; x_wconf 89' lang='lat' dir='ltr'><strong>sibi</strong></span> <span class='ocrx_word' id='word_1_421' title='bbox 1176 3309 1424 3365; x_wconf 85' lang='lat' dir='ltr'><strong>evenisse</strong></span> <span class='ocrx_word' id='word_1_422' title='bbox 1454 3309 1785 3375; x_wconf 89' lang='lat' dir='ltr'><strong>considerat,</strong></span> <span class='ocrx_word' id='word_1_423' title='bbox 1831 3325 1996 3364; x_wconf 91' lang='lat' dir='ltr'><strong>unum</strong></span> <span class='ocrx_word' id='word_1_424' title='bbox 2048 3309 2176 3379; x_wconf 92' lang='lat' dir='ltr'><strong>quid</strong></span> <span class='ocrx_word' id='word_1_425' title='bbox 2207 3325 2404 3364; x_wconf 88' lang='lat' dir='ltr'><strong>novum</strong></span> <span class='ocrx_word' id='word_1_426' title='bbox 2435 3320 2490 3365; x_wconf 90' lang='lat' dir='ltr'><strong>et</strong></span> <span class='ocrx_word' id='word_1_427' title='bbox 2539 3310 2617 3364; x_wconf 90' lang='lat' dir='ltr'><strong>in-</strong></span> <span class='ocrx_word' id='word_1_428' title='bbox 2646 3319 2692 3380; x_wconf 65' lang='grc' dir='ltr'>(ς</span> <span class='ocrx_word' id='word_1_429' title='bbox 2723 3308 3066 3376; x_wconf 85' lang='lat' dir='ltr'><strong>postmodum</strong></span> <span class='ocrx_word' id='word_1_430' title='bbox 3091 3307 3272 3362; x_wconf 87' lang='lat' dir='ltr'><strong>causis</strong></span> <span class='ocrx_word' id='word_1_431' title='bbox 3307 3315 3521 3362; x_wconf 85' lang='lat' dir='ltr'><strong>constat</strong></span> <span class='ocrx_word' id='word_1_432' title='bbox 3543 3305 3712 3362; x_wconf 84' lang='lat' dir='ltr'><strong>fuisse</strong></span> <span class='ocrx_word' id='word_1_433' title='bbox 3744 3307 4062 3377; x_wconf 79' lang='lat' dir='ltr'><strong>prcﬁeuatn.</strong></span> 
     </span>
    </p>
   </div>
   <div class='ocr_carea' id='block_1_63' title="bbox 1027 3398 2618 3469">
    <p class='ocr_par' dir='ltr' id='par_1_63' title="bbox 1027 3398 2618 3469">
     <span class='ocr_line' id='line_1_63' title="bbox 1027 3398 2618 3469; baseline 0.001 -17"><span class='ocrx_word' id='word_1_434' title='bbox 1027 3410 1303 3469; x_wconf 81' lang='lat' dir='ltr'><strong>speratum</strong></span> <span class='ocrx_word' id='word_1_435' title='bbox 1333 3415 1454 3454; x_wconf 89' lang='lat' dir='ltr'><strong>eam</strong></span> <span class='ocrx_word' id='word_1_436' title='bbox 1486 3415 1591 3454; x_wconf 92' lang='lat' dir='ltr'><strong>non</strong></span> <span class='ocrx_word' id='word_1_437' title='bbox 1624 3399 1892 3454; x_wconf 90' lang='lat' dir='ltr'><strong>modicum</strong></span> <span class='ocrx_word' id='word_1_438' title='bbox 1916 3399 2273 3469; x_wconf 83' lang='lat' dir='ltr'><strong>perturbavit.</strong></span> <span class='ocrx_word' id='word_1_439' title='bbox 2307 3398 2441 3454; x_wconf 87' lang='lat' dir='ltr'><strong>Cum</strong></span> <span class='ocrx_word' id='word_1_440' title='bbox 2474 3401 2618 3456; x_wconf 91' lang='lat' dir='ltr'><strong>enim</strong></span> 
     </span>
    </p>
   </div>
   <div class='ocr_carea' id='block_1_64' title="bbox 1024 3491 2619 3562">
    <p class='ocr_par' dir='ltr' id='par_1_64' title="bbox 1024 3491 2619 3562">
     <span class='ocr_line' id='line_1_64' title="bbox 1024 3491 2619 3562; baseline -0.001 -16"><span class='ocrx_word' id='word_1_441' title='bbox 1024 3492 1190 3562; x_wconf 87' lang='lat' dir='ltr'><strong>hujus</strong></span> <span class='ocrx_word' id='word_1_442' title='bbox 1235 3492 1440 3546; x_wconf 90' lang='lat' dir='ltr'><strong>sinistri</strong></span> <span class='ocrx_word' id='word_1_443' title='bbox 1473 3493 1708 3547; x_wconf 90' lang='lat' dir='ltr'><strong>rumoris</strong></span> <span class='ocrx_word' id='word_1_444' title='bbox 1739 3491 1880 3546; x_wconf 89' lang='lat' dir='ltr'><strong>fama</strong></span> <span class='ocrx_word' id='word_1_445' title='bbox 1932 3491 2095 3546; x_wconf 91' lang='lat' dir='ltr'><strong>totius</strong></span> <span class='ocrx_word' id='word_1_446' title='bbox 2132 3491 2359 3544; x_wconf 88' lang='lat' dir='ltr'><strong>ltomani</strong></span> <span class='ocrx_word' id='word_1_447' title='bbox 2406 3491 2619 3546; x_wconf 88' lang='lat' dir='ltr'><strong>concilii</strong></span> 
     </span>
    </p>
   </div>
   <div class='ocr_carea' id='block_1_65' title="bbox 1029 3582 2620 3655">
    <p class='ocr_par' dir='ltr' id='par_1_65' title="bbox 1029 3582 2620 3655">
     <span class='ocr_line' id='line_1_65' title="bbox 1029 3582 2620 3655; baseline -0.003 -16"><span class='ocrx_word' id='word_1_448' title='bbox 1029 3586 1239 3640; x_wconf 85' lang='lat' dir='ltr'><strong>noviter</strong></span> <span class='ocrx_word' id='word_1_449' title='bbox 1265 3584 1580 3655; x_wconf 88' lang='lat' dir='ltr'><strong>percelleret</strong></span> <span class='ocrx_word' id='word_1_450' title='bbox 1629 3584 1863 3651; x_wconf 85' lang='lat' dir='ltr'><strong>auditus,</strong></span> <span class='ocrx_word' id='word_1_451' title='bbox 1894 3597 2083 3638; x_wconf 88' lang='lat' dir='ltr'><strong>omnes</strong></span> <span class='ocrx_word' id='word_1_452' title='bbox 2108 3582 2311 3653; x_wconf 90' lang='lat' dir='ltr'><strong>pariter</strong></span> <span class='ocrx_word' id='word_1_453' title='bbox 2342 3582 2393 3636; x_wconf 93' lang='lat' dir='ltr'><strong>in</strong></span> <span class='ocrx_word' id='word_1_454' title='bbox 2419 3597 2620 3637; x_wconf 65' lang='lat' dir='ltr'><strong>moero-</strong></span> 
     </span>
    </p>
   </div>
   <div class='ocr_carea' id='block_1_66' title="bbox 1027 3671 2623 3742">
    <p class='ocr_par' dir='ltr' id='par_1_66' title="bbox 1027 3671 2623 3742">
     <span class='ocr_line' id='line_1_66' title="bbox 1027 3671 2623 3742; baseline -0.003 -12"><span class='ocrx_word' id='word_1_455' title='bbox 1027 3690 1140 3730; x_wconf 88' lang='lat' dir='ltr'><strong>rctn</strong></span> <span class='ocrx_word' id='word_1_456' title='bbox 1178 3674 1339 3732; x_wconf 88' lang='lat' dir='ltr'><strong>simul</strong></span> <span class='ocrx_word' id='word_1_457' title='bbox 1367 3686 1424 3730; x_wconf 90' lang='lat' dir='ltr'><strong>et</strong></span> <span class='ocrx_word' id='word_1_458' title='bbox 1460 3675 1871 3729; x_wconf 84' lang='lat' dir='ltr'><strong>admirationem</strong></span> <span class='ocrx_word' id='word_1_459' title='bbox 1907 3673 2155 3728; x_wconf 88' lang='lat' dir='ltr'><strong>conversi</strong></span> <span class='ocrx_word' id='word_1_460' title='bbox 2200 3682 2344 3726; x_wconf 91' lang='lat' dir='ltr'><strong>sunt.</strong></span> <span class='ocrx_word' id='word_1_461' title='bbox 2377 3671 2623 3742; x_wconf 86' lang='lat' dir='ltr'><strong>Cumque</strong></span> 
     </span>
    </p>
   </div>
   <div class='ocr_carea' id='block_1_67' title="bbox 1029 3764 2622 3840">
    <p class='ocr_par' dir='ltr' id='par_1_67' title="bbox 1029 3764 2622 3840">
     <span class='ocr_line' id='line_1_67' title="bbox 1029 3764 2622 3840; baseline -0.005 -14"><span class='ocrx_word' id='word_1_462' title='bbox 1029 3770 1118 3826; x_wconf 85' lang='lat' dir='ltr'><strong>diu</strong></span> <span class='ocrx_word' id='word_1_463' title='bbox 1149 3779 1426 3840; x_wconf 89' lang='lat' dir='ltr'><strong>protracta</strong></span> <span class='ocrx_word' id='word_1_464' title='bbox 1457 3769 1862 3828; x_wconf 88' lang='lat' dir='ltr'><strong>deliberatione,</strong></span> <span class='ocrx_word' id='word_1_465' title='bbox 1897 3782 2077 3836; x_wconf 88' lang='lat' dir='ltr'><strong>quem,</strong></span> <span class='ocrx_word' id='word_1_466' title='bbox 2123 3764 2336 3834; x_wconf 82' lang='lat' dir='ltr'><strong>qualem</strong></span> <span class='ocrx_word' id='word_1_467' title='bbox 2365 3775 2420 3819; x_wconf 91' lang='lat' dir='ltr'><strong>et</strong></span> <span class='ocrx_word' id='word_1_468' title='bbox 2444 3781 2622 3835; x_wconf 84' lang='lat' dir='ltr'><strong>quau-</strong></span> 
     </span>
    </p>
   </div>
   <div class='ocr_carea' id='block_1_68' title="bbox 1030 3854 2620 3930">
    <p class='ocr_par' dir='ltr' id='par_1_68' title="bbox 1030 3854 2620 3930">
     <span class='ocr_line' id='line_1_68' title="bbox 1030 3854 2620 3930; baseline -0.005 -15"><span class='ocrx_word' id='word_1_469' title='bbox 1030 3870 1142 3914; x_wconf 83' lang='lat' dir='ltr'><strong>tum</strong></span> <span class='ocrx_word' id='word_1_470' title='bbox 1174 3875 1274 3930; x_wconf 87' lang='lat' dir='ltr'><strong>pro</strong></span> <span class='ocrx_word' id='word_1_471' title='bbox 1307 3868 1469 3914; x_wconf 83' lang='lat' dir='ltr'><strong>tantae</strong></span> <span class='ocrx_word' id='word_1_472' title='bbox 1498 3860 1573 3912; x_wconf 90' lang='lat' dir='ltr'><strong>rei</strong></span> <span class='ocrx_word' id='word_1_473' title='bbox 1594 3858 2014 3928; x_wconf 58' lang='lat' dir='ltr'><strong>praesumptione</strong></span> <span class='ocrx_word' id='word_1_474' title='bbox 2039 3856 2313 3910; x_wconf 88' lang='lat' dir='ltr'><strong>destinare</strong></span> <span class='ocrx_word' id='word_1_475' title='bbox 2341 3854 2620 3920; x_wconf 88' lang='lat' dir='ltr'><strong>deberent,</strong></span> 
     </span>
    </p>
   </div>
   <div class='ocr_carea' id='block_1_69' title="bbox 1030 3947 2628 4016">
    <p class='ocr_par' dir='ltr' id='par_1_69' title="bbox 1030 3947 2628 4016">
     <span class='ocr_line' id='line_1_69' title="bbox 1030 3947 2628 4016; baseline -0.003 -12"><span class='ocrx_word' id='word_1_476' title='bbox 1030 3966 1128 4006; x_wconf 88' lang='lat' dir='ltr'><strong>nos</strong></span> <span class='ocrx_word' id='word_1_477' title='bbox 1150 3953 1365 4007; x_wconf 89' lang='lat' dir='ltr'><strong>demunt</strong></span> <span class='ocrx_word' id='word_1_478' title='bbox 1387 3951 1602 4005; x_wconf 90' lang='lat' dir='ltr'><strong>mittere</strong></span> <span class='ocrx_word' id='word_1_479' title='bbox 1625 3949 1999 4004; x_wconf 90' lang='lat' dir='ltr'><strong>decreverunt.</strong></span> <span class='ocrx_word' id='word_1_480' title='bbox 2025 3947 2080 4001; x_wconf 94' lang='lat' dir='ltr'><strong>ln</strong></span> <span class='ocrx_word' id='word_1_481' title='bbox 2096 3947 2195 4002; x_wconf 89' lang='lat' dir='ltr'><strong>hoe</strong></span> <span class='ocrx_word' id='word_1_482' title='bbox 2212 3961 2443 4016; x_wconf 90' lang='lat' dir='ltr'><strong>namque</strong></span> <span class='ocrx_word' id='word_1_483' title='bbox 2454 3961 2628 4016; x_wconf 85' lang='lat' dir='ltr'><strong>quan-</strong></span> 
     </span>
    </p>
   </div>
   <div class='ocr_carea' id='block_1_70' title="bbox 1031 4037 2624 4113">
    <p class='ocr_par' dir='ltr' id='par_1_70' title="bbox 1031 4037 2624 4113">
     <span class='ocr_line' id='line_1_70' title="bbox 1031 4037 2624 4113; baseline -0.003 -16"><span class='ocrx_word' id='word_1_484' title='bbox 1031 4049 1145 4097; x_wconf 86' lang='lat' dir='ltr'><strong>tum</strong></span> <span class='ocrx_word' id='word_1_485' title='bbox 1176 4057 1339 4113; x_wconf 86' lang='lat' dir='ltr'><strong>super</strong></span> <span class='ocrx_word' id='word_1_486' title='bbox 1363 4042 1464 4096; x_wconf 92' lang='lat' dir='ltr'><strong>hoc</strong></span> <span class='ocrx_word' id='word_1_487' title='bbox 1496 4040 1734 4094; x_wconf 76' lang='lat' dir='ltr'><strong>Romana</strong></span> <span class='ocrx_word' id='word_1_488' title='bbox 1761 4039 1906 4095; x_wconf 89' lang='lat' dir='ltr'><strong>dolet</strong></span> <span class='ocrx_word' id='word_1_489' title='bbox 1933 4037 2170 4093; x_wconf 85' lang='lat' dir='ltr'><strong>Ecclesia</strong></span> <span class='ocrx_word' id='word_1_490' title='bbox 2195 4077 2209 4103; x_wconf 94' lang='lat'><strong>,</strong></span> <span class='ocrx_word' id='word_1_491' title='bbox 2256 4037 2453 4092; x_wconf 82' lang='lat' dir='ltr'><strong>fratres</strong></span> <span class='ocrx_word' id='word_1_492' title='bbox 2495 4037 2624 4102; x_wconf 91' lang='lat' dir='ltr'><strong>mei,</strong></span> 
     </span>
    </p>
   </div>
   <div class='ocr_carea' id='block_1_71' title="bbox 1033 4129 2622 4202">
    <p class='ocr_par' dir='ltr' id='par_1_71' title="bbox 1033 4129 2622 4202">
     <span class='ocr_line' id='line_1_71' title="bbox 1033 4129 2622 4202; baseline -0.003 -16"><span class='ocrx_word' id='word_1_493' title='bbox 1033 4133 1371 4202; x_wconf 86' lang='lat' dir='ltr'><strong>perpendite,</strong></span> <span class='ocrx_word' id='word_1_494' title='bbox 1411 4132 1536 4202; x_wconf 87' lang='lat' dir='ltr'><strong>quia</strong></span> <span class='ocrx_word' id='word_1_495' title='bbox 1565 4145 1670 4186; x_wconf 94' lang='lat' dir='ltr'><strong>non</strong></span> <span class='ocrx_word' id='word_1_496' title='bbox 1709 4131 2098 4186; x_wconf 85' lang='lat' dir='ltr'><strong>subdiaconum</strong></span> <span class='ocrx_word' id='word_1_497' title='bbox 2123 4169 2138 4194; x_wconf 90' lang='lat'><strong>,</strong></span> <span class='ocrx_word' id='word_1_498' title='bbox 2172 4143 2280 4184; x_wconf 91' lang='lat' dir='ltr'><strong>non</strong></span> <span class='ocrx_word' id='word_1_499' title='bbox 2308 4129 2622 4192; x_wconf 90' lang='lat' dir='ltr'><strong>diaconum,</strong></span> 
     </span>
    </p>
   </div>
   <div class='ocr_carea' id='block_1_72' title="bbox 1033 4221 2624 4294">
    <p class='ocr_par' dir='ltr' id='par_1_72' title="bbox 1033 4221 2624 4294">
     <span class='ocr_line' id='line_1_72' title="bbox 1033 4221 2624 4294; baseline -0.003 -17"><span class='ocrx_word' id='word_1_500' title='bbox 1033 4237 1138 4279; x_wconf 85' lang='lat' dir='ltr'><strong>non</strong></span> <span class='ocrx_word' id='word_1_501' title='bbox 1171 4223 1528 4280; x_wconf 89' lang='lat' dir='ltr'><strong>cardinalium</strong></span> <span class='ocrx_word' id='word_1_502' title='bbox 1563 4223 1862 4293; x_wconf 90' lang='lat' dir='ltr'><strong>quemlibet</strong></span> <span class='ocrx_word' id='word_1_503' title='bbox 1893 4221 2005 4292; x_wconf 61' lang='lat' dir='ltr'><strong>(tl)</strong></span> <span class='ocrx_word' id='word_1_504' title='bbox 2039 4222 2256 4276; x_wconf 90' lang='lat' dir='ltr'><strong>mittere</strong></span> <span class='ocrx_word' id='word_1_505' title='bbox 2291 4221 2624 4294; x_wconf 88' lang='lat' dir='ltr'><strong>procuravit.</strong></span> 
     </span>
    </p>
   </div>
   <div class='ocr_carea' id='block_1_73' title="bbox 1105 4314 2625 4387">
    <p class='ocr_par' dir='ltr' id='par_1_73' title="bbox 1105 4314 2625 4387">
     <span class='ocr_line' id='line_1_73' title="bbox 1105 4314 2625 4387; baseline -0.001 -17"><span class='ocrx_word' id='word_1_506' title='bbox 1105 4316 1192 4371; x_wconf 81' lang='lat' dir='ltr'><strong>l9.</strong></span> <span class='ocrx_word' id='word_1_507' title='bbox 1222 4316 1373 4371; x_wconf 87' lang='lat' dir='ltr'><strong>Tunc</strong></span> <span class='ocrx_word' id='word_1_508' title='bbox 1397 4316 1634 4387; x_wconf 90' lang='lat' dir='ltr'><strong>episcopi</strong></span> <span class='ocrx_word' id='word_1_509' title='bbox 1670 4327 1860 4370; x_wconf 90' lang='lat' dir='ltr'><strong>omnes</strong></span> <span class='ocrx_word' id='word_1_510' title='bbox 1895 4329 1962 4369; x_wconf 88' lang='lat' dir='ltr'><strong>ex</strong></span> <span class='ocrx_word' id='word_1_511' title='bbox 2011 4314 2289 4383; x_wconf 73' lang='lat' dir='ltr'><strong>prremissa</strong></span> <span class='ocrx_word' id='word_1_512' title='bbox 2337 4315 2625 4370; x_wconf 90' lang='lat' dir='ltr'><strong>verborum</strong></span> 
     </span>
    </p>
   </div>
   <div class='ocr_carea' id='block_1_74' title="bbox 1036 4405 2628 4476">
    <p class='ocr_par' dir='ltr' id='par_1_74' title="bbox 1036 4405 2628 4476">
     <span class='ocr_line' id='line_1_74' title="bbox 1036 4405 2628 4476; baseline 0 -17"><span class='ocrx_word' id='word_1_513' title='bbox 1036 4405 1317 4463; x_wconf 87' lang='lat' dir='ltr'><strong>dulcedine</strong></span> <span class='ocrx_word' id='word_1_514' title='bbox 1342 4407 1498 4462; x_wconf 89' lang='lat' dir='ltr'><strong>valde</strong></span> <span class='ocrx_word' id='word_1_515' title='bbox 1520 4406 1785 4468; x_wconf 88' lang='lat' dir='ltr'><strong>benevoli,</strong></span> <span class='ocrx_word' id='word_1_516' title='bbox 1817 4416 1872 4460; x_wconf 91' lang='lat' dir='ltr'><strong>et</strong></span> <span class='ocrx_word' id='word_1_517' title='bbox 1899 4420 1962 4459; x_wconf 90' lang='lat' dir='ltr'><strong>ex</strong></span> <span class='ocrx_word' id='word_1_518' title='bbox 1995 4419 2173 4460; x_wconf 64' lang='lat' dir='ltr'><strong>causa:</strong></span> <span class='ocrx_word' id='word_1_519' title='bbox 2212 4405 2628 4476; x_wconf 83' lang='lat' dir='ltr'><strong>exaggeratione</strong></span> 
     </span>
    </p>
   </div>
   <div class='ocr_carea' id='block_1_75' title="bbox 1036 4496 2627 4567">
    <p class='ocr_par' dir='ltr' id='par_1_75' title="bbox 1036 4496 2627 4567">
     <span class='ocr_line' id='line_1_75' title="bbox 1036 4496 2627 4567; baseline 0.001 -17"><span class='ocrx_word' id='word_1_520' title='bbox 1036 4512 1142 4552; x_wconf 87' lang='lat' dir='ltr'><strong>non</strong></span> <span class='ocrx_word' id='word_1_521' title='bbox 1182 4513 1369 4567; x_wconf 91' lang='lat' dir='ltr'><strong>parum</strong></span> <span class='ocrx_word' id='word_1_522' title='bbox 1407 4498 1622 4561; x_wconf 87' lang='lat' dir='ltr'><strong>intenti,</strong></span> <span class='ocrx_word' id='word_1_523' title='bbox 1660 4497 2046 4566; x_wconf 81' lang='lat' dir='ltr'><strong>exspectabant</strong></span> <span class='ocrx_word' id='word_1_524' title='bbox 2095 4505 2155 4549; x_wconf 91' lang='lat' dir='ltr'><strong>ut</strong></span> <span class='ocrx_word' id='word_1_525' title='bbox 2184 4496 2298 4565; x_wconf 91' lang='lat' dir='ltr'><strong>jam</strong></span> <span class='ocrx_word' id='word_1_526' title='bbox 2343 4511 2504 4551; x_wconf 90' lang='lat' dir='ltr'><strong>causa</strong></span> <span class='ocrx_word' id='word_1_527' title='bbox 2539 4496 2627 4551; x_wconf 89' lang='lat' dir='ltr'><strong>illa</strong></span> 
     </span>
    </p>
   </div>
   <div class='ocr_carea' id='block_1_76' title="bbox 1039 4589 2628 4662">
    <p class='ocr_par' dir='ltr' id='par_1_76' title="bbox 1039 4589 2628 4662">
     <span class='ocr_line' id='line_1_76' title="bbox 1039 4589 2628 4662; baseline 0 -18"><span class='ocrx_word' id='word_1_528' title='bbox 1039 4602 1420 4660; x_wconf 88' lang='lat' dir='ltr'><strong>exponeretur,</strong></span> <span class='ocrx_word' id='word_1_529' title='bbox 1450 4606 1547 4661; x_wconf 92' lang='lat' dir='ltr'><strong>pro</strong></span> <span class='ocrx_word' id='word_1_530' title='bbox 1576 4607 1683 4662; x_wconf 90' lang='lat' dir='ltr'><strong>qua</strong></span> <span class='ocrx_word' id='word_1_531' title='bbox 1715 4599 1898 4646; x_wconf 89' lang='lat' dir='ltr'><strong>tantus</strong></span> <span class='ocrx_word' id='word_1_532' title='bbox 1927 4599 1981 4644; x_wconf 90' lang='lat' dir='ltr'><strong>et</strong></span> <span class='ocrx_word' id='word_1_533' title='bbox 2012 4590 2136 4644; x_wconf 86' lang='lat' dir='ltr'><strong>talis</strong></span> <span class='ocrx_word' id='word_1_534' title='bbox 2159 4590 2322 4644; x_wconf 88' lang='lat' dir='ltr'><strong>homo</strong></span> <span class='ocrx_word' id='word_1_535' title='bbox 2352 4605 2381 4642; x_wconf 90' lang='lat' dir='ltr'><strong>a</strong></span> <span class='ocrx_word' id='word_1_536' title='bbox 2409 4589 2628 4644; x_wconf 87' lang='lat' dir='ltr'><strong>Latera-</strong></span> 
     </span>
    </p>
   </div>
   <div class='ocr_carea' id='block_1_77' title="bbox 3294 3413 3745 3456">
    <p class='ocr_par' dir='ltr' id='par_1_77' title="bbox 3294 3413 3745 3456">
     <span class='ocr_line' id='line_1_77' title="bbox 3294 3413 3745 3456; baseline 0.002 -3"><span class='ocrx_word' id='word_1_537' title='bbox 3294 3413 3364 3453; x_wconf 73' lang='grc' dir='ltr'><strong>ΒΕ</strong></span> <span class='ocrx_word' id='word_1_538' title='bbox 3396 3413 3745 3456; x_wconf 66' lang='grc' dir='ltr'><strong>κεγεκειοκε.</strong></span> 
     </span>
    </p>
   </div>
   <div class='ocr_carea' id='block_1_78' title="bbox 2796 3491 4328 3565">
    <p class='ocr_par' dir='ltr' id='par_1_78' title="bbox 2796 3491 4328 3565">
     <span class='ocr_line' id='line_1_78' title="bbox 2796 3491 4328 3565; baseline 0.003 -19"><span class='ocrx_word' id='word_1_539' title='bbox 2796 3493 2891 3547; x_wconf 71' lang='lat'><strong>20.</strong></span> <span class='ocrx_word' id='word_1_540' title='bbox 2933 3492 3147 3546; x_wconf 86' lang='lat' dir='ltr'><strong>Interea</strong></span> <span class='ocrx_word' id='word_1_541' title='bbox 3207 3491 3466 3546; x_wconf 84' lang='lat' dir='ltr'><strong>redeundi</strong></span> <span class='ocrx_word' id='word_1_542' title='bbox 3529 3507 3686 3547; x_wconf 90' lang='lat' dir='ltr'><strong>amcr</strong></span> <span class='ocrx_word' id='word_1_543' title='bbox 3731 3494 3995 3561; x_wconf 91' lang='lat' dir='ltr'><strong>occurrit,</strong></span> <span class='ocrx_word' id='word_1_544' title='bbox 4048 3497 4328 3565; x_wconf 72' lang='lat' dir='ltr'><strong>repetendi</strong></span> 
     </span>
    </p>
   </div>
   <div class='ocr_carea' id='block_1_79' title="bbox 2727 3581 4325 3653">
    <p class='ocr_par' dir='ltr' id='par_1_79' title="bbox 2727 3581 4325 3653">
     <span class='ocr_line' id='line_1_79' title="bbox 2727 3581 4325 3653; baseline 0.001 -17"><span class='ocrx_word' id='word_1_545' title='bbox 2727 3583 2938 3638; x_wconf 84' lang='lat' dir='ltr'><strong>itineris</strong></span> <span class='ocrx_word' id='word_1_546' title='bbox 2979 3581 3132 3636; x_wconf 89' lang='lat' dir='ltr'><strong>labor</strong></span> <span class='ocrx_word' id='word_1_547' title='bbox 3172 3581 3457 3636; x_wconf 90' lang='lat' dir='ltr'><strong>incumbit.</strong></span> <span class='ocrx_word' id='word_1_548' title='bbox 3492 3581 3740 3637; x_wconf 80' lang='lat' dir='ltr'><strong>Licentia</strong></span> <span class='ocrx_word' id='word_1_549' title='bbox 3773 3584 4000 3653; x_wconf 87' lang='lat' dir='ltr'><strong>petitur,</strong></span> <span class='ocrx_word' id='word_1_550' title='bbox 4031 3584 4124 3638; x_wconf 89' lang='lat' dir='ltr'><strong>sed</strong></span> <span class='ocrx_word' id='word_1_551' title='bbox 4158 3583 4325 3638; x_wconf 88' lang='lat' dir='ltr'><strong>licen-</strong></span> 
     </span>
    </p>
   </div>
   <div class='ocr_carea' id='block_1_80' title="bbox 2730 3661 4329 3742">
    <p class='ocr_par' dir='ltr' id='par_1_80' title="bbox 2730 3661 4329 3742">
     <span class='ocr_line' id='line_1_80' title="bbox 2730 3661 4329 3742; baseline 0.003 -16"><span class='ocrx_word' id='word_1_552' title='bbox 2730 3675 2799 3727; x_wconf 87' lang='lat' dir='ltr'><strong>tia</strong></span> <span class='ocrx_word' id='word_1_553' title='bbox 2843 3672 3165 3742; x_wconf 87' lang='lat' dir='ltr'><strong>protelatur.</strong></span> <span class='ocrx_word' id='word_1_554' title='bbox 3199 3672 3317 3742; x_wconf 89' lang='lat' dir='ltr'><strong>lpsc</strong></span> <span class='ocrx_word' id='word_1_555' title='bbox 3345 3674 3492 3727; x_wconf 92' lang='lat' dir='ltr'><strong>enim</strong></span> <span class='ocrx_word' id='word_1_556' title='bbox 3542 3673 3713 3727; x_wconf 88' lang='lat' dir='ltr'><strong>abbas</strong></span> <span class='ocrx_word' id='word_1_557' title='bbox 3747 3661 3884 3732; x_wconf 38' lang='lat' dir='ltr'><strong>.cutn</strong></span> <span class='ocrx_word' id='word_1_558' title='bbox 3927 3674 4039 3730; x_wconf 90' lang='lat' dir='ltr'><strong>suis</strong></span> <span class='ocrx_word' id='word_1_559' title='bbox 4089 3684 4329 3731; x_wconf 84' lang='lat' dir='ltr'><strong>tractare</strong></span> 
     </span>
    </p>
   </div>
   <div class='ocr_carea' id='block_1_81' title="bbox 2727 3763 4330 3834">
    <p class='ocr_par' dir='ltr' id='par_1_81' title="bbox 2727 3763 4330 3834">
     <span class='ocr_line' id='line_1_81' title="bbox 2727 3763 4330 3834; baseline 0.002 -16"><span class='ocrx_word' id='word_1_560' title='bbox 2727 3766 2891 3833; x_wconf 61' lang='lat' dir='ltr'><strong>cmplt</strong></span> <span class='ocrx_word' id='word_1_561' title='bbox 2919 3763 3190 3833; x_wconf 85' lang='lat' dir='ltr'><strong>quomodo</strong></span> <span class='ocrx_word' id='word_1_562' title='bbox 3215 3763 3350 3817; x_wconf 84' lang='lat' dir='ltr'><strong>tanti</strong></span> <span class='ocrx_word' id='word_1_563' title='bbox 3381 3763 3536 3818; x_wconf 89' lang='lat' dir='ltr'><strong>labor</strong></span> <span class='ocrx_word' id='word_1_564' title='bbox 3572 3765 3786 3834; x_wconf 80' lang='lat' dir='ltr'><strong>itineris</strong></span> <span class='ocrx_word' id='word_1_565' title='bbox 3811 3764 4041 3833; x_wconf 82' lang='lat' dir='ltr'><strong>alicujus</strong></span> <span class='ocrx_word' id='word_1_566' title='bbox 4081 3768 4330 3822; x_wconf 83' lang='lat' dir='ltr'><strong>muneris</strong></span> 
     </span>
    </p>
   </div>
   <div class='ocr_carea' id='block_1_82' title="bbox 2728 3854 4333 3926">
    <p class='ocr_par' dir='ltr' id='par_1_82' title="bbox 2728 3854 4333 3926">
     <span class='ocr_line' id='line_1_82' title="bbox 2728 3854 4333 3926; baseline 0.004 -17"><span class='ocrx_word' id='word_1_567' title='bbox 2728 3855 3171 3926; x_wconf 86' lang='lat' dir='ltr'><strong>compensatione</strong></span> <span class='ocrx_word' id='word_1_568' title='bbox 3232 3854 3593 3926; x_wconf 80' lang='lat' dir='ltr'><strong>levigarctur;</strong></span> <span class='ocrx_word' id='word_1_569' title='bbox 3640 3858 3848 3914; x_wconf 82' lang='lat' dir='ltr'><strong>sciebat</strong></span> <span class='ocrx_word' id='word_1_570' title='bbox 3873 3860 4017 3914; x_wconf 90' lang='lat' dir='ltr'><strong>enim</strong></span> <span class='ocrx_word' id='word_1_571' title='bbox 4051 3861 4198 3916; x_wconf 87' lang='lat' dir='ltr'><strong>hunc</strong></span> <span class='ocrx_word' id='word_1_572' title='bbox 4232 3861 4333 3916; x_wconf 84' lang='lat' dir='ltr'><strong>bo-</strong></span> 
     </span>
    </p>
   </div>
   <div class='ocr_carea' id='block_1_83' title="bbox 2729 3947 4328 4022">
    <p class='ocr_par' dir='ltr' id='par_1_83' title="bbox 2729 3947 4328 4022">
     <span class='ocr_line' id='line_1_83' title="bbox 2729 3947 4328 4022; baseline 0.005 -22"><span class='ocrx_word' id='word_1_573' title='bbox 2729 3947 2929 4001; x_wconf 88' lang='lat' dir='ltr'><strong>minem</strong></span> <span class='ocrx_word' id='word_1_574' title='bbox 2983 3947 3271 4016; x_wconf 88' lang='lat' dir='ltr'><strong>pecnniam</strong></span> <span class='ocrx_word' id='word_1_575' title='bbox 3300 3962 3408 4003; x_wconf 92' lang='lat' dir='ltr'><strong>non</strong></span> <span class='ocrx_word' id='word_1_576' title='bbox 3432 3963 3638 4014; x_wconf 90' lang='lat' dir='ltr'><strong>amare,</strong></span> <span class='ocrx_word' id='word_1_577' title='bbox 3669 3966 3894 4006; x_wconf 84' lang='lat' dir='ltr'><strong>munera</strong></span> <span class='ocrx_word' id='word_1_578' title='bbox 3925 3967 4204 4022; x_wconf 89' lang='lat' dir='ltr'><strong>spernere.</strong></span> <span class='ocrx_word' id='word_1_579' title='bbox 4239 3970 4328 4010; x_wconf 87' lang='lat' dir='ltr'><strong>so-</strong></span> 
     </span>
    </p>
   </div>
   <div class='ocr_carea' id='block_1_84' title="bbox 2728 4037 4326 4112">
    <p class='ocr_par' dir='ltr' id='par_1_84' title="bbox 2728 4037 4326 4112">
     <span class='ocr_line' id='line_1_84' title="bbox 2728 4037 4326 4112; baseline 0.005 -21"><span class='ocrx_word' id='word_1_580' title='bbox 2728 4037 2830 4093; x_wconf 89' lang='lat' dir='ltr'><strong>lius</strong></span> <span class='ocrx_word' id='word_1_581' title='bbox 2867 4037 3084 4106; x_wconf 89' lang='lat' dir='ltr'><strong>pictatis</strong></span> <span class='ocrx_word' id='word_1_582' title='bbox 3107 4037 3304 4094; x_wconf 81' lang='lat' dir='ltr'><strong>intuitu</strong></span> <span class='ocrx_word' id='word_1_583' title='bbox 3343 4049 3550 4095; x_wconf 87' lang='lat' dir='ltr'><strong>tantum</strong></span> <span class='ocrx_word' id='word_1_584' title='bbox 3588 4043 3887 4112; x_wconf 78' lang='lat' dir='ltr'><strong>sumpsisse</strong></span> <span class='ocrx_word' id='word_1_585' title='bbox 3915 4043 4174 4099; x_wconf 89' lang='lat' dir='ltr'><strong>laborem.</strong></span> <span class='ocrx_word' id='word_1_586' title='bbox 4215 4043 4326 4098; x_wconf 84' lang='lat' dir='ltr'><strong>Ta-</strong></span> 
     </span>
    </p>
   </div>
   <div class='ocr_carea' id='block_1_85' title="bbox 2729 4127 4328 4204">
    <p class='ocr_par' dir='ltr' id='par_1_85' title="bbox 2729 4127 4328 4204">
     <span class='ocr_line' id='line_1_85' title="bbox 2729 4127 4328 4204; baseline 0.006 -22"><span class='ocrx_word' id='word_1_587' title='bbox 2729 4129 2799 4182; x_wconf 91' lang='lat' dir='ltr'><strong>lia</strong></span> <span class='ocrx_word' id='word_1_588' title='bbox 2830 4129 2994 4200; x_wconf 80' lang='lat' dir='ltr'><strong>igitur</strong></span> <span class='ocrx_word' id='word_1_589' title='bbox 3020 4129 3263 4184; x_wconf 81' lang='lat' dir='ltr'><strong>decrevit</strong></span> <span class='ocrx_word' id='word_1_590' title='bbox 3285 4127 3482 4186; x_wconf 82' lang='lat' dir='ltr'><strong>ofi‘erre</strong></span> <span class='ocrx_word' id='word_1_591' title='bbox 3515 4148 3762 4198; x_wconf 83' lang='lat' dir='ltr'><strong>munera,</strong></span> <span class='ocrx_word' id='word_1_592' title='bbox 3795 4149 3915 4204; x_wconf 77' lang='lat' dir='ltr'><strong>quze</strong></span> <span class='ocrx_word' id='word_1_593' title='bbox 3940 4150 4046 4189; x_wconf 92' lang='lat' dir='ltr'><strong>non</strong></span> <span class='ocrx_word' id='word_1_594' title='bbox 4079 4135 4200 4204; x_wconf 87' lang='lat' dir='ltr'><strong>ipsi,</strong></span> <span class='ocrx_word' id='word_1_595' title='bbox 4233 4137 4328 4191; x_wconf 87' lang='lat' dir='ltr'><strong>sed</strong></span> 
     </span>
    </p>
   </div>
   <div class='ocr_carea' id='block_1_86' title="bbox 2729 4219 4332 4292">
    <p class='ocr_par' dir='ltr' id='par_1_86' title="bbox 2729 4219 4332 4292">
     <span class='ocr_line' id='line_1_86' title="bbox 2729 4219 4332 4292; baseline 0.004 -17"><span class='ocrx_word' id='word_1_596' title='bbox 2729 4236 2826 4292; x_wconf 90' lang='lat' dir='ltr'><strong>per</strong></span> <span class='ocrx_word' id='word_1_597' title='bbox 2847 4235 2971 4274; x_wconf 91' lang='lat' dir='ltr'><strong>eum</strong></span> <span class='ocrx_word' id='word_1_598' title='bbox 2993 4219 3104 4276; x_wconf 90' lang='lat' dir='ltr'><strong>Deo</strong></span> <span class='ocrx_word' id='word_1_599' title='bbox 3135 4221 3550 4287; x_wconf 89' lang='lat' dir='ltr'><strong>transmitteret,</strong></span> <span class='ocrx_word' id='word_1_600' title='bbox 3583 4233 3664 4288; x_wconf 89' lang='lat' dir='ltr'><strong>ut,</strong></span> <span class='ocrx_word' id='word_1_601' title='bbox 3689 4225 3818 4280; x_wconf 90' lang='lat' dir='ltr'><strong>dum</strong></span> <span class='ocrx_word' id='word_1_602' title='bbox 3843 4225 3945 4279; x_wconf 88' lang='lat' dir='ltr'><strong>sibi</strong></span> <span class='ocrx_word' id='word_1_603' title='bbox 3988 4227 4186 4289; x_wconf 75' lang='lat' dir='ltr'><strong>nollet,</strong></span> <span class='ocrx_word' id='word_1_604' title='bbox 4221 4227 4332 4282; x_wconf 82' lang='lat' dir='ltr'><strong>Deo</strong></span> 
     </span>
    </p>
   </div>
   <div class='ocr_carea' id='block_1_87' title="bbox 2730 4311 4333 4383">
    <p class='ocr_par' dir='ltr' id='par_1_87' title="bbox 2730 4311 4333 4383">
     <span class='ocr_line' id='line_1_87' title="bbox 2730 4311 4333 4383; baseline 0.002 -17"><span class='ocrx_word' id='word_1_605' title='bbox 2730 4312 2925 4366; x_wconf 90' lang='lat' dir='ltr'><strong>saltem</strong></span> <span class='ocrx_word' id='word_1_606' title='bbox 2957 4311 3242 4366; x_wconf 90' lang='lat' dir='ltr'><strong>tribueret.</strong></span> <span class='ocrx_word' id='word_1_607' title='bbox 3273 4311 3550 4383; x_wconf 84' lang='lat' dir='ltr'><strong>Capellam</strong></span> <span class='ocrx_word' id='word_1_608' title='bbox 3575 4315 3720 4368; x_wconf 88' lang='lat' dir='ltr'><strong>enim</strong></span> <span class='ocrx_word' id='word_1_609' title='bbox 3749 4327 4064 4381; x_wconf 75' lang='lat' dir='ltr'><strong>argenteam</strong></span> <span class='ocrx_word' id='word_1_610' title='bbox 4098 4317 4333 4372; x_wconf 82' lang='lat' dir='ltr'><strong>deaura-</strong></span> 
     </span>
    </p>
   </div>
   <div class='ocr_carea' id='block_1_88' title="bbox 2733 4405 4332 4477">
    <p class='ocr_par' dir='ltr' id='par_1_88' title="bbox 2733 4405 4332 4477">
     <span class='ocr_line' id='line_1_88' title="bbox 2733 4405 4332 4477; baseline 0.005 -21"><span class='ocrx_word' id='word_1_611' title='bbox 2733 4413 2862 4469; x_wconf 88' lang='lat' dir='ltr'><strong>tam,</strong></span> <span class='ocrx_word' id='word_1_612' title='bbox 2890 4420 3012 4460; x_wconf 92' lang='lat' dir='ltr'><strong>cum</strong></span> <span class='ocrx_word' id='word_1_613' title='bbox 3043 4405 3214 4460; x_wconf 89' lang='lat' dir='ltr'><strong>sacris</strong></span> <span class='ocrx_word' id='word_1_614' title='bbox 3246 4406 3392 4460; x_wconf 81' lang='lat' dir='ltr'><strong>vasis</strong></span> <span class='ocrx_word' id='word_1_615' title='bbox 3420 4414 3475 4460; x_wconf 90' lang='lat' dir='ltr'><strong>et</strong></span> <span class='ocrx_word' id='word_1_616' title='bbox 3505 4407 3768 4470; x_wconf 89' lang='lat' dir='ltr'><strong>vestibus,</strong></span> <span class='ocrx_word' id='word_1_617' title='bbox 3817 4409 3993 4477; x_wconf 88' lang='lat' dir='ltr'><strong>palliis</strong></span> <span class='ocrx_word' id='word_1_618' title='bbox 4034 4419 4088 4464; x_wconf 91' lang='lat' dir='ltr'><strong>ct</strong></span> <span class='ocrx_word' id='word_1_619' title='bbox 4128 4412 4332 4466; x_wconf 85' lang='lat' dir='ltr'><strong>utensi-</strong></span> 
     </span>
    </p>
   </div>
   <div class='ocr_carea' id='block_1_89' title="bbox 2729 4499 4336 4572">
    <p class='ocr_par' dir='ltr' id='par_1_89' title="bbox 2729 4499 4336 4572">
     <span class='ocr_line' id='line_1_89' title="bbox 2729 4499 4336 4572; baseline 0.005 -20"><span class='ocrx_word' id='word_1_620' title='bbox 2729 4499 2874 4554; x_wconf 88' lang='lat' dir='ltr'><strong>libus</strong></span> <span class='ocrx_word' id='word_1_621' title='bbox 2904 4499 3121 4553; x_wconf 89' lang='lat' dir='ltr'><strong>obtulit.</strong></span> <span class='ocrx_word' id='word_1_622' title='bbox 3149 4499 3373 4569; x_wconf 81' lang='lat' dir='ltr'><strong>Accipe,</strong></span> <span class='ocrx_word' id='word_1_623' title='bbox 3405 4499 3600 4570; x_wconf 89' lang='lat' dir='ltr'><strong>inquit,</strong></span> <span class='ocrx_word' id='word_1_624' title='bbox 3625 4503 3904 4572; x_wconf 85' lang='lat' dir='ltr'><strong>magister,</strong></span> <span class='ocrx_word' id='word_1_625' title='bbox 3936 4503 4094 4557; x_wconf 87' lang='lat' dir='ltr'><strong>istam</strong></span> <span class='ocrx_word' id='word_1_626' title='bbox 4119 4519 4336 4560; x_wconf 87' lang='lat' dir='ltr'><strong>sacram</strong></span> 
     </span>
    </p>
   </div>
   <div class='ocr_carea' id='block_1_90' title="bbox 2731 4591 4336 4664">
    <p class='ocr_par' dir='ltr' id='par_1_90' title="bbox 2731 4591 4336 4664">
     <span class='ocr_line' id='line_1_90' title="bbox 2731 4591 4336 4664; baseline 0.006 -22"><span class='ocrx_word' id='word_1_627' title='bbox 2731 4599 2935 4644; x_wconf 82' lang='lat' dir='ltr'><strong>vestem</strong></span> <span class='ocrx_word' id='word_1_628' title='bbox 2963 4599 3020 4645; x_wconf 90' lang='lat' dir='ltr'><strong>et</strong></span> <span class='ocrx_word' id='word_1_629' title='bbox 3047 4601 3232 4646; x_wconf 91' lang='lat' dir='ltr'><strong>sancta</strong></span> <span class='ocrx_word' id='word_1_630' title='bbox 3261 4606 3411 4655; x_wconf 89' lang='lat' dir='ltr'><strong>vasa,</strong></span> <span class='ocrx_word' id='word_1_631' title='bbox 3439 4607 3560 4661; x_wconf 61' lang='lat' dir='ltr'><strong>quas</strong></span> <span class='ocrx_word' id='word_1_632' title='bbox 3597 4591 3707 4648; x_wconf 90' lang='lat' dir='ltr'><strong>Deo</strong></span> <span class='ocrx_word' id='word_1_633' title='bbox 3738 4595 4098 4664; x_wconf 87' lang='lat' dir='ltr'><strong>omnipotenti</strong></span> <span class='ocrx_word' id='word_1_634' title='bbox 4143 4596 4336 4652; x_wconf 85' lang='lat' dir='ltr'><strong>tribui-</strong></span> 
     </span>
    </p>
   </div>
   <div class='ocr_carea' id='block_1_91' title="bbox 1039 4681 4336 4756">
    <p class='ocr_par' dir='ltr' id='par_1_91' title="bbox 1039 4681 4336 4756">
     <span class='ocr_line' id='line_1_91' title="bbox 1039 4681 4336 4756; baseline 0.003 -23"><span class='ocrx_word' id='word_1_635' title='bbox 1039 4683 1192 4736; x_wconf 86' lang='lat' dir='ltr'><strong>nensi</strong></span> <span class='ocrx_word' id='word_1_636' title='bbox 1220 4683 1368 4737; x_wconf 89' lang='lat' dir='ltr'><strong>curia</strong></span> <span class='ocrx_word' id='word_1_637' title='bbox 1401 4683 1727 4737; x_wconf 86' lang='lat' dir='ltr'><strong>devenisset.</strong></span> <span class='ocrx_word' id='word_1_638' title='bbox 1760 4681 1881 4736; x_wconf 80' lang='lat' dir='ltr'><strong>Mox</strong></span> <span class='ocrx_word' id='word_1_639' title='bbox 1910 4691 2112 4738; x_wconf 90' lang='lat' dir='ltr'><strong>autem.</strong></span> <span class='ocrx_word' id='word_1_640' title='bbox 2143 4690 2202 4735; x_wconf 92' lang='lat' dir='ltr'><strong>ut</strong></span> <span class='ocrx_word' id='word_1_641' title='bbox 2226 4682 2338 4736; x_wconf 74' lang='lat' dir='ltr'><strong>suis</strong></span> <span class='ocrx_word' id='word_1_642' title='bbox 2368 4683 2547 4736; x_wconf 70' lang='lat' dir='ltr'><strong>verbis</strong></span> <span class='ocrx_word' id='word_1_643' title='bbox 2572 4682 2626 4735; x_wconf 89' lang='lat' dir='ltr'><strong>il-</strong></span> <span class='ocrx_word' id='word_1_644' title='bbox 2661 4681 2708 4739; x_wconf 91' lang='lat' dir='ltr'><strong>D</strong></span> <span class='ocrx_word' id='word_1_645' title='bbox 2735 4697 2853 4736; x_wconf 90' lang='lat' dir='ltr'><strong>mus</strong></span> <span class='ocrx_word' id='word_1_646' title='bbox 2888 4691 2938 4736; x_wconf 88' lang='lat' dir='ltr'><strong>et</strong></span> <span class='ocrx_word' id='word_1_647' title='bbox 2969 4681 3153 4737; x_wconf 88' lang='lat' dir='ltr'><strong>divino</strong></span> <span class='ocrx_word' id='word_1_648' title='bbox 3181 4682 3290 4736; x_wconf 81' lang='lat' dir='ltr'><strong>rita</strong></span> <span class='ocrx_word' id='word_1_649' title='bbox 3349 4684 3708 4754; x_wconf 80' lang='lat' dir='ltr'><strong>mancipanda</strong></span> <span class='ocrx_word' id='word_1_650' title='bbox 3767 4700 3863 4756; x_wconf 88' lang='lat' dir='ltr'><strong>per</strong></span> <span class='ocrx_word' id='word_1_651' title='bbox 3895 4695 3949 4741; x_wconf 90' lang='lat' dir='ltr'><strong>te</strong></span> <span class='ocrx_word' id='word_1_652' title='bbox 3979 4689 4083 4743; x_wconf 87' lang='lat' dir='ltr'><strong>tuis</strong></span> <span class='ocrx_word' id='word_1_653' title='bbox 4125 4693 4336 4744; x_wconf 88' lang='lat' dir='ltr'><strong>sanctis</strong></span> 
     </span>
    </p>
   </div>
   <div class='ocr_carea' id='block_1_92' title="bbox 1041 4767 2627 4843">
    <p class='ocr_par' dir='ltr' id='par_1_92' title="bbox 1041 4767 2627 4843">
     <span class='ocr_line' id='line_1_92' title="bbox 1041 4767 2627 4843; baseline 0.004 -21"><span class='ocrx_word' id='word_1_654' title='bbox 1041 4767 1210 4826; x_wconf 89' lang='lat' dir='ltr'><strong>lorum</strong></span> <span class='ocrx_word' id='word_1_655' title='bbox 1255 4773 1569 4829; x_wconf 86' lang='lat' dir='ltr'><strong>benevolatn</strong></span> <span class='ocrx_word' id='word_1_656' title='bbox 1612 4773 1941 4828; x_wconf 86' lang='lat' dir='ltr'><strong>audientiam</strong></span> <span class='ocrx_word' id='word_1_657' title='bbox 1975 4774 2171 4828; x_wconf 88' lang='lat' dir='ltr'><strong>adesse</strong></span> <span class='ocrx_word' id='word_1_658' title='bbox 2211 4774 2514 4843; x_wconf 77' lang='lat' dir='ltr'><strong>conspexit,</strong></span> <span class='ocrx_word' id='word_1_659' title='bbox 2548 4776 2627 4829; x_wconf 74' lang='lat' dir='ltr'><strong>sic</strong></span> 
     </span>
    </p>
   </div>
   <div class='ocr_carea' id='block_1_93' title="bbox 1042 4860 2628 4934">
    <p class='ocr_par' dir='ltr' id='par_1_93' title="bbox 1042 4860 2628 4934">
     <span class='ocr_line' id='line_1_93' title="bbox 1042 4860 2628 4934; baseline 0.004 -20"><span class='ocrx_word' id='word_1_660' title='bbox 1042 4860 1204 4929; x_wconf 61' lang='lat' dir='ltr'><strong>capit</strong></span> <span class='ocrx_word' id='word_1_661' title='bbox 1234 4877 1491 4918; x_wconf 88' lang='lat' dir='ltr'><strong>enarrare</strong></span> <span class='ocrx_word' id='word_1_662' title='bbox 1528 4863 1904 4934; x_wconf 78' lang='lat' dir='ltr'><strong>propositum:</strong></span> <span class='ocrx_word' id='word_1_663' title='bbox 1954 4862 2310 4917; x_wconf 88' lang='lat' dir='ltr'><strong>Cluniacense</strong></span> <span class='ocrx_word' id='word_1_664' title='bbox 2352 4877 2628 4921; x_wconf 88' lang='lat' dir='ltr'><strong>monaste-</strong></span> 
     </span>
    </p>
   </div>
   <div class='ocr_carea' id='block_1_94' title="bbox 1044 4948 2626 5021">
    <p class='ocr_par' dir='ltr' id='par_1_94' title="bbox 1044 4948 2626 5021">
     <span class='ocr_line' id='line_1_94' title="bbox 1044 4948 2626 5021; baseline 0.004 -18"><span class='ocrx_word' id='word_1_665' title='bbox 1044 4948 1181 5005; x_wconf 86' lang='lat' dir='ltr'><strong>rium</strong></span> <span class='ocrx_word' id='word_1_666' title='bbox 1205 4951 1461 5009; x_wconf 80' lang='lat' dir='ltr'><strong>Romana:</strong></span> <span class='ocrx_word' id='word_1_667' title='bbox 1491 4956 1656 5009; x_wconf 76' lang='lat' dir='ltr'><strong>curia:</strong></span> <span class='ocrx_word' id='word_1_668' title='bbox 1685 4969 1805 5010; x_wconf 91' lang='lat' dir='ltr'><strong>esse</strong></span> <span class='ocrx_word' id='word_1_669' title='bbox 1832 4954 2107 5010; x_wconf 85' lang='lat' dir='ltr'><strong>subditum</strong></span> <span class='ocrx_word' id='word_1_670' title='bbox 2135 4953 2311 5009; x_wconf 89' lang='lat' dir='ltr'><strong>nullus</strong></span> <span class='ocrx_word' id='word_1_671' title='bbox 2359 4965 2626 5021; x_wconf 89' lang='lat' dir='ltr'><strong>vestrum,</strong></span> 
     </span>
    </p>
   </div>
   <div class='ocr_carea' id='block_1_95' title="bbox 1049 5040 2632 5125">
    <p class='ocr_par' dir='ltr' id='par_1_95' title="bbox 1049 5040 2632 5125">
     <span class='ocr_line' id='line_1_95' title="bbox 1049 5040 2632 5125; baseline 0.006 -31"><span class='ocrx_word' id='word_1_672' title='bbox 1049 5040 1259 5111; x_wconf 89' lang='lat' dir='ltr'><strong>fratres,</strong></span> <span class='ocrx_word' id='word_1_673' title='bbox 1289 5048 1519 5119; x_wconf 77' lang='lat' dir='ltr'><strong>ignorat,</strong></span> <span class='ocrx_word' id='word_1_674' title='bbox 1572 5057 1627 5105; x_wconf 89' lang='lat' dir='ltr'><strong>et</strong></span> <span class='ocrx_word' id='word_1_675' title='bbox 1655 5049 1798 5119; x_wconf 91' lang='lat' dir='ltr'><strong>quod</strong></span> <span class='ocrx_word' id='word_1_676' title='bbox 1850 5048 1980 5103; x_wconf 90' lang='lat' dir='ltr'><strong>nulli</strong></span> <span class='ocrx_word' id='word_1_677' title='bbox 2027 5048 2115 5103; x_wconf 90' lang='lat' dir='ltr'><strong>alii</strong></span> <span class='ocrx_word' id='word_1_678' title='bbox 2147 5063 2392 5125; x_wconf 69' lang='lat' dir='ltr'><strong>persona:</strong></span> <span class='ocrx_word' id='word_1_679' title='bbox 2435 5058 2632 5119; x_wconf 67' lang='lat' dir='ltr'><strong>pratter</strong></span> 
     </span>
    </p>
   </div>
   <div class='ocr_carea' id='block_1_96' title="bbox 1049 5135 2630 5212">
    <p class='ocr_par' dir='ltr' id='par_1_96' title="bbox 1049 5135 2630 5212">
     <span class='ocr_line' id='line_1_96' title="bbox 1049 5135 2630 5212; baseline 0.005 -23"><span class='ocrx_word' id='word_1_680' title='bbox 1049 5135 1344 5196; x_wconf 77' lang='lat' dir='ltr'><strong>Romamnn</strong></span> <span class='ocrx_word' id='word_1_681' title='bbox 1371 5142 1678 5212; x_wconf 77' lang='lat' dir='ltr'><strong>pontiﬁcem</strong></span> <span class='ocrx_word' id='word_1_682' title='bbox 1727 5143 1780 5196; x_wconf 92' lang='lat' dir='ltr'><strong>in</strong></span> <span class='ocrx_word' id='word_1_683' title='bbox 1821 5143 2010 5197; x_wconf 84' lang='lat' dir='ltr'><strong>eodem</strong></span> <span class='ocrx_word' id='word_1_684' title='bbox 2041 5142 2370 5197; x_wconf 85' lang='lat' dir='ltr'><strong>monasterio</strong></span> <span class='ocrx_word' id='word_1_685' title='bbox 2412 5142 2503 5210; x_wconf 91' lang='lat' dir='ltr'><strong>jus</strong></span> <span class='ocrx_word' id='word_1_686' title='bbox 2534 5143 2630 5197; x_wconf 86' lang='lat' dir='ltr'><strong>ali-</strong></span> 
     </span>
    </p>
   </div>
   <div class='ocr_carea' id='block_1_97' title="bbox 1049 5229 2628 5302">
    <p class='ocr_par' dir='ltr' id='par_1_97' title="bbox 1049 5229 2628 5302">
     <span class='ocr_line' id='line_1_97' title="bbox 1049 5229 2628 5302; baseline 0.003 -22"><span class='ocrx_word' id='word_1_687' title='bbox 1049 5229 1186 5294; x_wconf 73' lang='lat' dir='ltr'><strong>Qttod</strong></span> <span class='ocrx_word' id='word_1_688' title='bbox 1209 5231 1444 5298; x_wconf 86' lang='lat' dir='ltr'><strong>pertinet</strong></span> <span class='ocrx_word' id='word_1_689' title='bbox 1469 5231 1647 5286; x_wconf 90' lang='lat' dir='ltr'><strong>nullus</strong></span> <span class='ocrx_word' id='word_1_690' title='bbox 1680 5230 1979 5293; x_wconf 82' lang='lat' dir='ltr'><strong>addubitat.</strong></span> <span class='ocrx_word' id='word_1_691' title='bbox 2012 5230 2156 5301; x_wconf 92' lang='lat' dir='ltr'><strong>quod</strong></span> <span class='ocrx_word' id='word_1_692' title='bbox 2204 5233 2420 5302; x_wconf 90' lang='lat' dir='ltr'><strong>quidem</strong></span> <span class='ocrx_word' id='word_1_693' title='bbox 2468 5248 2628 5302; x_wconf 86' lang='lat' dir='ltr'><strong>supra</strong></span> 
     </span>
    </p>
   </div>
   <div class='ocr_carea' id='block_1_98' title="bbox 1049 5321 2632 5395">
    <p class='ocr_par' dir='ltr' id='par_1_98' title="bbox 1049 5321 2632 5395">
     <span class='ocr_line' id='line_1_98' title="bbox 1049 5321 2632 5395; baseline 0.006 -25"><span class='ocrx_word' id='word_1_694' title='bbox 1049 5321 1226 5375; x_wconf 89' lang='lat' dir='ltr'><strong>omnia</strong></span> <span class='ocrx_word' id='word_1_695' title='bbox 1271 5322 1372 5378; x_wconf 88' lang='lat' dir='ltr'><strong>sibi</strong></span> <span class='ocrx_word' id='word_1_696' title='bbox 1422 5323 1748 5392; x_wconf 82' lang='lat' dir='ltr'><strong>pertinentia</strong></span> <span class='ocrx_word' id='word_1_697' title='bbox 1796 5324 1968 5395; x_wconf 85' lang='lat' dir='ltr'><strong>diligit</strong></span> <span class='ocrx_word' id='word_1_698' title='bbox 2026 5324 2393 5389; x_wconf 84' lang='lat' dir='ltr'><strong>monasteria;</strong></span> <span class='ocrx_word' id='word_1_699' title='bbox 2448 5325 2632 5380; x_wconf 89' lang='lat' dir='ltr'><strong>multis</strong></span> 
     </span>
    </p>
   </div>
   <div class='ocr_carea' id='block_1_99' title="bbox 1054 5413 2627 5486">
    <p class='ocr_par' dir='ltr' id='par_1_99' title="bbox 1054 5413 2627 5486">
     <span class='ocr_line' id='line_1_99' title="bbox 1054 5413 2627 5486; baseline 0.003 -22"><span class='ocrx_word' id='word_1_700' title='bbox 1054 5421 1260 5481; x_wconf 87' lang='lat' dir='ltr'><strong>quoque</strong></span> <span class='ocrx_word' id='word_1_701' title='bbox 1294 5413 1604 5486; x_wconf 69' lang='lat' dir='ltr'><strong>apostolicae</strong></span> <span class='ocrx_word' id='word_1_702' title='bbox 1630 5414 1773 5470; x_wconf 80' lang='lat' dir='ltr'><strong>sedis</strong></span> <span class='ocrx_word' id='word_1_703' title='bbox 1801 5413 2098 5485; x_wconf 86' lang='lat' dir='ltr'><strong>privilegiis</strong></span> <span class='ocrx_word' id='word_1_704' title='bbox 2127 5422 2343 5469; x_wconf 86' lang='lat' dir='ltr'><strong>constat</strong></span> <span class='ocrx_word' id='word_1_705' title='bbox 2362 5429 2481 5469; x_wconf 89' lang='lat' dir='ltr'><strong>esse</strong></span> <span class='ocrx_word' id='word_1_706' title='bbox 2509 5431 2627 5469; x_wconf 84' lang='lat' dir='ltr'><strong>mu-</strong></span> 
     </span>
    </p>
   </div>
   <div class='ocr_carea' id='block_1_100' title="bbox 1056 5497 2632 5575">
    <p class='ocr_par' dir='ltr' id='par_1_100' title="bbox 1056 5497 2632 5575">
     <span class='ocr_line' id='line_1_100' title="bbox 1056 5497 2632 5575; baseline 0.006 -24"><span class='ocrx_word' id='word_1_707' title='bbox 1056 5497 1240 5557; x_wconf 88' lang='lat' dir='ltr'><strong>nitum.</strong></span> <span class='ocrx_word' id='word_1_708' title='bbox 1269 5505 1400 5574; x_wconf 64' lang='lat' dir='ltr'><strong>Quae</strong></span> <span class='ocrx_word' id='word_1_709' title='bbox 1423 5504 1603 5560; x_wconf 86' lang='lat' dir='ltr'><strong>omnia</strong></span> <span class='ocrx_word' id='word_1_710' title='bbox 1652 5507 1882 5559; x_wconf 89' lang='lat' dir='ltr'><strong>domnus</strong></span> <span class='ocrx_word' id='word_1_711' title='bbox 1913 5504 2323 5560; x_wconf 77' lang='lat' dir='ltr'><strong>Maticsoncnsis</strong></span> <span class='ocrx_word' id='word_1_712' title='bbox 2346 5505 2632 5575; x_wconf 88' lang='lat' dir='ltr'><strong>episcopus</strong></span> 
     </span>
    </p>
   </div>
   <div class='ocr_carea' id='block_1_101' title="bbox 1143 5615 2624 5690">
    <p class='ocr_par' dir='ltr' id='par_1_101' title="bbox 1143 5615 2624 5690">
     <span class='ocr_line' id='line_1_101' title="bbox 1143 5615 2624 5690; baseline 0.004 -21"><span class='ocrx_word' id='word_1_713' title='bbox 1143 5615 1237 5690; x_wconf 70' lang='grc' dir='ltr'><strong>ιη</strong></span> <span class='ocrx_word' id='word_1_714' title='bbox 1261 5619 1438 5674; x_wconf 90' lang='lat' dir='ltr'><strong>lunuit</strong></span> <span class='ocrx_word' id='word_1_715' title='bbox 1462 5621 1547 5674; x_wconf 79' lang='lat' dir='ltr'><strong>v&#39;r</strong></span> <span class='ocrx_word' id='word_1_716' title='bbox 1573 5629 1791 5675; x_wconf 88' lang='lat' dir='ltr'><strong>sanctus</strong></span> <span class='ocrx_word' id='word_1_717' title='bbox 1819 5619 2111 5676; x_wconf 78' lang='lat' dir='ltr'><strong>Alexandri</strong></span> <span class='ocrx_word' id='word_1_718' title='bbox 2147 5636 2298 5690; x_wconf 60' lang='lat' dir='ltr'><strong>papae</strong></span> <span class='ocrx_word' id='word_1_719' title='bbox 2319 5621 2536 5677; x_wconf 90' lang='lat' dir='ltr'><strong>litteras</strong></span> <span class='ocrx_word' id='word_1_720' title='bbox 2557 5623 2624 5675; x_wconf 87' lang='lat' dir='ltr'><strong>ad</strong></span> 
     </span>
    </p>
   </div>
   <div class='ocr_carea' id='block_1_102' title="bbox 1056 5688 2623 5758">
    <p class='ocr_par' dir='ltr' id='par_1_102' title="bbox 1056 5688 2623 5758">
     <span class='ocr_line' id='line_1_102' title="bbox 1056 5688 2623 5758; baseline 0.006 -23"><span class='ocrx_word' id='word_1_721' title='bbox 1056 5688 1566 5758; x_wconf 68' lang='lat' dir='ltr'><strong>pnrsnlesGallizriu</strong></span> <span class='ocrx_word' id='word_1_722' title='bbox 1588 5691 1784 5758; x_wconf 80' lang='lat' dir='ltr'><strong>quibus</strong></span> <span class='ocrx_word' id='word_1_723' title='bbox 1807 5691 2012 5746; x_wconf 87' lang='lat' dir='ltr'><strong>aiebat:</strong></span> <span class='ocrx_word' id='word_1_724' title='bbox 2040 5710 2058 5742; x_wconf 74' lang='grc' dir='ltr'><strong><em>ι</em></strong></span> <span class='ocrx_word' id='word_1_725' title='bbox 2088 5688 2270 5745; x_wconf 81' lang='lat' dir='ltr'><strong>Talem</strong></span> <span class='ocrx_word' id='word_1_726' title='bbox 2285 5692 2437 5747; x_wconf 91' lang='lat' dir='ltr'><strong>vobis</strong></span> <span class='ocrx_word' id='word_1_727' title='bbox 2451 5695 2623 5746; x_wconf 74' lang='lat' dir='ltr'><strong>virum</strong></span> 
     </span>
    </p>
   </div>
   <div class='ocr_carea' id='block_1_103' title="bbox 1056 5751 2628 5832">
    <p class='ocr_par' dir='ltr' id='par_1_103' title="bbox 1056 5751 2628 5832">
     <span class='ocr_line' id='line_1_103' title="bbox 1056 5751 2628 5832; baseline 0.004 -23"><span class='ocrx_word' id='word_1_728' title='bbox 1056 5751 1318 5832; x_wconf 46' lang='lat' dir='ltr'><strong>gestinare</strong></span> <span class='ocrx_word' id='word_1_729' title='bbox 1345 5751 1668 5824; x_wconf 77' lang='lat' dir='ltr'><strong>curavimus,</strong></span> <span class='ocrx_word' id='word_1_730' title='bbox 1709 5777 1816 5829; x_wconf 90' lang='lat' dir='ltr'><strong>qtto</strong></span> <span class='ocrx_word' id='word_1_731' title='bbox 1853 5764 2104 5816; x_wconf 87' lang='lat' dir='ltr'><strong>nimirum</strong></span> <span class='ocrx_word' id='word_1_732' title='bbox 2147 5770 2269 5832; x_wconf 88' lang='lat' dir='ltr'><strong>post</strong></span> <span class='ocrx_word' id='word_1_733' title='bbox 2315 5779 2409 5814; x_wconf 72' lang='lat' dir='ltr'><strong>noc</strong></span> <span class='ocrx_word' id='word_1_734' title='bbox 2457 5763 2628 5826; x_wconf 85' lang='lat' dir='ltr'><strong>major</strong></span> 
     </span>
    </p>
   </div>
   <div class='ocr_carea' id='block_1_104' title="bbox 1062 5823 2625 5904">
    <p class='ocr_par' dir='ltr' id='par_1_104' title="bbox 1062 5823 2625 5904">
     <span class='ocr_line' id='line_1_104' title="bbox 1062 5823 2625 5904; baseline 0.003 -23"><span class='ocrx_word' id='word_1_735' title='bbox 1062 5823 1111 5904; x_wconf 69' lang='lat' dir='ltr'><strong>iu</strong></span> <span class='ocrx_word' id='word_1_736' title='bbox 1131 5823 1367 5904; x_wconf 63' lang='grc' dir='ltr'><strong>βρωθιρ</strong></span> <span class='ocrx_word' id='word_1_737' title='bbox 1407 5833 1644 5904; x_wconf 72' lang='lat' dir='ltr'><strong>Ecclesia</strong></span> <span class='ocrx_word' id='word_1_738' title='bbox 1676 5823 1968 5904; x_wconf 76' lang='lat' dir='ltr'><strong>auctoritas</strong></span> <span class='ocrx_word' id='word_1_739' title='bbox 1999 5848 2102 5887; x_wconf 89' lang='lat' dir='ltr'><strong>non</strong></span> <span class='ocrx_word' id='word_1_740' title='bbox 2132 5823 2378 5898; x_wconf 74' lang='lat' dir='ltr'><strong>habetur,</strong></span> <span class='ocrx_word' id='word_1_741' title='bbox 2409 5823 2625 5904; x_wconf 82' lang='lat' dir='ltr'><strong>Petrum</strong></span> 
     </span>
    </p>
   </div>
   <div class='ocr_carea' id='block_1_105' title="bbox 1061 5894 2627 5977">
    <p class='ocr_par' dir='ltr' id='par_1_105' title="bbox 1061 5894 2627 5977">
     <span class='ocr_line' id='line_1_105' title="bbox 1061 5894 2627 5977; baseline 0.004 -25"><span class='ocrx_word' id='word_1_742' title='bbox 1061 5894 1295 5959; x_wconf 73' lang='lat' dir='ltr'><strong>Videlicet</strong></span> <span class='ocrx_word' id='word_1_743' title='bbox 1326 5901 1645 5960; x_wconf 86' lang='lat' dir='ltr'><strong>Damianum</strong></span> <span class='ocrx_word' id='word_1_744' title='bbox 1677 5902 1981 5961; x_wconf 82' lang='lat' dir='ltr'><strong>Ostiensem</strong></span> <span class='ocrx_word' id='word_1_745' title='bbox 2032 5894 2375 5976; x_wconf 73' lang='lat' dir='ltr'><strong>episcopum,</strong></span> <span class='ocrx_word' id='word_1_746' title='bbox 2407 5904 2496 5977; x_wconf 88' lang='lat' dir='ltr'><strong>qui</strong></span> <span class='ocrx_word' id='word_1_747' title='bbox 2542 5903 2627 5960; x_wconf 77' lang='lat' dir='ltr'><strong>ni-</strong></span> 
     </span>
    </p>
   </div>
   <div class='ocr_carea' id='block_1_106' title="bbox 2733 4773 4335 4850">
    <p class='ocr_par' dir='ltr' id='par_1_106' title="bbox 2733 4773 4335 4850">
     <span class='ocr_line' id='line_1_106' title="bbox 2733 4773 4335 4850; baseline 0.006 -25"><span class='ocrx_word' id='word_1_748' title='bbox 2733 4773 2865 4828; x_wconf 81' lang='lat' dir='ltr'><strong>locis</strong></span> <span class='ocrx_word' id='word_1_749' title='bbox 2898 4775 3339 4829; x_wconf 90' lang='lat' dir='ltr'><strong>transmittimns.</strong></span> <span class='ocrx_word' id='word_1_750' title='bbox 3371 4774 3524 4831; x_wconf 86' lang='lat' dir='ltr'><strong>Tunc</strong></span> <span class='ocrx_word' id='word_1_751' title='bbox 3565 4776 3618 4831; x_wconf 91' lang='lat' dir='ltr'><strong>in</strong></span> <span class='ocrx_word' id='word_1_752' title='bbox 3651 4777 3825 4848; x_wconf 89' lang='lat' dir='ltr'><strong>prima</strong></span> <span class='ocrx_word' id='word_1_753' title='bbox 3851 4777 4029 4834; x_wconf 88' lang='lat' dir='ltr'><strong>fronte</strong></span> <span class='ocrx_word' id='word_1_754' title='bbox 4062 4782 4335 4850; x_wconf 88' lang='lat' dir='ltr'><strong>receptio-</strong></span> 
     </span>
    </p>
   </div>
   <div class='ocr_carea' id='block_1_107' title="bbox 2735 4866 4333 4940">
    <p class='ocr_par' dir='ltr' id='par_1_107' title="bbox 2735 4866 4333 4940">
     <span class='ocr_line' id='line_1_107' title="bbox 2735 4866 4333 4940; baseline 0.003 -20"><span class='ocrx_word' id='word_1_755' title='bbox 2735 4866 2820 4920; x_wconf 91' lang='lat' dir='ltr'><strong>nis</strong></span> <span class='ocrx_word' id='word_1_756' title='bbox 2843 4866 2997 4936; x_wconf 89' lang='lat' dir='ltr'><strong>quasi</strong></span> <span class='ocrx_word' id='word_1_757' title='bbox 3030 4866 3250 4936; x_wconf 85' lang='lat' dir='ltr'><strong>palliata</strong></span> <span class='ocrx_word' id='word_1_758' title='bbox 3281 4867 3558 4923; x_wconf 90' lang='lat' dir='ltr'><strong>locutione</strong></span> <span class='ocrx_word' id='word_1_759' title='bbox 3585 4868 3872 4938; x_wconf 90' lang='lat' dir='ltr'><strong>deceptus,</strong></span> <span class='ocrx_word' id='word_1_760' title='bbox 3898 4885 4124 4924; x_wconf 90' lang='lat' dir='ltr'><strong>munera</strong></span> <span class='ocrx_word' id='word_1_761' title='bbox 4153 4887 4248 4940; x_wconf 86' lang='lat' dir='ltr'><strong>per</strong></span> <span class='ocrx_word' id='word_1_762' title='bbox 4273 4888 4333 4925; x_wconf 61' lang='lat' dir='ltr'><strong>se</strong></span> 
     </span>
    </p>
   </div>
   <div class='ocr_carea' id='block_1_108' title="bbox 2734 4959 4329 5029">
    <p class='ocr_par' dir='ltr' id='par_1_108' title="bbox 2734 4959 4329 5029">
     <span class='ocr_line' id='line_1_108' title="bbox 2734 4959 4329 5029; baseline 0 -15"><span class='ocrx_word' id='word_1_763' title='bbox 2734 4959 2844 5014; x_wconf 86' lang='lat' dir='ltr'><strong>Deo</strong></span> <span class='ocrx_word' id='word_1_764' title='bbox 2873 4959 3071 5014; x_wconf 88' lang='lat' dir='ltr'><strong>tradita</strong></span> <span class='ocrx_word' id='word_1_765' title='bbox 3094 4973 3199 5014; x_wconf 93' lang='lat' dir='ltr'><strong>non</strong></span> <span class='ocrx_word' id='word_1_766' title='bbox 3228 4968 3312 5014; x_wconf 92' lang='lat' dir='ltr'><strong>est</strong></span> <span class='ocrx_word' id='word_1_767' title='bbox 3333 4967 3678 5029; x_wconf 86' lang='lat' dir='ltr'><strong>aspernatus.</strong></span> <span class='ocrx_word' id='word_1_768' title='bbox 3707 4959 3927 5016; x_wconf 87' lang='lat' dir='ltr'><strong>interim</strong></span> <span class='ocrx_word' id='word_1_769' title='bbox 3953 4961 4068 5016; x_wconf 85' lang='lat' dir='ltr'><strong>dies</strong></span> <span class='ocrx_word' id='word_1_770' title='bbox 4093 4961 4288 5016; x_wconf 55' lang='lat' dir='ltr'><strong>transit</strong></span> <span class='ocrx_word' id='word_1_771' title='bbox 4315 4977 4329 5026; x_wconf 88' lang='lat'><strong>;</strong></span> 
     </span>
    </p>
   </div>
   <div class='ocr_carea' id='block_1_109' title="bbox 2734 5046 4332 5121">
    <p class='ocr_par' dir='ltr' id='par_1_109' title="bbox 2734 5046 4332 5121">
     <span class='ocr_line' id='line_1_109' title="bbox 2734 5046 4332 5121; baseline 0.003 -21"><span class='ocrx_word' id='word_1_772' title='bbox 2734 5046 2968 5116; x_wconf 88' lang='lat' dir='ltr'><strong>peractis</strong></span> <span class='ocrx_word' id='word_1_773' title='bbox 2997 5048 3340 5112; x_wconf 87' lang='lat' dir='ltr'><strong>necessariis,</strong></span> <span class='ocrx_word' id='word_1_774' title='bbox 3365 5053 3607 5104; x_wconf 89' lang='lat' dir='ltr'><strong>membra</strong></span> <span class='ocrx_word' id='word_1_775' title='bbox 3631 5049 3801 5121; x_wconf 87' lang='lat' dir='ltr'><strong>quieti</strong></span> <span class='ocrx_word' id='word_1_776' title='bbox 3825 5050 4095 5106; x_wconf 91' lang='lat' dir='ltr'><strong>dedimus.</strong></span> <span class='ocrx_word' id='word_1_777' title='bbox 4119 5050 4332 5106; x_wconf 80' lang='lat' dir='ltr'><strong>Interea</strong></span> 
     </span>
    </p>
   </div>
   <div class='ocr_carea' id='block_1_110' title="bbox 2745 5141 4337 5212">
    <p class='ocr_par' dir='ltr' id='par_1_110' title="bbox 2745 5141 4337 5212">
     <span class='ocr_line' id='line_1_110' title="bbox 2745 5141 4337 5212; baseline 0.001 -17"><span class='ocrx_word' id='word_1_778' title='bbox 2745 5141 3086 5201; x_wconf 82' lang='lat' dir='ltr'><strong>diversarum</strong></span> <span class='ocrx_word' id='word_1_779' title='bbox 3112 5141 3503 5212; x_wconf 83' lang='lat' dir='ltr'><strong>cogitationum</strong></span> <span class='ocrx_word' id='word_1_780' title='bbox 3531 5142 3814 5196; x_wconf 81' lang='lat' dir='ltr'><strong>conﬂictus</strong></span> <span class='ocrx_word' id='word_1_781' title='bbox 3841 5143 4080 5196; x_wconf 89' lang='lat' dir='ltr'><strong>animum</strong></span> <span class='ocrx_word' id='word_1_782' title='bbox 4107 5157 4337 5212; x_wconf 76' lang='lat' dir='ltr'><strong>rapuere</strong></span> 
     </span>
    </p>
   </div>
   <div class='ocr_carea' id='block_1_111' title="bbox 2740 5229 4338 5302">
    <p class='ocr_par' dir='ltr' id='par_1_111' title="bbox 2740 5229 4338 5302">
     <span class='ocr_line' id='line_1_111' title="bbox 2740 5229 4338 5302; baseline 0.001 -19"><span class='ocrx_word' id='word_1_783' title='bbox 2740 5229 2903 5283; x_wconf 89' lang='lat' dir='ltr'><strong>illius.</strong></span> <span class='ocrx_word' id='word_1_784' title='bbox 2933 5229 3220 5301; x_wconf 79' lang='lat' dir='ltr'><strong>Cogitabat</strong></span> <span class='ocrx_word' id='word_1_785' title='bbox 3250 5246 3319 5286; x_wconf 93' lang='lat' dir='ltr'><strong>ne</strong></span> <span class='ocrx_word' id='word_1_786' title='bbox 3343 5233 3442 5286; x_wconf 85' lang='lat' dir='ltr'><strong>Sttb</strong></span> <span class='ocrx_word' id='word_1_787' title='bbox 3481 5229 3643 5302; x_wconf 90' lang='lat' dir='ltr'><strong>lmjus</strong></span> <span class='ocrx_word' id='word_1_788' title='bbox 3694 5232 4020 5300; x_wconf 85' lang='lat' dir='ltr'><strong>receptionis</strong></span> <span class='ocrx_word' id='word_1_789' title='bbox 4047 5233 4225 5302; x_wconf 89' lang='lat' dir='ltr'><strong>specie</strong></span> <span class='ocrx_word' id='word_1_790' title='bbox 4258 5233 4338 5284; x_wconf 67' lang='grc' dir='ltr'><strong>γῆς</strong></span> 
     </span>
    </p>
   </div>
   <div class='ocr_carea' id='block_1_112' title="bbox 2744 5324 4334 5398">
    <p class='ocr_par' dir='ltr' id='par_1_112' title="bbox 2744 5324 4334 5398">
     <span class='ocr_line' id='line_1_112' title="bbox 2744 5324 4334 5398; baseline 0 -20"><span class='ocrx_word' id='word_1_791' title='bbox 2744 5326 2874 5378; x_wconf 76' lang='lat' dir='ltr'><strong>tium</strong></span> <span class='ocrx_word' id='word_1_792' title='bbox 2907 5325 3125 5393; x_wconf 80' lang='lat' dir='ltr'><strong>aliquod</strong></span> <span class='ocrx_word' id='word_1_793' title='bbox 3156 5324 3417 5386; x_wconf 77' lang='lat' dir='ltr'><strong>latitaret,</strong></span> <span class='ocrx_word' id='word_1_794' title='bbox 3445 5341 3511 5379; x_wconf 91' lang='lat' dir='ltr'><strong>ne</strong></span> <span class='ocrx_word' id='word_1_795' title='bbox 3539 5326 3682 5396; x_wconf 82' lang='lat' dir='ltr'><strong>quod</strong></span> <span class='ocrx_word' id='word_1_796' title='bbox 3709 5341 3806 5398; x_wconf 91' lang='lat' dir='ltr'><strong>pro</strong></span> <span class='ocrx_word' id='word_1_797' title='bbox 3835 5326 4034 5378; x_wconf 68' lang='lat' dir='ltr'><strong>futurae</strong></span> <span class='ocrx_word' id='word_1_798' title='bbox 4061 5325 4334 5381; x_wconf 84' lang='lat' dir='ltr'><strong>mercedis</strong></span> 
     </span>
    </p>
   </div>
   <div class='ocr_carea' id='block_1_113' title="bbox 2736 5411 4339 5484">
    <p class='ocr_par' dir='ltr' id='par_1_113' title="bbox 2736 5411 4339 5484">
     <span class='ocr_line' id='line_1_113' title="bbox 2736 5411 4339 5484; baseline 0.001 -16"><span class='ocrx_word' id='word_1_799' title='bbox 2736 5415 2934 5468; x_wconf 72' lang='lat' dir='ltr'><strong>intuitu</strong></span> <span class='ocrx_word' id='word_1_800' title='bbox 2984 5411 3350 5478; x_wconf 84' lang='lat' dir='ltr'><strong>laboraverat,</strong></span> <span class='ocrx_word' id='word_1_801' title='bbox 3411 5424 3630 5471; x_wconf 89' lang='lat' dir='ltr'><strong>terreno</strong></span> <span class='ocrx_word' id='word_1_802' title='bbox 3673 5430 3897 5471; x_wconf 87' lang='lat' dir='ltr'><strong>munere</strong></span> <span class='ocrx_word' id='word_1_803' title='bbox 3939 5414 4236 5484; x_wconf 83' lang='lat' dir='ltr'><strong>deperiret,</strong></span> <span class='ocrx_word' id='word_1_804' title='bbox 4282 5427 4339 5469; x_wconf 92' lang='lat' dir='ltr'><strong>et</strong></span> 
     </span>
    </p>
   </div>
   <div class='ocr_carea' id='block_1_114' title="bbox 2737 5505 4333 5575">
    <p class='ocr_par' dir='ltr' id='par_1_114' title="bbox 2737 5505 4333 5575">
     <span class='ocr_line' id='line_1_114' title="bbox 2737 5505 4333 5575; baseline 0 -17"><span class='ocrx_word' id='word_1_805' title='bbox 2737 5505 2960 5567; x_wconf 77' lang='lat' dir='ltr'><strong>fructus,</strong></span> <span class='ocrx_word' id='word_1_806' title='bbox 2991 5522 3126 5575; x_wconf 90' lang='lat' dir='ltr'><strong>quos</strong></span> <span class='ocrx_word' id='word_1_807' title='bbox 3158 5517 3403 5561; x_wconf 86' lang='lat' dir='ltr'><strong>maturos</strong></span> <span class='ocrx_word' id='word_1_808' title='bbox 3449 5506 3779 5561; x_wconf 85' lang='lat' dir='ltr'><strong>manducare</strong></span> <span class='ocrx_word' id='word_1_809' title='bbox 3817 5505 4097 5564; x_wconf 81' lang='lat' dir='ltr'><strong>debuerat.</strong></span> <span class='ocrx_word' id='word_1_810' title='bbox 4142 5505 4333 5561; x_wconf 81' lang='lat' dir='ltr'><strong>obstu-</strong></span> 
     </span>
    </p>
   </div>
   <div class='ocr_carea' id='block_1_115' title="bbox 2736 5622 4339 5693">
    <p class='ocr_par' dir='ltr' id='par_1_115' title="bbox 2736 5622 4339 5693">
     <span class='ocr_line' id='line_1_115' title="bbox 2736 5622 4339 5693; baseline 0.002 -17"><span class='ocrx_word' id='word_1_811' title='bbox 2736 5623 2933 5678; x_wconf 84' lang='lat' dir='ltr'><strong>mirum</strong></span> <span class='ocrx_word' id='word_1_812' title='bbox 2961 5631 3018 5693; x_wconf 88' lang='lat' dir='ltr'><strong>et</strong></span> <span class='ocrx_word' id='word_1_813' title='bbox 3043 5630 3232 5677; x_wconf 87' lang='lat' dir='ltr'><strong>noster</strong></span> <span class='ocrx_word' id='word_1_814' title='bbox 3269 5629 3353 5677; x_wconf 91' lang='lat' dir='ltr'><strong>est</strong></span> <span class='ocrx_word' id='word_1_815' title='bbox 3395 5622 3583 5678; x_wconf 89' lang='lat' dir='ltr'><strong>oculus</strong></span> <span class='ocrx_word' id='word_1_816' title='bbox 3612 5631 3667 5677; x_wconf 93' lang='lat' dir='ltr'><strong>et</strong></span> <span class='ocrx_word' id='word_1_817' title='bbox 3705 5623 4014 5693; x_wconf 74' lang='lat' dir='ltr'><strong>apostolicae</strong></span> <span class='ocrx_word' id='word_1_818' title='bbox 4044 5623 4190 5679; x_wconf 89' lang='lat' dir='ltr'><strong>sedis</strong></span> <span class='ocrx_word' id='word_1_819' title='bbox 4235 5625 4339 5679; x_wconf 86' lang='lat' dir='ltr'><strong>im-</strong></span> 
     </span>
    </p>
   </div>
   <div class='ocr_carea' id='block_1_116' title="bbox 2737 5692 3447 5748">
    <p class='ocr_par' dir='ltr' id='par_1_116' title="bbox 2737 5692 3447 5748">
     <span class='ocr_line' id='line_1_116' title="bbox 2737 5692 3447 5748; baseline -0.006 -1"><span class='ocrx_word' id='word_1_820' title='bbox 2737 5693 2935 5748; x_wconf 82' lang='lat' dir='ltr'><strong>mobile</strong></span> <span class='ocrx_word' id='word_1_821' title='bbox 2971 5692 3394 5746; x_wconf 84' lang='lat' dir='ltr'><strong>firmamentum.</strong></span> <span class='ocrx_word' id='word_1_822' title='bbox 3429 5711 3447 5743; x_wconf 68' lang='lat' dir='ltr'><strong>t</strong></span> 
     </span>
    </p>
   </div>
   <div class='ocr_carea' id='block_1_117' title="bbox 2807 5760 4336 5834">
    <p class='ocr_par' dir='ltr' id='par_1_117' title="bbox 2807 5760 4336 5834">
     <span class='ocr_line' id='line_1_117' title="bbox 2807 5760 4336 5834; baseline 0.006 -19"><span class='ocrx_word' id='word_1_823' title='bbox 2807 5763 2922 5832; x_wconf 64' lang='grc' dir='ltr'><strong>(Ω)</strong></span> <span class='ocrx_word' id='word_1_824' title='bbox 2955 5763 3146 5834; x_wconf 74' lang='lat' dir='ltr'><strong>Exstat</strong></span> <span class='ocrx_word' id='word_1_825' title='bbox 3171 5763 3330 5834; x_wconf 76' lang='lat' dir='ltr'><strong>huius</strong></span> <span class='ocrx_word' id='word_1_826' title='bbox 3365 5760 3719 5832; x_wconf 88' lang='lat' dir='ltr'><strong>jurisjurandi</strong></span> <span class='ocrx_word' id='word_1_827' title='bbox 3752 5763 3978 5821; x_wconf 90' lang='lat' dir='ltr'><strong>formula</strong></span> <span class='ocrx_word' id='word_1_828' title='bbox 4009 5764 4063 5821; x_wconf 91' lang='lat' dir='ltr'><strong>in</strong></span> <span class='ocrx_word' id='word_1_829' title='bbox 4097 5762 4336 5824; x_wconf 70' lang='lat' dir='ltr'><strong>editions</strong></span> 
     </span>
    </p>
   </div>
   <div class='ocr_carea' id='block_1_118' title="bbox 2737 5833 3852 5907">
    <p class='ocr_par' dir='ltr' id='par_1_118' title="bbox 2737 5833 3852 5907">
     <span class='ocr_line' id='line_1_118' title="bbox 2737 5833 3852 5907; baseline 0 -16"><span class='ocrx_word' id='word_1_830' title='bbox 2737 5837 2974 5907; x_wconf 79' lang='lat' dir='ltr'><strong>()pet&#39;um</strong></span> <span class='ocrx_word' id='word_1_831' title='bbox 3007 5835 3065 5891; x_wconf 82' lang='lat' dir='ltr'><strong>S.</strong></span> <span class='ocrx_word' id='word_1_832' title='bbox 3099 5833 3255 5892; x_wconf 11' lang='lat' dir='ltr'><strong>Petri,</strong></span> <span class='ocrx_word' id='word_1_833' title='bbox 3277 5833 3338 5889; x_wconf 90' lang='lat' dir='ltr'><strong>D.</strong></span> <span class='ocrx_word' id='word_1_834' title='bbox 3370 5845 3504 5893; x_wconf 90' lang='lat' dir='ltr'><strong>tom.</strong></span> <span class='ocrx_word' id='word_1_835' title='bbox 3534 5833 3620 5901; x_wconf 90' lang='lat' dir='ltr'><strong>lll,</strong></span> <span class='ocrx_word' id='word_1_836' title='bbox 3647 5852 3699 5907; x_wconf 89' lang='lat' dir='ltr'><strong>p.</strong></span> <span class='ocrx_word' id='word_1_837' title='bbox 3729 5837 3852 5894; x_wconf 75' lang='lat' dir='ltr'><strong>9U.</strong></span> 
     </span>
    </p>
   </div>
  </div>
