5962 6438
1224 422 1317 480 881
2369 410 2735 469 EXPOSITIO
2776 409 2859 466 CA
2872 408 3072 465 NONIS
3114 405 3359 464 MISSJZ.

1292 538 1348 590 9..
1381 531 1593 602 Accepit
1622 548 1829 601 panem.
1864 530 1988 586 ideo
2020 543 2211 601 panem
2241 537 2295 585 et
2328 530 2514 585 vinum
2558 531 2611 583 in
2650 529 2809 583 sacri-
2847 534 2892 593 Α
2922 530 3064 597 quod
3094 534 3207 581 est:
3238 540 3303 580 ac
3332 525 3484 594 longe
3512 524 3685 593 majus
3712 533 3796 578 est
3825 524 3966 592 quod
4000 538 4104 578 non
4135 531 4217 578 est
4250 522 4315 576 de
4346 521 4520 578 nihiio

1228 628 1411 681 ﬁciunt
1463 624 1710 693 corporis
1748 634 1801 677 et
1829 622 2109 693 sanguinis
2137 619 2221 674 sui
2262 620 2515 675 Christus
2563 618 2817 681 instituit,

1226 719 1371 786 quod
1401 718 1543 771 sicut
1581 732 1692 784 prie
1734 716 1949 770 ctcteris
1989 714 2127 767 cibis
2172 712 2547 782 corporalibus
2581 712 2736 779 pani-5
2767 717 2821 765 et

1227 811 1411 863 vinum
1448 807 1723 872 reﬁciunt,
1763 809 1835 861 ita
1884 819 2084 873 corpus
2120 814 2175 858 et
2216 804 2435 873 sanguis
2471 802 2671 857 Christi
2710 816 2822 871 prae

1225 900 1439 955 ueteris
1471 900 1605 954 cibis
1638 908 1693 953 et
1732 897 1947 968 potibus
1973 896 2349 966 spiritualibus
2377 894 2691 949 interiorem
2726 896 2822 948 bo-

1226 990 1429 1043 minem
1456 988 1705 1045 reﬁciunt
1734 998 1788 1042 et
1812 987 2084 1056 saginam.
2118 986 2293 1053 Unde,
2320 1002 2445 1038 caro
2468 997 2583 1038 mea
2608 1001 2721 1039 vere
2744 994 2819 1037 est

1224 1080 1393 1143 cibus,
1440 1089 1489 1134 et
1540 1080 1753 1149 sanguis
1810 1094 1957 1131 meus
2008 1094 2123 1132 vere
2165 1086 2237 1131 est
2288 1086 2460 1145 potus.
2507 1074 2645 1141 Quia
2689 1089 2820 1129 vero

1224 1171 1478 1227 Christus
1504 1170 1713 1240 accepit
1744 1183 1938 1238 panem
1968 1176 2026 1223 et
2051 1168 2276 1222 calicem
2306 1167 2359 1221 in
2390 1174 2609 1220 sanctas
2640 1179 2703 1217 ac
2732 1177 2821 1216 ve-

1225 1263 1500 1317 nerabiles
1538 1277 1730 1317 manus
1769 1276 1925 1326 suas;
1956 1268 2013 1315 et
2049 1258 2302 1314 sacerdos
2330 1256 2580 1326 exemplo
2616 1255 2819 1311 Christi

1223 1368 1447 1409 carnem
1478 1363 1531 1407 et
1563 1353 1877 1424 sanguinem
1906 1352 1958 1406 in
1988 1366 2177 1406 manus
2201 1351 2494 1420 accipiens,
2527 1361 2819 1418 utrumque

1223 1457 1325 1513 per
1350 1458 1408 1497 se
1439 1442 1711 1498 benedicit
1739 1443 1917 1498 erucis
1944 1440 2243 1512 signaculo.
2270 1441 2433 1495 Panis
2461 1440 2819 1495 fermentatus

1221 1549 1333 1589 non
1374 1534 1535 1588 debet
1568 1532 1751 1588 oﬁ‘erri
1791 1535 1844 1589 in
1873 1533 2225 1599 sacriﬁcium,
2257 1540 2367 1586 tum
2412 1533 2622 1586 ratione
2665 1529 2815 1593 facti,

1223 1636 1341 1680 tum
1390 1626 1605 1681 ratione
1651 1626 1914 1695 mysterii.
1956 1625 2047 1679 Sic
2088 1626 2283 1696 legitur
2333 1626 2385 1677 in
2428 1624 2633 1679 Exodo.
2688 1622 2819 1675 Fer-

1218 1726 1468 1775 mentum
1507 1719 1670 1773 etiam
1711 1718 2116 1787 corruptionem
2156 1716 2449 1787 signiﬁcat,
2496 1726 2632 1771 teste
2676 1716 2820 1785 Apo-

1216 1807 1365 1864 stolo
1390 1825 1404 1863 :
1430 1810 1694 1863 modicum
1720 1808 2035 1877 fermentum
2058 1818 2221 1862 totam
2245 1824 2475 1863 massam
2506 1808 2814 1876 corrumpit.

2927 632 3118 673 creare
3140 632 3304 686 quam
3329 616 3570 687 quodest
3591 616 3645 669 in
3672 616 3815 669 aliud
3843 623 4225 669 transmittare.
4245 612 4303 667 Si
4324 613 4525 669 dixerit

2926 710 3160 780 aliquis:
3190 710 3387 764 Certus
3425 724 3545 763 sum
3584 721 3685 777 ego
3724 707 3949 761 omnino
3984 706 4126 776 quod
4167 706 4378 771 valeat,
4414 721 4523 760 non

2923 818 3045 858 sum
3087 811 3269 856 certus
3311 802 3455 858 ouod
3489 800 3650 865 velit;
3687 800 3732 855 si
3775 799 3988 854 dubitat
4018 815 4147 869 ergo
4186 799 4361 869 quod.
4396 816 4521 854 cum

2923 893 3176 949 Christus
3206 893 3509 961 accepisset
3536 906 3751 961 panem,
3782 891 4075 949 benedixit.
4106 892 4203 944 hoc
4229 902 4303 944 est
4331 908 4524 960 corpus

2922 1001 3120 1049 nicum,
3146 984 3365 1039 Veritas
3392 985 3494 1038 hoc
3525 984 3680 1048 dicit,
3707 994 3763 1038 et
3787 983 3908 1038 ideo
3933 999 4122 1036 verum
4163 991 4246 1037 est
4271 984 4523 1039 omnino.

2924 1075 2989 1129 Ει
3017 1074 3143 1129 alibi
3174 1073 3332 1128 :Nisi
3356 1075 3799 1129 utenducaveritis
3822 1091 4034 1128 carnem
4068 1072 4194 1127 Filii
4219 1075 4448 1129 hominis
4480 1087 4525 1128 rt

2924 1165 3158 1220 biberitis
3189 1166 3304 1235 ejus
3328 1166 3660 1236 sanguinem,
3692 1182 3792 1218 non
3820 1165 4073 1219 habebitis
4097 1165 4253 1221 vitam
4282 1164 4334 1217 iu
4358 1165 4503 1217 vobis

2925 1257 2990 1310 Et
3012 1259 3077 1310 ad
3103 1258 3368 1326 majorem
3393 1256 3643 1311 veritatis
3665 1256 4071 1326 expressionem
4088 1256 4523 1327 adjunxitsz'o

2923 1364 3037 1402 mea
3081 1365 3196 1402 vere
3235 1359 3307 1401 est
3336 1348 3514 1412 cibus,
3556 1359 3604 1402 et
3644 1350 3859 1419 sanguis
3901 1365 4048 1402 meus
4094 1365 4206 1403 rere
4246 1360 4319 1403 est
4342 1358 4523 1418 potus.

2992 1441 3045 1494 4.
3092 1440 3202 1511 Ego
3230 1456 3361 1494 vero
3391 1442 3482 1509 qui
3509 1440 3673 1495 vitam
3698 1450 3958 1495 aeternam
4007 1440 4209 1496 habere
4237 1440 4517 1503 desidero,

2922 1545 3144 1587 carnem
3172 1532 3376 1586 Christi
3410 1532 3680 1586 veraciter
3714 1533 3937 1587 comedo
3968 1540 4023 1587 et
4048 1532 4370 1602 sanguinem
4401 1531 4523 1599 ejus

2920 1622 3193 1695 veraciter
3222 1621 3372 1687 bibo,
3414 1622 3560 1677 illam
3595 1621 3781 1693 utique
3808 1636 4029 1677 carnem
4063 1638 4224 1691 quam
4261 1622 4427 1676 traxit
4454 1622 4524 1677 de

2922 1710 3167 1782 Virgine,
3198 1720 3253 1765 et
3281 1711 3429 1767 illum
3467 1712 3787 1783 sanguinem
3825 1727 3984 1781 quem
4020 1710 4205 1767 eﬂ‘udit
4248 1712 4298 1765 in
4334 1726 4521 1766 cruce.

2922 1801 3077 1858 Sicut
3109 1812 3163 1857 ct
3196 1802 3357 1857 vidua
3399 1800 3745 1872 Sarephtana
3800 1802 4042 1876 quotidie
4079 1800 4432 1865 comedebat,
4468 1806 4526 1855 et.

1217 1896 1400 1954 Graeci
1438 1908 1618 1953 tamen
1662 1900 1715 1953 in
1754 1915 1852 1954 suo
1890 1900 2197 1968 pertinaces
2235 1915 2423 1955 errore
2454 1902 2520 1955 de
2552 1900 2817 1954 fermento
2846 1900 2893 1962 Β
2922 1909 3028 1949 non
3058 1894 3469 1949 diminuebatur
3497 1896 3673 1949 farina
3715 1896 3780 1949 de
3821 1895 4035 1965 hydria,
4068 1904 4121 1949 et
4147 1893 4324 1949 cleum
4360 1897 4425 1949 dc
4451 1892 4503 1950 le

1216 1988 1536 2045 conﬁciunt.
1580 1989 1811 2043 Elevatis
1858 1990 2021 2044 oculis
2065 1991 2117 2044 in
2164 1991 2369 2045 caelum.
2427 1991 2555 2047 Hzec
2594 1991 2812 2061 quidem

1213 2079 1387 2133 verba
1424 2078 1603 2133 nullus
1629 2079 1965 2147 evangelista
2000 2081 2277 2136 describit.
2314 2081 2446 2149 Quis
2485 2098 2615 2153 ergo
2649 2088 2814 2137 tanta:

1210 2170 1656 2240 praesumptionis
1698 2172 1911 2225 exstitit
1952 2181 2046 2226 aut
2095 2174 2335 2229 audaciae
2384 2182 2443 2228 ut
2492 2174 2605 2229 haec
2646 2175 2711 2229 de
2756 2187 2815 2229 se

1209 2261 1488 2330 exponat?
1521 2261 1664 2316 Sane
1697 2263 1855 2318 istam
1887 2262 2119 2318 formam
2152 2268 2220 2320 ab
2264 2268 2381 2336 ipso
2411 2264 2631 2320 Christo
2660 2282 2814 2323 acce-

1209 2360 1416 2420 perunt
1453 2352 1716 2421 apostoli,
1748 2363 1800 2407 et
1830 2354 1897 2407 ab
1932 2354 2062 2423 ipsis
2096 2356 2360 2411 Ecclesia.
2401 2355 2564 2411 Multa
2592 2357 2811 2427 quidem

1209 2451 1323 2495 tam
1366 2444 1434 2497 de
1463 2444 1639 2498 verbis
1678 2461 1841 2513 quam
1868 2446 1933 2499 de
1966 2446 2125 2501 factis
2151 2449 2617 2517 prmtermiserunt
2648 2463 2813 2502 evan-

1208 2536 1445 2605 gelistze,
1484 2552 1605 2605 qua:
1645 2548 1821 2592 tamen
1857 2539 2087 2607 apostoli
2123 2539 2545 2609 suppleverunt;
2586 2550 2812 2610 possunt

1209 2640 1400 2682 tamen
1468 2631 1582 2683 iure
1633 2645 1699 2682 ex
1748 2630 1868 2683 aliis
1925 2630 2057 2685 locis
2111 2631 2386 2702 Evangelii
2444 2633 2809 2701 comprobari.

1205 2721 1450 2775 Joannes
1490 2725 1634 2777 enim
1679 2723 1871 2777 Lazari
1920 2725 2332 2778 suscitationem
2366 2724 2684 2778 describens
2734 2734 2812 2779 te-

1205 2825 1394 2869 statur
1415 2818 1555 2883 quod
1572 2816 1727 2870 Jesus
1744 2816 1954 2871 elevatis
1981 2833 2191 2869 sursum
2222 2816 2388 2870 oculis
2418 2818 2551 2869 dixit
2581 2836 2591 2867 ;
2624 2816 2807 2879 Pater,

1205 2904 1414 2970 gratias
1455 2922 1553 2973 ago
1592 2905 1680 2956 tibi
1714 2908 1965 2973 quoniam
1999 2905 2199 2959 audisti
2236 2922 2335 2959 me.
2374 2906 2503 2960 ltetn
2540 2906 2704 2961 alibi:
2742 2903 2812 2958 Et

1203 2994 1493 3048 sublevatus
1521 2997 1571 3049 in
1606 2996 1797 3048 cmlunr
1828 2997 1995 3049 oculis
2029 2998 2161 3051 dixit
2187 3011 2203 3048 :
2230 2996 2413 3063 Pater,
2450 2999 2686 3065 duri/ica
2719 2996 2813 3052 Fi-

1202 3084 1339 3137 lium
1366 3096 1537 3139 tuum.
1567 3085 1674 3141 Sed
1703 3087 1843 3141 sicut
1874 3089 1925 3141 in
1952 3088 2148 3142 ccelum
2178 3090 2363 3145 oculos
2392 3090 2587 3143 levavit
2618 3090 2681 3144 ad
2711 3089 2811 3144 Pa-

1208 3188 1389 3243 trem,
1445 3193 1568 3233 cum
1618 3180 1854 3234 animam
1908 3179 2101 3234 Lazari
2150 3192 2435 3237 revocaret
2478 3181 2543 3234 ad
2589 3196 2809 3251 corpus,

1203 3279 1421 3336 quanto
1463 3271 1633 3340 magis
1673 3272 2002 3326 credendum
2040 3282 2123 3327 est
2163 3274 2304 3342 quod
2347 3282 2476 3328 tunc
2515 3276 2700 3329 oculos
2742 3276 2807 3328 ad
2840 3252 2882 3312 (ἶ

1203 3357 1439 3415 Patrem
1464 3360 1516 3413 in
1543 3360 1738 3416 cadum
1766 3362 2049 3426 lcvaverit,
2080 3378 2202 3415 cum
2237 3378 2431 3432 panem
2459 3374 2509 3416 ct
2538 3364 2721 3416 vinum
2758 3364 2809 3416 in

1203 3466 1414 3520 corpus
1452 3453 1730 3522 proprium
1775 3452 2169 3507 commutabat.
2212 3452 2424 3507 Gratias
2464 3470 2641 3523 agens.
2676 3453 2814 3509 Hinc

1202 3558 1433 3612 quoque
1476 3543 1749 3614 colligitur
1800 3544 1943 3599 unde
1989 3544 2321 3599 sacrificium
2369 3546 2561 3599 lauta.
2596 3546 2813 3600 Gratias

1203 3635 1414 3703 agebat
1449 3650 1555 3689 non
1596 3651 1695 3704 pro
1733 3650 1813 3703 se,
1853 3636 1947 3690 sed
1981 3651 2081 3706 pm
2115 3638 2489 3707 redemptione
2531 3638 2811 3691 hominum

1200 3726 1285 3780 sic
1316 3722 1528 3779 futura.

1277 3816 1336 3869 5.
1370 3815 1673 3872 Benedixit.
1702 3816 1931 3885 Quidam
1958 3818 2214 3873 dixerunt
2236 3818 2377 3888 quod
2404 3818 2653 3873 Christus
2682 3834 2812 3873 con-

1200 3907 1342 3964 fecit
1384 3922 1510 3964 cum
1553 3910 1852 3971 benedixit,
1888 3910 2127 3965 litteram
2165 3920 2543 3967 construentes
2588 3913 2687 3966 hoc
2723 3928 2806 3966 or-

1200 3998 1335 4053 dine
1365 4016 1379 4049 :
1412 4001 1611 4069 accepit
1638 4016 1824 4069 panem
1854 4010 1902 4055 et
1926 4001 2219 4065 benedixit;
2247 4004 2679 4057 subaudiendum
2705 4014 2808 4066 est,

1198 4089 1395 4143 dicens
1420 4104 1439 4143 :
1471 4087 1586 4143 lloc
1608 4101 1684 4144 est
1711 4107 1901 4161 corpus
1934 4108 2128 4145 meum.
2170 4091 2328 4148 Prius
2356 4107 2487 4165 ergo
2511 4095 2597 4149 illa
2623 4104 2811 4164 protu—

1202 4179 1269 4234 lit
1290 4222 1304 4244 ,
1338 4188 1402 4233 ut
1434 4180 1511 4235 eis
1542 4180 1649 4235 vim
1677 4180 2004 4237 conﬁciendi
2040 4184 2330 4248 tribueret;
2364 4185 2559 4241 deinde
2586 4186 2814 4255 protulit

1196 4272 1439 4334 eadem,
1488 4280 1545 4325 ut
1590 4272 1862 4341 apostolos
1912 4272 2143 4328 formam
2194 4276 2515 4329 conﬁciendi
2564 4278 2807 4331 doceret.

1198 4362 1358 4417 Sane
1394 4362 1498 4416 diei
1531 4372 1710 4431 potest
1732 4363 1875 4432 quod
1906 4362 2157 4418 Christus
2187 4366 2386 4420 virtute
2412 4367 2592 4421 divina
2627 4368 2811 4425 confe-

1194 4455 1347 4509 cerit
1381 4470 1584 4525 corpus
1618 4470 1679 4509 ea
1711 4454 1884 4510 forma
1914 4472 2171 4527 expressa
2206 4461 2305 4514 sub
2344 4476 2446 4529 qua
2482 4461 2683 4531 posteri
2716 4464 2809 4517 bc-

1193 4550 1557 4613 nedicerent;
1601 4549 1712 4619 ipse
1750 4565 1984 4620 namque
2015 4568 2113 4622 per
2148 4570 2206 4609 se
2246 4556 2445 4610 virtute
2472 4557 2690 4627 propria
2716 4558 2811 4613 be-

1193 4640 1455 4702 nedixit;
1488 4654 1583 4693 nos
1607 4648 1784 4693 autem
1811 4656 1877 4694 ex
1908 4641 1993 4694 illa
2020 4643 2221 4697 virtute.
2243 4661 2406 4714 quam
2434 4648 2601 4699 edidit
2629 4647 2803 4702 nobis.

1191 4731 1339 4786 Cum
1387 4745 1521 4799 ergo
1563 4731 1818 4785 sacerdos
1860 4730 1948 4786 illa
1990 4732 2192 4787 Christi
2242 4738 2404 4789 verba
2447 4739 2804 4804 pronuntiat:

1194 4820 1323 4876 Hoc
1350 4830 1433 4874 est
1463 4839 1653 4889 corpus
1684 4839 1878 4889 meum,
1912 4826 1995 4877 hic
2020 4836 2092 4877 est
2127 4829 2342 4897 sanguis
2373 4846 2540 4893 meus,
2575 4831 2730 4899 panis
2755 4841 2809 4887 ct

1189 4914 1395 4967 vinum
1430 4912 1477 4965 in
1505 4928 1721 4967 carnem
1747 4924 1798 4969 et
1829 4917 2147 4987 sanguinem
2173 4921 2509 4974 convertitur
2532 4921 2619 4975 illa
2650 4920 2808 4977 Verbi

1191 5005 1415 5058 virtute
1456 5019 1559 5071 qua
1605 5003 1826 5059 Verbum
1871 5024 1995 5061 caro
2037 5009 2235 5076 factum
2272 5022 2345 5065 est
2388 5022 2435 5065 et
2475 5013 2726 5067 habitavit
2754 5015 2809 5067 in

1192 5097 1390 5160 nobis;
1425 5109 1530 5163 qua
1567 5097 1699 5150 dixit
1733 5109 1779 5151 et
1810 5099 1955 5168 facta
1997 5112 2151 5165 sunt;
2184 5119 2287 5171 qua
2322 5103 2576 5158 feminam
2614 5106 2665 5159 in
2703 5117 2809 5160 sta-

1191 5199 1351 5244 tuam
1406 5190 1668 5253 mutavit;
1703 5207 1807 5259 qua
1849 5192 2056 5262 virgam
2097 5196 2363 5250 convertit
2404 5196 2455 5249 in
2485 5198 2803 5262 colubrum;

1188 5295 1302 5351 qua
1336 5278 1522 5333 fontes
1555 5282 1783 5335 mutavit
1818 5282 1867 5335 itt
1901 5286 2254 5354 sanguinem;
2292 5302 2397 5356 qua
2434 5302 2626 5355 aquam
2662 5302 2807 5342 com-

1185 5368 1441 5424 mutavit
1469 5368 1522 5421 iti
1554 5369 1758 5424 vinum.
1788 5369 1920 5426 Nam
1952 5374 1995 5428 si
2030 5376 2251 5428 verbum
2278 5376 2403 5431 Elia:
2432 5377 2603 5447 potuit
2630 5379 2805 5447 ignem

1185 5462 1257 5517 de
1320 5458 1473 5515 caelo
1528 5460 1837 5529 deponere,
1904 5466 2127 5519 verbum
2175 5466 2377 5522 Christi
2438 5486 2541 5523 non
2604 5472 2801 5539 poterit

1185 5566 1401 5619 panem
1468 5549 1516 5602 in
1579 5568 1799 5606 carnem
1844 5558 2088 5610 mutare?
2122 5557 2255 5624 Quis
2302 5560 2401 5613 hoc
2449 5562 2647 5614 audeat
2702 5578 2805 5630 pu-

1186 5658 1315 5699 tare
1350 5645 1423 5697 de
1462 5659 1526 5696 eo
1575 5646 1659 5698 cui
1700 5646 1902 5699 nullum
1941 5648 2158 5702 verbum
2202 5660 2283 5704 est
2331 5652 2681 5721 impossibile,
2713 5671 2806 5723 per

1181 5752 1349 5806 quem
1398 5736 1583 5786 omnia
1618 5737 1757 5802 facta
1797 5749 1949 5801 sunt,
1982 5742 2091 5793 sine
2134 5759 2234 5811 quo
2282 5744 2477 5810 factum
2526 5755 2597 5799 est
2639 5747 2806 5800 nihil?

1182 5830 1363 5880 (ζιϊξοε
1402 5825 1579 5893 magis
1611 5838 1689 5879 est
1724 5844 1911 5883 creare
1940 5831 2079 5900 quod
2123 5850 2227 5887 non
2274 5844 2357 5887 est
2398 5851 2559 5904 quant
2595 5846 2803 5893 mutare

2919 1988 3111 2057 cytbo;
3140 1986 3221 2041 sic
3257 1986 3511 2041 universa
3536 1986 3778 2042 Ecclesia
3816 1987 4058 2056 quotidie
4084 1987 4277 2049 sumit,
4307 1996 4359 2040 et
4388 2002 4522 2040 nun-

2915 2093 3079 2147 quam
3112 2078 3392 2133 consumit
3414 2091 3637 2133 carnetn
3670 2087 3724 2133 et
3749 2078 4070 2147 sanguinem
4107 2077 4317 2133 Domini
4348 2076 4521 2133 nostri

2914 2168 3042 2225 Jesu
3075 2168 3302 2225 Christi.
3337 2170 3538 2224 Verum
3573 2185 3639 2223 an
3678 2178 3864 2239 partes
3904 2170 3955 2223 in
3995 2178 4196 2237 partes,
4236 2184 4304 2222 an
4348 2177 4521 2223 totum

2916 2263 2969 2316 in
3014 2270 3185 2317 totum
3235 2271 3513 2328 transeat,
3560 2261 3710 2315 novit
3758 2260 3847 2315 ille
3891 2261 3981 2331 qui
4030 2259 4189 2325 facit;
4233 2275 4334 2331 ego
4374 2262 4522 2329 quod

2916 2353 3193 2409 residuum
3231 2362 3321 2409 est
3360 2354 3484 2424 igne
3518 2354 3802 2416 comburo,
3832 2368 3957 2407 nam
3984 2354 4210 2407 credere
4240 2351 4519 2421 jubemur,

2916 2444 3253 2513 distinguere
3289 2443 3668 2516 prohibemur.
3712 2444 3820 2500 Sed
3856 2445 3983 2513 quia
4025 2445 4189 2499 instat
4223 2446 4519 2514 qitazrentis

2915 2536 3263 2606 improbitas,
3293 2536 3441 2592 salva
3484 2536 3587 2591 ﬁde
3620 2537 3981 2591 concedemus
4023 2536 4166 2605 quod
4214 2537 4336 2590 talis
4365 2540 4520 2607 panis

2915 2627 2969 2681 in
3000 2627 3104 2681 tale
3128 2642 3327 2698 corpus
3349 2636 3743 2692 commutatur,
3769 2642 3871 2682 nec
3893 2642 4019 2696 pars
4043 2628 4094 2681 in
4121 2637 4355 2696 partem.
4378 2626 4520 2683 Reor

2917 2730 3120 2786 tamen,
3146 2721 3295 2776 salva
3324 2723 3445 2777 ﬁdei
3476 2722 3777 2792 majestate,
3805 2724 3975 2791 quod,
4002 2724 4088 2778 ubi
4120 2725 4273 2793 panis
4296 2734 4379 2778 est
4401 2739 4521 2778 eone

2914 2823 3184 2877 secratus,
3205 2824 3351 2867 totus
3374 2824 3457 2869 est
3478 2816 3729 2869 Christus
3753 2817 3803 2868 in
3834 2824 3939 2869 tota
3965 2818 4148 2884 specie
4173 2816 4349 2887 panis.
4378 2824 4522 2869 totus

2915 2906 3016 2958 sub
3043 2904 3270 2976 singulis
3293 2904 3554 2977 partibus,
3584 2914 3728 2960 totus
3760 2908 3811 2959 in
3840 2922 4055 2977 magno,
4085 2916 4225 2961 totus
4251 2908 4301 2961 in
4328 2923 4412 2976 pa:
4432 2924 4517 2968 vn.

2919 3005 3063 3050 totus
3106 2994 3158 3050 in
3200 2996 3433 3065 integro,
3465 3004 3613 3051 totus
3658 2996 3711 3050 in
3762 2995 3957 3051 fracto.
3996 2996 4122 3051 Scio
4156 3006 4335 3052 tamen
4369 3000 4513 3067 quod

2915 3087 3117 3141 dicitur
3156 3102 3185 3141 a
3231 3087 3557 3156 quibusdam
3590 3106 3600 3141 :
3643 3087 3895 3157 Quandiu
3934 3090 4144 3159 species
4173 3091 4382 3160 integra
4414 3102 4521 3152 est.

2919 3178 3019 3231 sub
3062 3178 3214 3232 totali
3251 3179 3432 3247 specie
3465 3179 3630 3234 totale
3662 3195 3864 3251 corptts
3896 3183 4112 3246 existit;
4154 3183 4243 3235 ubi
4278 3198 4407 3237 vero
4440 3182 4522 3235 di-

2917 3269 3141 3333 viditur,
3177 3271 3230 3323 iit
3264 3270 3497 3341 singulis
3534 3270 3896 3325 divisionibus
3939 3272 4129 3341 incipit
4162 3288 4282 3327 esse
4323 3284 4523 3335 totum.

2918 3361 3059 3414 sicut
3089 3359 3142 3414 in
3177 3361 3418 3430 speculo,
3452 3361 3579 3415 dum
3604 3370 3689 3416 est
3722 3362 4017 3431 integrum,
4050 3379 4154 3417 una
4187 3372 4396 3418 tantum
4426 3380 4493 3431 ap

2916 3459 3073 3519 paret
3100 3451 3441 3520 inspicientis
3470 3452 3676 3521 imago;
3707 3454 3821 3517 scd,
3856 3453 3973 3523 ipso
4008 3454 4205 3518 fracto,
4239 3463 4317 3507 tot
4347 3470 4483 3524 appa

2918 3548 3038 3597 rent
3077 3542 3342 3611 imagines
3376 3552 3509 3609 quot
3540 3553 3669 3597 sunt
3702 3542 3978 3598 fracturus.
4013 3544 4286 3612 Quaeritur
4328 3556 4515 3599 utrum

2916 3646 3113 3701 corpus
3142 3631 3485 3687 Dominicum
3516 3634 3587 3688 sit
3623 3634 3817 3700 locale,
3863 3644 4045 3689 utrum
4089 3635 4253 3691 faciat
4283 3635 4514 3692 localein

2915 3722 3256 3787 distantiam,
3288 3731 3471 3778 utrum
3500 3723 3604 3779 dici
3646 3725 3843 3780 debeat
3880 3726 4022 3795 quod
4047 3727 4195 3797 jacet
4236 3736 4330 3782 aut
4362 3730 4517 3784 scdct

2917 3822 3009 3866 attt
3031 3822 3167 3879 stat;
3192 3816 3286 3869 sed
3310 3824 3361 3869 et
3384 3815 3489 3869 alia
3516 3816 3683 3871 multa
3708 3819 3852 3873 circa
3874 3829 4198 3889 praesentem
4224 3821 4517 3875 articulum

2916 3906 3115 3975 inquiri
3148 3916 3401 3976 possent,
3432 3924 3553 3977 qua:
3580 3909 3775 3963 melius
3808 3911 4011 3965 intacta
4044 3910 4165 3965 volo
4207 3912 4519 3981 relinquere

2915 4012 3076 4066 quam
3104 4004 3307 4051 temere
3334 3997 3594 4065 deﬁnire;
3626 4014 3749 4054 nam
3783 4000 3944 4055 bestia
3966 4018 4085 4071 qum
4114 4003 4338 4072 tetigerit
4370 4021 4518 4057 mon-

2914 4098 3015 4139 tem
3049 4087 3391 4157 lapidabitur.
3421 4089 3613 4144 Tutius
3644 4100 3727 4145 est
3760 4091 3811 4145 in
3850 4092 4053 4147 talibus
4080 4094 4216 4148 citra
4246 4096 4515 4151 rationein

2914 4178 3213 4233 subsistere
3245 4194 3408 4248 quam
3439 4179 3577 4234 ultra
3610 4181 3879 4235 rationem
3914 4184 4203 4249 excedere,
4245 4202 4311 4241 ne
4348 4186 4509 4243 forte.

2913 4270 3055 4340 quod
3084 4271 3246 4335 absit,
3263 4286 3387 4326 ossa
3408 4273 3552 4342 regis
3577 4272 3825 4329 ldummm
3846 4277 4162 4347 redigantur
4178 4278 4228 4331 in
4247 4256 4513 4333 cinerem.

2984 4359 3036 4411 fi.
3067 4359 3272 4430 Fregit.
3303 4362 3453 4416 Solet
3483 4377 3512 4416 a
3549 4364 3735 4419 multis
3767 4365 3993 4435 inquiri,
4018 4367 4112 4420 sed
4150 4384 4177 4421 a
4208 4371 4399 4439 paucis
4425 4372 4513 4424 iti-

2917 4450 3102 4521 tcliigi,
3136 4452 3265 4521 quid
3313 4450 3585 4522 frangitur
3620 4454 3713 4521 ibi,
3758 4456 3887 4526 quid
3928 4473 3959 4510 a
3998 4474 4149 4513 mure
4180 4462 4515 4529 corraditur,

2919 4546 3050 4615 quid
3078 4547 3201 4602 inde
3224 4558 3505 4603 crematur
3529 4564 3650 4604 cum
3681 4562 4082 4607 sacramentum
4109 4566 4515 4627 concrematur.

2921 4642 3243 4713 Responsio.
3288 4640 3445 4695 Sicut
3481 4640 3805 4695 miraculose
3838 4642 4175 4696 convertitur
4213 4640 4520 4699 substantia

2921 4737 2974 4791 itt
2999 4751 3195 4805 corpus
3220 4736 3561 4791 Dominicum
3587 4744 3641 4789 et
3664 4736 3850 4806 incipit
3875 4750 3994 4792 esse
4018 4738 4116 4791 sub
4140 4748 4517 4797 sacramento.

2919 4827 2997 4881 sic
3036 4826 3441 4896 quodammodo
3478 4826 3805 4881 miraculose
3843 4827 4154 4891 revertitur,
4182 4842 4305 4882 cum
4345 4830 4519 4898 ipsum

2919 4919 2989 4974 ibi
3026 4919 3230 4974 desinit
3258 4934 3399 4974 esse.
3434 4919 3499 4973 Et
3529 4934 3634 4973 non
3667 4918 3809 4973 valet
3845 4920 3916 4975 ibi
3948 4918 4098 4975 locus
4131 4935 4159 4973 a
4192 4919 4517 4992 conjugatis,

2920 5012 3008 5066 hic
3040 5020 3123 5066 est
3149 5010 3318 5075 calor,
3353 5026 3534 5081 sapor,
3562 5010 3794 5080 qualitas
3824 5021 3878 5066 et
3904 5013 4203 5081 quantitas,
4232 5028 4355 5067 cum
4388 5015 4523 5067 nihil

2918 5105 2985 5157 ab
3016 5104 3281 5159 alterutro
3319 5105 3392 5157 sit
3427 5104 3726 5158 coloratum
3762 5112 3852 5156 aut
3890 5114 4241 5173 saporatum,
4288 5106 4415 5176 quid
4459 5124 4523 5160 ac

2918 5197 3078 5267 quale
3116 5196 3477 5251 miraculum?
3524 5196 3733 5265 Quippe
3790 5197 3959 5252 vincit
4004 5208 4286 5263 naturam,
4326 5208 4378 5252 et
4418 5198 4520 5267 legi

2918 5287 3154 5343 detrahit
3182 5288 3548 5358 dispensatio;
3577 5303 3677 5341 nec
3700 5289 3954 5344 debueris
3987 5304 4233 5359 qumrere
4271 5299 4520 5343 naturam

2917 5381 2971 5434 iu
3000 5379 3195 5449 gratia,
3229 5394 3329 5434 nec
3367 5378 3819 5433 consuetudinem
3846 5397 3898 5433 tn
3933 5380 4216 5436 miraculo.
4254 5380 4398 5437 Sane
4426 5399 4523 5436 na-

2921 5481 3039 5525 tura
3080 5471 3170 5524 Dei
3211 5478 3296 5525 est
3337 5468 3607 5533 Trinitas,
3650 5471 3901 5526 videlicet
3937 5469 4118 5537 Pater,
4163 5484 4215 5527 et
4240 5472 4428 5538 Filius,
4468 5486 4522 5529 et

2919 5564 3155 5632 Spit-itus
3187 5575 3429 5619 sanctus.
3472 5564 3528 5617 In
3570 5564 3850 5635 hypostasi
3882 5563 4007 5619 Filii
4047 5574 4101 5621 cl
4150 5566 4367 5624 trinitas
4395 5570 4523 5623 Sub-

2918 5656 3277 5721 stantiarum,
3329 5654 3583 5709 videlicet
3618 5656 3812 5718 deitas,
3859 5671 4056 5726 corpus
4098 5669 4150 5712 et
4208 5661 4416 5725 anima;
4468 5664 4529 5726 iit

2917 5756 3261 5802 sacramento
3300 5750 3546 5817 corporis
3576 5747 3779 5803 Christi
3822 5757 3904 5803 est
3940 5749 4155 5804 trinitas
4193 5754 4517 5820 specierum,

2918 5841 3169 5899 videlicet
3192 5842 3366 5912 panis,
3392 5844 3602 5908 vinum,
3628 5850 3678 5897 et
3708 5858 3870 5914 aqua.
3897 5840 3953 5897 In
3976 5855 4170 5899 natura
4193 5845 4282 5901 Dei
4310 5861 4413 5901 non
4441 5857 4521 5901 est
