5962 6436
1222 396 1324 453 889

2374 396 2742 454 EXI‘OSITIO
2787 394 3087 452 CANONIS
3124 394 3376 453 MISSE.

4428 398 4536 455 8'30

1223 512 1319 566 siis
1362 519 1434 564 est
1471 512 1650 565 anima
1694 520 1919 573 mea;et
1950 512 2077 567 item
2106 529 2119 566 :
2146 511 2310 580 pril
2350 512 2509 565 Iesus
2548 526 2733 581 patiere
2776 517 2826 562 et
2854 512 2903 569 Α
2933 508 3088 577 quies
3132 507 3393 578 quinque,
3442 523 3564 579 qua:
3594 516 3721 563 sunt
3778 508 3940 562 simul
4120 508 4222 576 Qui
4272 526 4535 567 numerus

1223 606 1437 659 tradere.
1495 604 1571 659 De
1610 605 1991 673 compassione
2034 604 2215 660 cordis
2265 619 2362 674 pro
2410 603 2827 659 crucilixoribus

1225 694 1407 750 oravit
1432 711 1444 746 :
1469 693 1651 759 Pater,
1682 695 1902 765 ignosce
1936 696 2060 752 illis.
2090 696 2215 750 Ideo
2247 712 2375 751 vero
2406 696 2667 751 sacerdos
2697 696 2829 751 facit

1226 784 1329 840 has
1359 800 1553 841 cruces
1589 801 1711 840 cum
1746 787 1922 841 hostia
1955 803 2118 858 super
2146 787 2396 853 calicem,
2426 788 2551 858 quia
2579 787 2828 842 Christus

1228 872 1536 943 hujtismodi
1586 876 1864 931 cruciatus
1923 876 1975 931 in
2024 891 2254 945 corpore
2311 892 2475 947 super
2527 877 2828 947 patibulum

1232 963 1534 1037 [pertulit];
1581 980 1677 1035 per
1701 966 1927 1021 calicem
1954 967 2098 1021 enim
2143 968 2325 1034 passio
2355 968 2699 1037 designatur:
2745 980 2825 1021 se-

1231 1056 1467 1110 cundum
1514 1055 1627 1125 (50)
1673 1056 1803 1111 illud
1847 1056 2072 1121 :Pater,
2116 1058 2162 1110 si
2199 1057 2317 1125 ﬁeri
2356 1068 2545 1128 potest,
2590 1068 2826 1111 transeat

1232 1163 1264 1200 a
1285 1162 1367 1201 me
1389 1146 1530 1200 calix
1555 1148 1668 1201 iste.
1706 1146 1834 1201 Duae
1856 1162 1986 1201 vero
2008 1162 2221 1209 cruces.
2245 1162 2382 1218 quas
2409 1146 2541 1203 facit
2574 1148 2626 1201 in
2656 1149 2827 1202 latere

1232 1238 1441 1305 calicis,
1486 1239 1774 1309 designant
1819 1240 1924 1293 duo
1970 1248 2339 1305 sacramenta,
2392 1256 2512 1309 qute
2551 1240 2619 1293 de
2657 1238 2827 1293 latere

1234 1331 1449 1386 Domini
1485 1330 1888 1401 proﬂuxerunt,
1920 1332 2176 1387 videlicet
2212 1348 2351 1403 aqua
2397 1333 2828 1402 regeneratiOnis

1231 1428 1289 1477 et
1320 1422 1539 1492 sanguis
1566 1421 1973 1492 redemptionis.
2003 1420 2298 1491 Corporale
2334 1422 2567 1492 desuper
2601 1422 2826 1477 calicem

1231 1522 1562 1571 removetur.
1604 1512 1731 1581 quia
1764 1511 1941 1566 velum
1992 1513 2178 1583 templi
2220 1513 2455 1568 scissum
2496 1521 2601 1575 est,
2632 1527 2828 1567 secun-

1232 1601 1361 1657 dum
1388 1602 1531 1673 quod
1561 1602 1627 1657 de
1662 1616 1729 1656 eo
1758 1603 2022 1671 scriptum
2062 1612 2200 1665 erat,
2233 1603 2496 1658 hactenus
2530 1610 2648 1657 erat
2677 1602 2819 1657 clau-

1234 1708 1378 1760 sum,
1410 1705 1464 1748 et
1506 1694 1707 1763 lignum
1741 1693 1966 1748 missum
1990 1702 2075 1747 est
2108 1694 2160 1748 in
2185 1695 2341 1763 aquis
2366 1694 2597 1759 Marath,
2626 1704 2680 1750 et
2710 1694 2827 1748 dul-

1233 1793 1436 1838 curata-2
1463 1793 1610 1838 sunt.
1657 1783 1807 1839 Tunc
1846 1783 2141 1839 exaltatum
2183 1800 2477 1855 parumper
2518 1801 2826 1841 sacramen-

2928 614 3025 668 per
3056 600 3335 654 seductus
3359 614 3577 670 semper
3613 600 3665 653 in
3707 615 3766 655 se
3812 600 3987 669 ipsum
4041 601 4352 667 reducitur;
4405 619 4533 659 nam

2929 689 3219 758 quinquies
3246 689 3489 758 quinque
3518 698 3643 744 sunt
3667 689 3772 755 25;
3810 690 4105 760 quinquies
4131 691 4200 747 25
4226 702 4356 746 sunt
4392 694 4529 750 125:

2933 782 3035 835 125
3087 781 3378 849 quinquies
3440 789 3567 835 sunt
3593 780 3736 841 625;
3798 791 3854 836 et
3903 782 3977 835 ita
4032 796 4246 851 semper
4298 784 4537 838 abundat

2930 872 3215 943 quinarius
3239 887 3501 927 numerus
3522 873 3652 927 etin
3673 888 3732 927 se
3759 873 3934 943 ipsum
3963 874 4265 938 reducitur,
4297 875 4340 928 si
4363 875 4533 928 duca-

2934 972 3020 1015 tur
3044 962 3095 1015 in
3128 961 3423 1027 inﬁnitum,
3456 963 3900 1032 quamlibeteum
3939 962 4286 1032 multiplices.
4316 963 4533 1018 Eucha-

2934 1054 3098 1108 ristia?
3124 1063 3527 1109 sacramentum
3560 1070 3779 1124 semper
3806 1055 3949 1109 idem
3980 1065 4065 1110 est
4086 1055 4439 1109 sacrificium.

3004 1144 3089 1197 17.
3123 1143 3240 1198 Non
3288 1144 3462 1200 solum
3512 1154 3696 1200 autem
3748 1146 3929 1199 crucis
3979 1145 4284 1215 impressio,
4343 1160 4533 1200 verum

2930 1237 3095 1291 etiam
3132 1236 3279 1291 vocis
3307 1239 3591 1307 erpressio
3622 1254 3742 1307 qua:
3769 1248 3921 1309 gesta
3945 1248 4071 1293 sunt
4110 1238 4263 1306 juxta
4311 1255 4533 1294 erucem

2930 1330 3225 1383 insinuant.
3267 1328 3537 1384 Sacerdos
3558 1332 3705 1385 enini
3750 1347 3881 1385 voce
3932 1324 4208 1400 paululum
4248 1346 4530 1400 expressa,

2928 1436 3191 1492 percusso
3234 1432 3480 1492 pectore,
3516 1422 3792 1478 silentium
3826 1424 4199 1493 interrumpit,
4235 1439 4534 1492 repracsen-

2931 1521 3053 1566 tatis
3110 1513 3503 1567 contritionem
3561 1520 3615 1567 et
3668 1512 4068 1569 confessionem
4127 1514 4387 1579 latronis;
4446 1515 4534 1568 vel

2928 1606 3094 1660 etiam
3121 1606 3485 1660 exsultatione
3505 1607 3676 1673 vocis,
3704 1616 3759 1662 et
3790 1608 4044 1661 tunsione
4071 1608 4310 1677 pectoris
4341 1609 4533 1678 expri-

2928 1699 3099 1753 mitur
3130 1698 3284 1764 illud,
3316 1699 3459 1767 quod
3488 1700 3724 1753 centurio
3750 1710 3797 1753 et
3828 1701 3917 1770 qui
3952 1716 4069 1752 cum
4095 1715 4155 1753 eo
4185 1710 4360 1763 erant,
4407 1702 4537 1755 visis

2928 1787 2991 1841 iis
3012 1804 3128 1858 qua:
3150 1788 3366 1857 ﬁebant,
3394 1790 3679 1842 timuerunt
3707 1789 3855 1843 valde
3881 1790 4111 1843 dicentes
4136 1802 4151 1840 .'
4198 1788 4325 1843 l'ere
4348 1787 4396 1841 F
4401 1788 4528 1844 ilius

1235 1884 1348 1930 tum
1396 1877 1464 1931 de
1506 1877 1663 1930 altari
1708 1879 1967 1933 sacerdos
2012 1878 2234 1948 deponit
2274 1879 2389 1949 ipse
2431 1888 2485 1935 et
2526 1880 2821 1947 diaconus,
2856 1864 2899 1923 Β
2933 1881 3028 1934 Dei
3054 1890 3167 1934 erat
3214 1882 3345 1944 iste;
3394 1882 3809 1949 etpercutientes
3848 1891 4062 1951 pectora
4115 1886 4531 1937 revertebantur.

1234 1967 1362 2036 quia
1406 1967 1552 2021 venit
1586 1966 1779 2037 Josepl'
1831 1970 1897 2024 ab
1938 1970 2267 2034 Arimathia,
2312 1972 2463 2025 venit
2500 1982 2550 2027 et
2600 1972 2828 2027 Nicode-

1236 2072 1377 2121 mus,
1416 2068 1471 2112 ct
1513 2059 1856 2127 iuipetra..nn
1907 2076 1938 2115 a
1979 2059 2153 2114 Pilato
2196 2076 2396 2129 corpus
2432 2062 2558 2117 Jesu
2608 2064 2830 2131 sepelie-

1237 2157 1382 2202 runt.
1424 2148 1492 2203 Et
1530 2150 1656 2218 quia
1697 2150 1934 2205 advolvit
1988 2166 2181 2205 saxum
2225 2165 2480 2221 magnum
2522 2153 2589 2206 ad
2627 2153 2826 2207 ostium

1235 2244 1614 2309 monumenti,
1671 2243 1931 2298 diaconus
1980 2260 2145 2313 super
2193 2259 2255 2299 os
2305 2244 2491 2299 calicis
2552 2244 2831 2313 corporale

1236 2339 1468 2406 reponit.
1516 2338 1654 2406 Quia
1698 2354 1843 2393 nunc
1877 2340 2051 2408 factus
2089 2349 2166 2395 est
2213 2342 2268 2395 in
2311 2358 2441 2411 pace
2489 2341 2638 2395 locus
2688 2341 2825 2406 eius,

1234 2427 1496 2483 diaconus
1536 2443 1777 2483 mensam
1806 2428 1997 2485 altaris
2033 2432 2330 2486 osculatur.
2377 2431 2514 2500 Quia
2550 2434 2724 2502 factus
2754 2444 2829 2486 est

1232 2522 1559 2590 principatus
1600 2537 1756 2590 super
1795 2522 2073 2578 humerum
2111 2525 2260 2594 ejus,
2302 2525 2565 2581 diaconus
2606 2540 2828 2579 manum

1233 2613 1507 2683 pontiﬁcis
1535 2615 1833 2669 osculatur.

1308 2701 1397 2757 16.
1424 2700 1765 2757 Sacriﬁcium
1800 2704 1964 2772 igitur
1995 2716 2200 2774 septem
2234 2706 2449 2762 vicibus
2498 2709 2747 2777 signatur
2774 2708 2827 2760 in

1234 2804 1477 2855 canone;
1518 2792 1692 2859 prima
1724 2794 1840 2847 vice
1874 2804 1975 2859 ter,
2001 2795 2093 2849 tibi
2123 2796 2347 2858 dicitur,
2372 2799 2484 2850 Ιιιῑτ
2514 2799 2677 2861 dona,
2716 2798 2829 2850 lucc

1235 2896 1476 2945 munera,
1506 2883 1616 2935 lucc
1644 2894 1826 2936 sancta
1849 2885 2109 2953 sacrificia
2134 2887 2339 2939 illibata
2375 2897 2594 2955 propter
2618 2898 2826 2941 tertiam

1236 2971 1445 3026 Christi
1490 2973 1855 3038 traditionem,
1880 2990 1999 3043 quae
2022 2975 2163 3029 facta
2187 2987 2269 3031 est
2301 2978 2367 3033 de
2388 2992 2451 3032 eo
2478 2996 2506 3030 a
2551 2977 2688 3032 Juda
2720 2989 2771 3032 et
2796 2995 2825 3032 a

1235 3059 1457 3119 Judaiis.
1493 3061 1738 3116 Secunda
1779 3064 1897 3118 vice
1924 3066 2239 3133 quinquies,
2281 3068 2370 3121 tibi
2402 3068 2601 3121 dicitur
2635 3085 2828 3137 :quam

1235 3152 1554 3207 oblationem
1578 3166 1654 3222 tu,
1686 3156 1846 3220 Deus,
1876 3158 2105 3227 digneris
2132 3160 2305 3228 facere
2343 3160 2692 3222 benedictum,
2743 3175 2829 3212 as—

1234 3243 1457 3311 criptum
1482 3254 1530 3298 et
1562 3256 1753 3309 ratam,
1784 3256 1841 3299 ut
1874 3248 1969 3315 fiat
1994 3265 2180 3317 corpus
2214 3260 2259 3302 et
2301 3251 2552 3320 sanguis;
2606 3262 2829 3319 propter
2857 3232 2901 3293 (ί

1236 3338 1481 3407 quinque
1513 3351 1694 3407 partes
1728 3340 2048 3403 venditoris,
2078 3343 2171 3396 sed
2202 3351 2255 3396 et
2284 3343 2492 3397 vendiii
2525 3356 2579 3396 et
2617 3353 2834 3414 empto-

1234 3444 1384 3495 rum,
1420 3430 1668 3485 videlicet
1703 3433 2073 3499 sacerdotum,
2108 3432 2421 3488 Scribarum
2452 3444 2507 3489 et
2531 3435 2829 3491 Pharisaio-

1236 3541 1377 3578 tum.
1423 3525 1605 3580 Tertia
1645 3528 1764 3581 vice
1814 3528 1917 3592 bis,
1950 3528 2039 3581 ti'ii
2067 3528 2283 3593 dicitur,
2313 3530 2575 3597 accipiens
2618 3546 2827 3598 panem,

1232 3617 1497 3670 benedixit
1525 3628 1573 3671 et
1597 3618 1770 3688 fregit.
1801 3617 2059 3673 Similiter
2086 3630 2134 3673 et
2160 3620 2299 3673 lianc
2338 3620 2657 3691 prwclaruin
2701 3620 2831 3675 cali-

1232 3723 1367 3770 cem,
1406 3709 1603 3778 gratias
1626 3726 1805 3779 agens,
1829 3711 2109 3773 benedixit,
2144 3721 2366 3781 propter
2392 3712 2827 3766 benedictionem

1232 3800 1396 3867 panis
1416 3800 1505 3868 qui
1544 3801 2095 3854 transsubstantiatur
2117 3802 2169 3855 in
2200 3816 2444 3868 carnem,
2469 3813 2523 3856 et
2548 3802 2659 3856 vini
2688 3804 2832 3871 quod

1236 3892 1800 3946 transsulistantiatur
1821 3892 1875 3945 in
1912 3894 2254 3962 sanguinem.
2292 3892 2498 3960 Quarta
2528 3896 2645 3949 vice
2676 3895 2834 3965 quin-

1230 3984 1416 4053 quies,
1450 3984 1539 4039 tibi
1565 3984 1767 4039 dicitur
1793 4002 1807 4039 :
1836 3985 2061 4039 hostiam
2089 4004 2299 4054 puram,
2322 3988 2547 4042 hostiam
2569 4001 2830 4057 sanctam,

1233 4074 1467 4130 hostiam
1501 4076 1919 4143 immaculatum,
1948 4094 2136 4146 panem
2161 4089 2404 4132 sanciunt
2453 4080 2573 4134 rita:
2619 4091 2831 4136 (eterna:

1229 4175 1281 4219 ct
1322 4164 1543 4220 calicem
1570 4165 1761 4219 salutis
1782 4176 2063 4234 perpetuis,
2095 4178 2317 4237 propter
2340 4170 2582 4239 quinque
2615 4171 2829 4225 Domini

1230 4255 1443 4329 plagas.
1473 4257 1671 4323 Quinta
1725 4256 1845 4312 vice
1892 4258 1995 4322 bis,
2049 4259 2138 4314 ubi
2171 4260 2391 4333 dicitur,
2436 4272 2831 4317 sacrosanctum

1229 4358 1493 4418 corpus'et
1516 4365 1844 4417 sanguinem,
1877 4359 2101 4419 propter
2134 4351 2345 4405 vincula
2388 4352 2662 4421 inquibus
2690 4352 2826 4421 liga-

1233 4450 1350 4493 tum
1384 4447 1468 4493 est
1498 4454 1713 4509 corpus,
1742 4439 2023 4511 etllagella
2048 4442 2245 4511 quibus
2276 4443 2442 4498 elisus
2466 4454 2547 4497 est
2586 4446 2826 4514 sanguis.

1231 4530 1403 4585 Sexta
1434 4530 1549 4585 vicc
1580 4539 1679 4597 ter,
1712 4532 1802 4584 ubi
1834 4531 2050 4591 dicitur.
2079 4533 2403 4601 sanctiﬁcas,
2452 4535 2700 4603 rivi/iens,
2747 4537 2831 4590 be-

1232 4619 1459 4683 uetlicis,
1508 4631 1728 4689 propter
1775 4622 2180 4676 crucifixionem
2219 4639 2339 4692 qua:
2388 4624 2529 4679 facta
2567 4635 2651 4681 cst
2696 4627 2827 4680 hora

1234 4713 1397 4767 tertia
1434 4713 1627 4781 linguis
1651 4711 1959 4767 Judmoruni
1996 4714 2350 4771 clamantium
2385 4726 2468 4771 ter
2504 4733 2517 4772 :
2546 4718 2825 4789 Cruci/iga.

1235 4802 1484 4870 Septima
1520 4802 1634 4854 vice
1663 4802 1974 4871 quinquies,
2006 4804 2096 4857 tibi
2150 4804 2372 4870 dicitur,
2426 4824 2520 4875 per
2555 4810 2749 4877 ipsum,
2782 4818 2829 4861 et

1230 4913 1353 4951 cum
1389 4898 1525 4966 ipso,
1555 4907 1601 4950 et
1636 4897 1690 4950 in
1714 4898 1845 4967 ipso,
1880 4897 1973 4949 tibi
2013 4897 2120 4951 Deo
2179 4900 2321 4968 patri
2381 4902 2722 4970 omnipotenti
2774 4904 2829 4955 in

1238 4990 1448 5044 unitate
1476 4986 1705 5055 Spiritus
1752 4989 1946 5052 sancti,
1996 4998 2078 5044 ter
2133 5004 2297 5060 super
2343 4991 2567 5047 calicem
2608 5003 2832 5063 propter

1233 5090 1351 5134 tres
1399 5078 1672 5133 cruciatus
1718 5094 1853 5148 quos
1908 5078 2154 5135 Christus
2198 5080 2476 5147 sustinuit,
2530 5085 2825 5153 passionis,

1233 5169 1615 5241 prapassionis
1641 5179 1697 5224 et
1752 5171 2177 5242 compassionis;
2211 5182 2267 5229 et
2304 5174 2385 5228 bis
2416 5173 2468 5228 in
2498 5174 2666 5228 latere
2688 5176 2823 5229 cali-

1232 5271 1316 5321 cis
1346 5275 1568 5336 propter
1599 5280 1793 5335 aquam
1824 5274 1877 5320 et
1897 5268 2214 5338 sanguinein
2250 5269 2342 5338 qui
2375 5269 2441 5323 de
2470 5270 2643 5325 latere
2669 5271 2828 5325 Chri-

1232 5361 1302 5413 sti
1336 5356 1735 5428 proﬂuxerunt.
1776 5358 1923 5412 Inter
1952 5358 2049 5413 lias
2080 5370 2286 5428 septem
2314 5359 2459 5413 vices
2496 5361 2821 5415 sacriﬁcium

1233 5452 1490 5522 signatur
1516 5450 1725 5505 duabus
1755 5451 1962 5505 vicibus
1991 5451 2091 5517 liis,
2123 5460 2177 5506 et
2222 5453 2394 5506 tritius
2422 5453 2628 5506 vicibus
2674 5453 2828 5522 quia-

1230 5541 1417 5613 quies,
1452 5549 1505 5596 et
1531 5542 1740 5597 duabus
1773 5541 1982 5598 vicibus
2006 5550 2127 5611 ter;
2163 5542 2323 5598 simul
2370 5544 2624 5599 omnibus
2671 5546 2829 5615 quiti-

1307 5678 1424 5744 (50)
1465 5677 1621 5741 Cod”
1665 5696 1838 5747 super.

1308 5748 1427 5819 (5i)
1463 5749 1555 5802 Sic
1584 5760 1635 5803 et
1668 5766 1965 5821 aiionymus
2007 5750 2301 5819 palatinos,
2332 5751 2423 5822 qui
2455 5752 2638 5805 addit:
2675 5752 2728 5803 id
2756 5762 2829 5804 est

1231 5823 1767 5889 ruperexrrcsceutia,
1794 5839 1851 5875 eo
1874 5825 2011 5891 quod
2032 5822 2161 5876 nihil
2188 5824 2238 5877 in
2271 5839 2331 5875 ea
2380 5824 2575 5893 petitur
2607 5822 2741 5891 quod
2775 5824 2825 5875 in

2934 1974 3067 2039 Quia
3098 1989 3229 2027 vero
3251 1973 3407 2027 Iesus
3429 1974 3666 2027 clamans
3697 1990 3816 2028 voce
3840 1991 4032 2043 magna
4062 1976 4233 2029 emisit
4261 1976 4531 2043 spiritum,

2934 2065 3350 2119 lcvatsacerdos
3373 2080 3562 2119 vocem
3588 2066 3839 2127 dicendo.
3872 2082 3963 2135 per
3997 2066 4175 2118 omnia
4200 2066 4397 2119 swcula
4429 2083 4534 2120 str-

2933 2160 3195 2213 ruloruin.
3225 2156 3489 2213 Videlicet
3517 2158 3644 2228 quia
3671 2156 3916 2212 mulieres
3947 2156 4379 2212 lamentabantur
4397 2157 4533 2227 fien-

2934 2248 3007 2303 ti‘s
3047 2250 3356 2314 Dominum,
3396 2250 3597 2304 chorus
3638 2250 3798 2319 quasi
3830 2248 4183 2303 lamentando
4217 2250 4530 2317 respondet,

2933 2361 3105 2396 auten.
3134 2340 3292 2397 Jcsus
3322 2357 3455 2398 voce
3487 2356 3683 2411 magna
3710 2340 4016 2395 clamabat:
4049 2336 4234 2402 Pater,
4260 2340 4313 2392 in
4340 2354 4531 2392 manus

2934 2443 3051 2486 tuas
3101 2433 3409 2486 continendo
3451 2432 3695 2500 spiritum
3756 2445 3961 2493 meum;
4004 2438 4060 2483 et
4103 2428 4225 2481 ideo
4274 2426 4531 2481 sacerdos

2933 2524 3145 2577 elevata
3201 2537 3337 2576 voce
3386 2521 3732 2589 pronuntiat:
3786 2517 3948 2571 Pater
3996 2526 4193 2581 noster,
4238 2516 4328 2586 qui
4381 2530 4435 2569 es
4477 2516 4533 2569 in

2932 2616 3093 2668 caelis.
3130 2605 3285 2667 lianc
3330 2613 3636 2667 orationem
3688 2618 3812 2681 post
3858 2624 4125 2664 canonein
4185 2609 4376 2661 beatus
4403 2605 4535 2663 Gre-

2935 2706 3122 2773 gorius
3165 2704 3384 2759 censuit
3438 2702 3657 2757 recitari
3688 2716 3852 2771 super
3900 2700 4175 2765 hostiam;
4221 2699 4336 2752 haec
4385 2696 4534 2750 enini

2933 2798 3110 2849 oratio
3154 2796 3369 2849 caeteris
3398 2794 3652 2848 omnibus
3694 2792 3875 2846 multis
3930 2790 4231 2845 rationibus
4289 2785 4532 2843 antecel-

2935 2887 3012 2948 lit,
3062 2886 3269 2940 scilicet
3301 2884 3627 2939 auctoritate
3665 2881 3929 2945 doctoris,
3973 2881 4217 2935 bonitate
4240 2877 4533 2942 sermonis,

2935 2979 3248 3033 sufﬁcientia
3273 2976 3576 3047 petitionis,
3596 2975 3931 3030 fecunditate
3954 2972 4366 3045 mysteriorum.
4393 2968 4535 3023 Sum.

2936 3072 3024 3125 hic
3041 3079 3247 3140 septem
3275 3069 3568 3139 petitiones
3596 3084 3716 3138 quae
3755 3068 4085 3136 adoptantur
4111 3072 4317 3134 septem
4351 3062 4529 3125 donis,

2935 3179 3139 3235 septem
3166 3162 3476 3224 virtutibus,
3518 3170 3722 3229 septem
3748 3156 4195 3218 bcatitudinibus,
4228 3163 4416 3208 contra
4452 3168 4534 3207 sc-

2934 3269 3081 3325 piem
3112 3254 3238 3308 vitia
3263 3251 3538 3323 capitalia.
3573 3250 3743 3304 llomo
3779 3248 3923 3301 enim
3953 3256 4038 3301 est
4065 3254 4323 3315 ingratus,
4351 3244 4534 3297 Domi:

2934 3362 3038 3403 nus
3086 3357 3171 3403 est
3207 3347 3479 3409 medicus;
3516 3344 3647 3397 vitia
3696 3352 3825 3396 sunt
3875 3341 4192 3410 langnot‘es,
4240 3338 4532 3408 petitiones

2933 3447 3059 3493 sunt
3087 3438 3359 3509 planctus,
3392 3437 3531 3491 dona
3558 3444 3686 3489 sunt
3729 3432 3996 3494 antidota,
4035 3430 4268 3484 virtutes
4294 3436 4422 3484 sunt
4448 3444 4537 3483 sa-

2936 3532 3157 3594 nitates,
3212 3528 3575 3583 beatitudines
3618 3534 3747 3579 sunt
3784 3522 3977 3594 gaudia
4026 3523 4327 3579 felicitatis.
4381 3521 4535 3587 Quod

2934 3622 3182 3691 sequitur
3203 3626 3426 3675 secreta)
3459 3617 3757 3679 silentium,
3782 3615 4021 3684 quietem
4045 3612 4322 3683 signiﬁcat
4352 3610 4538 3665 Domi-

2933 3714 3073 3767 nica:
3092 3706 3487 3780 sepulturae..ln
3514 3704 3757 3759 Sabbato
3787 3702 4045 3757 Christus
4073 3700 4379 3756 secundum
4408 3714 4533 3752 car-

2934 3821 3055 3860 nem
3088 3802 3293 3874 quicvit
3320 3803 3373 3855 in
3407 3799 3689 3872 sepulcro;
3715 3796 4014 3852 secundum
4040 3795 4280 3848 animam
4306 3792 4534 3847 descen-

2934 3899 3014 3951 dit
3041 3896 3107 3950 ad
3132 3894 3355 3957 inferos,
3388 3900 3445 3944 iit
3482 3890 3677 3946 fortior
3714 3884 4111 3959 superveniens
4163 3883 4362 3939 fortem
4396 3896 4528 3951 spo-

2934 3993 3094 4046 liaret
3159 3982 3449 4044 armatum.
3508 3984 3698 4039 Libera
3750 3999 3864 4046 nos,
3927 3996 4256 4052 quaesumus,
4289 3976 4534 4030 Domine.

2934 4086 3061 4141 llaec
3089 4084 3268 4138 oratio
3295 4078 3869 4137 diciturembolismus
3894 4077 4033 4147 (fil),
4068 4083 4123 4129 et
4154 4084 4240 4129 est
4269 4068 4536 4140 expositio

2934 4175 3246 4228 novissima:
3273 4170 3555 4243 petitionis
3578 4168 3848 4224 orationis
3878 4165 4198 4219 Βοιιιίηἰρω.
4247 4161 4379 4216 Post
4409 4174 4537 4230 pas-

2934 4267 3104 4321 sionis
3127 4265 3406 4320 tristitiam
3440 4263 3507 4317 ad
3538 4258 3955 4315 resurrectionis
3981 4256 4235 4326 gaudium
4266 4252 4535 4322 pervenit,

2934 4357 3229 4413 secundum
3262 4355 3423 4409 illud:
3469 4355 3547 4407 Ad
3574 4364 3840 4421 vesperum
3867 4346 4228 4400 demorabitur
4247 4344 4440 4413 ﬂetus;
4466 4340 4535 4394 ad

2935 4450 3252 4503 matutinum
3277 4446 3485 4500 lwtitia.

3010 4540 3396 4597 18.Diaconus
3431 4546 3487 4592 et
3539 4534 3909 4591 subdiaconus
3975 4538 4197 4601 portant
4250 4536 4531 4598 patenam,

2938 4648 3101 4704 quam
3132 4627 3389 4685 sacerdos
3433 4626 3710 4695 accipiens
3750 4624 4050 4683 osculatur,
4108 4631 4157 4673 ct
4191 4634 4313 4673 cum
4346 4632 4410 4671 ea
4462 4617 4538 4670 si-

2940 4740 3103 4798 gnum
3136 4722 3318 4777 crucis
3357 4720 3461 4775 sibi
3498 4718 3627 4772 facit
3680 4718 3732 4770 in
3784 4714 4001 4769 faciem.
4050 4711 4112 4765 lli
4147 4721 4257 4764 tam
4305 4722 4540 4762 numero

2940 4832 3104 4888 quam
3147 4813 3409 4880 obs:quio
3461 4818 3673 4865 stantes
3730 4808 3850 4861 illas
3889 4805 4146 4858 mulieres
4201 4799 4538 4871 signiﬁcant,

2940 4910 3154 4963 scilicet
3208 4904 3435 4959 Mariam
3488 4900 3860 4971 Magdalenam
3893 4909 3948 4953 et
3998 4896 4221 4950 Mariam
4265 4891 4451 4947 Jacobi
4481 4899 4539 4947 et

2942 5002 3181 5065 Salome,
3221 5012 3340 5069 quae
3379 5004 3662 5067 portantes
3706 5002 3982 5063 patenam,
4031 4990 4083 5043 id
4112 4998 4196 5043 est
4222 5001 4317 5041 cor
4346 4994 4540 5054 patens

2937 5092 3224 5148 latitudine
3258 5086 3563 5149 cliaritatis,
3597 5086 3649 5139 in
3678 5082 4005 5153 obsequium
4054 5078 4350 5150 sepulturae
4390 5089 4540 5131 eme~

2937 5189 3068 5237 runt
3132 5186 3395 5233 aromata.
3474 5175 3627 5229 Hanc
3682 5188 3814 5243 ergo
3872 5180 4148 5241 patenam,
4198 5170 4249 5223 id
4301 5176 4385 5223 est
4442 5182 4539 5220 cor

2930 5272 3168 5343 amplum
3210 5267 3492 5323 latitudine
3550 5264 3853 5327 cliaritatis,
3910 5260 4167 5316 sacerdos
4207 5258 4427 5326 accipit,
4482 5256 4537 5310 id

2930 5374 3013 5421 est
3040 5363 3292 5418 Christus
3316 5369 3583 5428 acccptat.
3616 5357 3763 5425 Quia
3785 5372 3911 5411 vero
3966 5354 4265 5408 cruciﬁxus
4322 5347 4537 5403 ardenti

2932 5454 3206 5510 desiderio
3250 5453 3616 5522 quaerebatur,
3677 5449 3832 5517 juxta
3884 5446 4026 5516 quod
4078 5444 4254 5513 inquit
4310 5439 4534 5511 angelus

2933 5544 3291 5599 mulieribus:
3328 5544 3451 5598 Scio
3485 5542 3624 5610 quod
3675 5540 3865 5594 Jesum
3902 5538 4138 5609 qumritis
4184 5536 4533 5603 cruci/imum;

2935 5682 3248 5750 prwcedeuti
3294 5680 3572 5733 Dominica
3601 5679 3839 5732 oratione
3869 5678 4083 5750 petitum
4136 5691 4237 5727 non
4287 5673 4387 5750 sit;
4441 5685 4535 5723 nec

2933 5746 3107 5805 tamen
3155 5753 3451 5820 super/luit,
3493 5750 3615 5820 quia
3664 5760 3737 5805 est
3792 5747 4047 5819 expositio
4087 5758 4133 5799 et
4182 5746 4416 5813 repetitio
4448 5758 4531 5795 see

2930 5824 3105 5891 ptima'
3128 5824 3411 5895 petitionis.
