5962 6478
1158 409 1264 467 893

2103 398 2604 460 COLLECTANEA
2646 399 2736 455 EX
2778 397 2965 456 NOVO
3006 396 3500 455 TESTAMENTO.

4336 390 4443 449 89$

1160 551 1373 606 Patrem
1414 542 1679 610 ascendit,
1727 551 1785 597 ut
1835 557 1932 599 nos
1976 541 2274 598 divinitatis
2319 556 2430 595 suae
2458 545 2739 595 consortes
2768 518 2813 578 Α
2843 516 3429 610 (famnajitpeccmm
3460 514 3525 610 βίη
3774 512 3910 610 (ium
3944 510 4091 566 enim
4125 508 4261 610 ρίείι
4294 510 4446 610 misi‘

1158 638 1427 701 ediceret;
1455 635 1596 690 sicut
1626 648 1723 703 per
1766 633 2044 704 egregium
2075 629 2487 699 praedicatorem
2510 626 2741 680 dicitur:

1162 725 1317 793 Quod
1348 732 1524 778 autem
1556 723 1812 788 ascendit,
1857 721 1985 792 quid
2024 728 2131 781 est,
2178 718 2279 771 nisi
2324 720 2447 787 quia
2479 715 2743 768 descendit

1158 815 1387 885 primum
1428 813 1481 865 in
1514 809 1787 880 inferiores
1836 819 2010 880 partes
2059 808 2251 861 terrae?
2298 806 2402 871 Qui
2452 804 2743 867 descendit,

1162 906 1273 971 ipse
1298 912 1375 959 est
1401 912 1446 958 et
1474 902 1565 967 qui
1594 902 1828 955 ascendit
1867 916 2025 970 super
2068 915 2246 952 omuues
2277 896 2453 958 rue/os,
2485 906 2539 948 ut
2572 895 2746 947 adim-

1162 996 1324 1064 pleret
1357 994 1552 1049 omnia.
1591 995 1695 1049 Per
1730 1006 2015 1047 numerum
2053 1000 2230 1044 auteuuu
2271 999 2430 1057 quem
2462 986 2747 1040 Mattluteus

1165 1088 1400 1153 ordinat,
1434 1087 1704 1156 SUSCPptiO
1736 1083 2022 1137 laboriosae
2058 1080 2441 1145 mortalitatis;
2470 1092 2568 1147 per
2595 1076 2746 1131 illum

1163 1194 1295 1237 vero
1316 1194 1477 1250 quem
1511 1179 1683 1232 Lucas
1729 1176 1927 1244 posuit,
1962 1175 2224 1229 humanae'
2251 1171 2577 1242 exprimitur
2613 1169 2748 1223 abo-

1166 1272 1287 1327 litio
1312 1271 1616 1342 pravitatis.
1647 1268 1752 1322 Per
1776 1266 2268 1337 quadragenarium
2320 1263 2517 1332 quippe
2554 1273 2745 1315 nume-

1164 1376 1285 1417 rum
1310 1359 1462 1414 labor
1487 1356 1828 1427 exprimitur,
1856 1370 1963 1425 quo
1990 1354 2244 1409 videlicet
2273 1351 2522 1406 Christus
2551 1350 2603 1403 in
2627 1364 2750 1404 cor-

1163 1463 1299 1521 pore
1326 1463 1445 1512 suo,
1478 1448 1621 1517 quod
1649 1456 1732 1502 est
1764 1444 2031 1511 Ecclesia,
2068 1458 2165 1515 per
2193 1443 2407 1498 diversa
2438 1442 2563 1495 vitae
2590 1437 2748 1508 hujus

1167 1548 1407 1610 tempora
1434 1537 1713 1607 fatigatur.
1745 1536 1882 1591 Hinc
1910 1545 1995 1591 est
2020 1537 2161 1604 quod
2189 1533 2401 1605 Moyses
2428 1542 2485 1587 et
2512 1532 2657 1587 Elias
2676 1530 2748 1585 40

1167 1631 1380 1687 dierum
1412 1630 1804 1685 continuuavere
1837 1626 2136 1698 jejunium;
2179 1625 2274 1680 sed
2315 1634 2371 1680 et
2417 1622 2530 1694 ipse
2567 1622 2749 1678 Domi-

1162 1736 1268 1777 nus
1312 1722 1412 1777 sub
1461 1720 1653 1777 eodem
1699 1733 1927 1775 numero
1972 1716 2235 1773 abstinuit
2283 1714 2631 1787 perceptione
2671 1713 2750 1771 ci-

1160 1813 1378 1867 borum.

1235 1901 1341 1956 Per
1391 1900 1609 1972 Moysen
1670 1902 1851 1970 itaque
1901 1900 2027 1965 lex,
2071 1915 2169 1971 per
2218 1899 2391 1955 Eliam
2441 1899 2742 1969 prophetia,

1159 2009 1260 2065 per
1284 1992 1559 2048 Christum
1588 2006 1717 2046 vero
1751 1990 1886 2045 Novi
1915 1986 2244 2045 Testamenti
2275 2000 2523 2059 patenter
2553 1988 2748 2043 intelli-

1170 2085 1317 2155 gitur
1355 2082 1550 2153 gratia.
1586 2080 1689 2137 Per
1729 2080 2076 2137 amictionem
2107 2096 2235 2150 ergo
2261 2080 2414 2150 legis,
2451 2080 2750 2151 prophetiae

1159 2173 1321 2229 simul
1360 2182 1416 2227 ct
1459 2172 1646 2243 gratiae
1677 2172 1829 2227 labor
1862 2171 2104 2225 inuuuitur
2132 2168 2455 2224 universalis
2484 2168 2744 2224 Ecclesia:

1158 2278 1260 2334 per
1303 2262 1554 2317 universa
1581 2261 1827 2317 mortalis
1871 2259 2029 2329 hujus
2076 2260 2202 2314 vita:
2249 2258 2447 2313 smcnla
2492 2258 2745 2329 fatigatae.

1155 2350 1301 2406 Hinc
1333 2358 1417 2406 est
1445 2351 1589 2420 quuod
1628 2350 1720 2404 lilii
1750 2349 1938 2414 Israel,
1968 2348 2227 2403 mrumnis
2267 2356 2429 2416 atque
2473 2346 2750 2401 laboribus

1160 2439 1389 2493 diutinae
1418 2438 1872 2509 peregrinationis
1899 2438 2068 2492 attriti
2102 2444 2222 2508 post
2244 2436 2313 2489 40
2340 2450 2513 2489 annos
2545 2445 2747 2489 terram

1158 2540 1291 2586 sunt
1305 2530 1683 2602 promissionis
1702 2530 1955 2601 ingressi;
1975 2530 2102 2599 quia
2116 2528 2366 2583 videlicet
2380 2542 2571 2582 omnes
2593 2526 2749 2581 electi

1156 2630 1283 2692 post
1304 2635 1580 2675 emensum
1612 2620 1770 2690 hujus
1794 2618 2249 2691 peregrinationis
2275 2632 2589 2680 excursum,
2623 2631 2746 2670 mox

1156 2708 1508 2763 hereditario
1529 2710 1651 2778 jure
1682 2717 1881 2762 terram
1916 2708 2214 2762 viventium
2243 2706 2615 2776 possidebuuut.
2648 2705 2751 2757 Per

1156 2798 1635 2869 septuagenarium
1660 2812 1790 2852 vero
1818 2810 2124 2859 numerum,
2157 2811 2315 2865 quem
2345 2795 2516 2849 Lucas
2545 2794 2749 2863 posuit,

1157 2886 1416 2943 remissio
1442 2895 1791 2954 peccatorum
1819 2885 2161 2953 exprimitur,
2188 2885 2326 2937 sicut
2356 2885 2469 2951 ipse
2494 2883 2751 2937 Dominus

1158 2977 1218 3032 in
1251 2975 1543 3045 Evangelia
1588 2985 1837 3031 teStatur.
1871 2975 2005 3031 Cum
2042 2976 2188 3029 enim
2228 2974 2423 3029 Petrus
2450 2975 2751 3042 interroga-

1157 3075 1248 3122 ret
1271 3067 1494 3121 dicens:
1524 3065 1780 3131 Domine,
1816 3066 2017 3135 quoties
2048 3067 2330 3133 peccaverit
2369 3067 2423 3118 in
2466 3081 2545 3117 me
2585 3065 2753 3133 frater

1155 3173 1329 3221 meus,
1359 3157 1622 3210 dimittam
1672 3157 1722 3210 ei
1774 3172 1936 3226 usque
1975 3156 2206 3225 septies?
2255 3155 2577 3224 respondit:
2628 3153 2750 3207 Non

2776 1866 2823 1926 B

2847 606 2989 660 Deus
3028 606 3226 659 Filium
3271 620 3427 661 suum
3459 604 3512 659 in
3542 602 3954 659 similitudinem
3986 600 4171 658 carnis
4209 601 4444 671 peccati,

2846 705 3193 764 peccatorum
3243 704 3556 750 nostrorum
3589 692 3993 763 susceptionem
4030 690 4319 748 manifeste
4352 692 4447 746 de-

2846 791 3041 852 clarat,
3066 801 3227 855 quam
3256 786 3493 841 ostendit
3518 784 3805 839 Matuluteus
3828 798 3950 838 cum
3974 782 4353 837 descendendo
4375 796 4448 836 χι.

2847 882 3231 955 generationes
3270 885 3577 935 enumerat.
3611 876 3745 931 Cum
3779 890 3912 931 vero
3960 876 4231 946 sequitur,
4276 882 4333 929 et
4379 872 4450 929 de

2848 985 3072 1046 peccato
3111 972 3699 1041 damnavitpeccatuum
3746 972 3799 1025 in
3841 985 4029 1035 carne,
4074 968 4448 1039 expiationem

2849 1067 3092 1122 omniuum
3124 1073 3440 1119 nostrorum
3471 1062 3763 1119 criuuuinuun
3807 1060 4043 1123 indicat,
4073 1075 4239 1129 quam
4269 1057 4453 1115 Lucas

2848 1156 3128 1228 exprimit,
3182 1170 3307 1210 cum
3340 1152 3685 1209 ascendendo
3725 1166 3911 1207 Lxxvut
3940 1150 4327 1220 generationes
4354 1148 4452 1205 de-

2848 1248 3061 1306 scribit.

3063 1354 3125 1394 ll.
3167 1353 3222 1393 tu
3263 1351 3507 1392 SBRIONE
3549 1350 3810 1391 SYNODALI
3850 1347 4055 1388 narro
4086 1330 4227 1403 (54).

2929 1431 3033 1487 Vos
3062 1431 3184 1486 estis
3214 1430 3295 1484 sal
3328 1440 3502 1485 terrm.
3529 1427 3805 1483 Plurimus
3836 1426 3995 1497 plane
4025 1424 4183 1480 cibus
4210 1422 4313 1479 sub
4340 1436 4453 1478 una

2853 1526 2991 1579 mole
3040 1522 3355 1594 congeritur
3402 1520 3495 1590 qui
3543 1529 3727 1574 taunen
3767 1519 3964 1589 exiguo
4012 1516 4127 1572 sale
4156 1514 4449 1582 conditur;

2849 1628 2903 1673 et
2942 1615 3141 1671 multus
3184 1612 3515 1684 estpopulus
3542 1611 3907 1676 Christianus,
3949 1611 4018 1665 ad
4044 1607 4201 1678 cujus
4230 1622 4453 1678 compa-

2850 1708 3118 1763 rationem
3168 1704 3497 1775 perexiguus
3527 1712 3612 1757 est
3643 1716 3903 1755 nuuuueruus
3938 1700 4320 1763 sacerdotum;
4352 1697 4452 1754 sed

2850 1797 2977 1850 dum
3007 1794 3188 1865 populi
3219 1791 3507 1848 multitudo
3535 1788 3893 1846 sacerdotalis
3932 1787 4133 1859 eloquii
4174 1785 4289 1842 sale
4324 1801 4455 1842 con-

2852 1886 3147 1956 spergitur,
3181 1882 3421 1938 cmlcsuis
3448 1882 3731 1951 sapientiae
3759 1895 3922 1950 sapor
3963 1881 4015 1934 in
4046 1893 4236 1933 eorum
4267 1878 4454 1934 cordi-

2852 1978 2953 2033 bus
2993 1974 3253 2047 gignitur,
3282 1982 3340 2027 et
3366 1982 3556 2043 gustus
3588 1971 3788 2026 nuentis
3835 1972 4087 2026 humana:
4128 1970 4180 2024 in
4213 1970 4455 2025 delecta-

2854 2071 3000 2124 tione
3049 2067 3356 2123 cmlcstium
3409 2065 3654 2119 suaviter
3701 2064 4050 2119 obdulcatttr.
4086 2062 4144 2117 in
4194 2078 4303 2132 quo
4357 2078 4455 2118 ca-

2853 2165 3088 2220 vendum
3125 2171 3208 2219 est
3259 2162 3416 2218 valde
3466 2162 3612 2231 quod
3660 2160 3899 2216 dicituur:
3936 2159 3998 2217 Si
4044 2159 4127 2216 sal
4157 2162 4455 2227 evanuerit,

2852 2260 2908 2311 in
2934 2272 3037 2323 quo
3060 2255 3377 2308 condietur?
3404 2250 3540 2307 Nam
3564 2266 3689 2307 cuuun
3719 2249 4025 2307 sacerdotis
4052 2265 4149 2305 cor
4172 2250 4241 2304 ab
4269 2265 4458 2307 amore

2852 2363 3101 2419 supernae
3130 2346 3435 2403 dulcedinis
3478 2345 3791 2409 evanescit,
3839 2346 4135 2401 amarescit
4172 2345 4317 2401 illico
4356 2360 4460 2417 per

2853 2439 3183 2509 salsuginem
3244 2434 4015 2506 terrente'concupiscentiue,
4065 2437 4298 2509 ideoque
4340 2435 4458 2508 jam

2855 2546 2961 2585 non
3006 2529 3205 2600 poterit
3238 2528 3419 2583 aliena
3452 2528 3615 2583 corda
3645 2528 3832 2583 salire.

3177 2637 3258 2677 111.
3304 2637 3354 2676 IN
3392 2636 3651 2677 EPISTOLA
3690 2637 3758 2676 AD
3798 2637 4121 2679 GEBIZONEH.

3286 2713 3426 2785 (Ed.
3463 2724 3591 2769 tam.
3627 2714 3678 2779 l,
3710 2732 3832 2785 pag.
3864 2715 4023 2785 192.)

2930 2803 3052 2857 Non
3076 2815 3241 2873 potest
3270 2806 3429 2857 arbor
3455 2806 3597 2858 mala
3630 2806 3835 2873 fructus
3861 2805 4024 2860 bonos
4054 2805 4247 2875 facere.
4281 2804 4461 2859 Arbor

2856 2910 2989 2948 sane
3022 2895 3271 2948 voluntas
3304 2894 3656 2965 iuutelligenda
3704 2903 3806 2961 est,
3847 2910 3957 2949 non
4008 2908 4280 2963 persona;
4331 2908 4458 2947 nam

2856 2984 3047 3038 eadem
3100 2997 3335 3052 persona
3390 2984 3629 3037 hominis
3659 2991 3714 3037 et
3768 2984 3908 3039 bona
3958 2983 4174 3053 operari
4220 2981 4366 3036 valet
4405 2990 4462 3036 et

2856 3075 3019 3140 mala,
3062 3076 3203 3129 sicut
3239 3089 3305 3129 ex
3349 3074 3539 3130 eadem
3579 3084 3727 3131 terra
3781 3086 3837 3131 et
3889 3076 4024 3131 licus
4074 3073 4355 3145 profertur
4402 3083 4461 3129 et

2857 3169 3030 3238 spina.
3074 3167 3180 3223 Sed
3230 3168 3373 3223 sicut
3402 3168 3543 3223 mala
3572 3169 3739 3223 arbor
3770 3184 4050 3238 nunquam
4088 3167 4229 3221 bona
4260 3166 4463 3237 germi-

1156 3250 1279 3304 dico
1322 3248 1415 3302 tibi
1473 3265 1635 3318 usque
1690 3248 1907 3316 septies,
1966 3247 2057 3301 sed
2119 3262 2280 3316 usque
2327 3245 2619 3315 septuagies
2670 3215 2952 3312 Sil-Cn?"
2974 3274 3154 3328 poma,
3184 3258 3255 3313 ita
3288 3258 3354 3313 de
3384 3273 3510 3326 δημε

2347 3215 2363 3224 .
2858 3215 3030 3238 ητα.--
3074 3215 3180 3223 τ--
3230 3215 3372 3223 _.-.--
3404 3215 3543 3223 .-._-_
3572 3215 3727 3223 κη-.
3770 3215 4050 3238 -.-πη----η
4090 3215 4229 3221 ___-_
4261 3215 4433 3237 οη---

2119 3262 2280 3316 usque
2327 3245 2619 3315 δεριιιαϐίει
2670 3262 2751 3298 δε-
2778 3215 2952 3312 C-nat
2974 3274 3154 3328 poma,
3184 3258 3255 3313 ita
3288 3258 3354 3313 de
3384 3258 3616 3326 superba
3650 3258 3949 3322 voluntate,
3980 3273 4101 3327 quiue
4135 3257 4326 3327 procul
4362 3257 4457 3310 du-

1154 3339 1315 3410 pties.
1341 3337 1591 3407 Congrue
1621 3346 1802 3392 autem
1826 3353 1924 3407 per
1949 3337 2423 3407 septuagenarium
2459 3350 2747 3389 numerum

1154 3440 1507 3503 peccatorum
1540 3428 1790 3485 remissio
1813 3429 2151 3500 designatur,
2179 3430 2305 3497 quia
2349 3428 2417 3484 ab
2449 3428 2751 3483 uundenario

1157 3530 1222 3576 et
1248 3522 1555 3592 septenario
1595 3520 1882 3575 nascitur:
1915 3520 2168 3575 undecim
2198 3533 2434 3587 namque
2474 3516 2520 3572 si
2547 3518 2750 3588 septies

1154 3606 1613 3680 multiplicemur,
1663 3609 1729 3662 77
1776 3623 2064 3665 numerum
2099 3607 2323 3663 faciunt.
2354 3607 2619 3663 Deuarins
2648 3623 2751 3662 au-

1156 3709 1271 3755 tem
1302 3713 1562 3754 numerus
1598 3697 1870 3767 perfectus
1909 3713 2029 3753 esse
2065 3699 2419 3768 dignoscitur,
2449 3712 2548 3767 per
2586 3712 2747 3768 quem

1155 3800 1218 3848 et
1247 3789 1545 3860 Decalogus
1590 3788 1927 3860 designatur.
1980 3788 2087 3844 Sed
2126 3789 2171 3844 si
2203 3790 2459 3845 denarius
2501 3798 2587 3843 est
2620 3803 2747 3859 per-

1158 3883 1376 3946 fectus,
1411 3889 1583 3936 restat
1614 3880 1924 3935 necessario
1954 3889 2016 3935 ut
2052 3880 2127 3935 sit
2162 3879 2496 3935 undenarius
2542 3880 2749 3949 imper-

1157 3973 1357 4030 fectus.
1408 3971 1545 4039 Quid
1581 3980 1665 4027 est
1694 3980 1874 4027 autem
1906 3982 2212 4042 peccatum,
2245 3971 2349 4025 nisi
2382 3972 2750 4042 transgressio

1160 4062 1334 4134 legis?
1376 4060 1433 4116 Si
1463 4076 1592 4133 ergo
1636 4076 1733 4131 per
1763 4062 2043 4118 denarium
2084 4062 2170 4118 lex
2223 4061 2569 4134 intelligitur,
2600 4076 2750 4121 recte

1158 4168 1261 4224 per
1284 4152 1641 4208 undenarium
1670 4154 1802 4224 legis
1833 4155 2194 4226 transgressio
2239 4154 2538 4226 ﬁguratur;
2573 4163 2753 4225 septe-

1162 4243 1324 4299 nario
1369 4256 1503 4298 vero
1550 4258 1778 4298 numero
1824 4242 1937 4299 tota
1986 4244 2169 4300 saeculi
2220 4243 2381 4311 hujus
2424 4246 2755 4301 universitas

1160 4333 1493 4398 continetur,
1522 4333 1649 4403 quia
1680 4342 1887 4404 septem
1918 4334 2109 4391 diebus
2135 4335 2315 4389 omnis
2335 4334 2600 4391 decursus
2631 4336 2756 4391 vitae

1161 4426 1449 4496 prmsentis
1482 4426 1771 4483 evolvitur.
1820 4428 1925 4484 Per
1975 4428 2336 4483 uundenarium
2384 4426 2755 4501 ergoseptles

1161 4516 1581 4585 multiplicatum
1634 4526 1828 4574 cuncta
1863 4527 2047 4574 nostra
2095 4527 2323 4589 peccata
2370 4519 2437 4574 ad
2469 4530 2751 4591 septuage«

1163 4606 1361 4662 simum
1384 4608 1674 4677 septimum
1701 4608 2041 4663 deduucuntur
2068 4624 2379 4675 numerum,
2412 4611 2463 4665 in
2491 4627 2598 4681 quuo
2619 4627 2749 4667 vera

1163 4696 1404 4751 omnium
1444 4696 1501 4751 iit
1528 4698 1775 4754 remissio
1806 4712 2178 4770 peccatorum.
2213 4700 2367 4757 Unde
2404 4701 2685 4773 eleganter
2718 4719 2749 4758 a

1162 4787 1383 4845 Christo
1432 4797 1486 4842 et
1533 4790 1803 4860 baptismo
1849 4791 1963 4846 h:ec
1999 4791 2294 4847 secundum
2331 4791 2535 4847 Lucam
2580 4794 2753 4850 series

1164 4878 1475 4945 inchoatur,
1526 4890 1582 4939 et
1637 4880 1690 4934 in
1749 4880 1841 4936 Dei
1899 4880 2078 4936 Patris
2144 4896 2377 4951 persona
2426 4881 2634 4937 linitur.
2694 4883 2749 4940 In

1162 4967 1434 5038 baptismo
1482 4972 1627 5026 enim
1675 4970 1878 5029 Christi
1914 4973 2157 5027 omnium
2199 4973 2358 5028 nobis
2400 4984 2751 5045 peccatorum

1165 5058 1419 5116 remissio
1452 5062 1700 5130 provenit
1741 5077 1839 5133 per
1882 5060 2147 5133 Spiritum
2186 5072 2435 5119 sanctum
2466 5067 2558 5136 quui
2588 5082 2754 5138 super

1162 5151 1498 5224 baptisatum
1528 5154 1813 5210 Dominum
1841 5154 1897 5210 in
1942 5155 2121 5226 specie
2152 5155 2418 5212 columbae
2447 5156 2749 5214 descendit.

1166 5244 1260 5300 Sic
1288 5258 1386 5315 per
1430 5242 1710 5301 Christum
1760 5246 2051 5317 redempti,
2090 5255 2146 5302 et
2181 5261 2278 5318 per
2313 5246 2551 5318 Spiritus
2577 5250 2753 5305 sancti

1165 5336 1397 5406 gratiam
1455 5336 1662 5401 abluti,
1725 5337 2145 5394 reconciliamur
2204 5338 2314 5394 Deo
2364 5338 2536 5394 Patri.
2603 5339 2752 5407 Quos

1167 5424 1450 5493 utriusque
1506 5425 1849 5497 evangelista
1898 5441 2091 5483 sensus
2140 5428 2332 5484 beatus
2390 5428 2591 5485 Paulus
2641 5447 2750 5486 una

1164 5517 1432 5573 sententia
1459 5520 1871 5589 comprehendit
1896 5521 2123 5577 dicens:
2166 5521 2313 5576 Misit
2358 5523 2502 5579 Deus
2551 5523 2749 5580 Filium

1165 5624 1323 5666 suum
1356 5610 1410 5665 in
1438 5610 1848 5670 similitudinem
1880 5616 2061 5671 carnis
2085 5616 2315 5686 peccati,
2348 5625 2403 5671 et
2431 5617 2499 5673 de
2526 5627 2749 5688 peccato

2856 3348 2949 3403 bio
2997 3346 3136 3401 tnala
3190 3355 3318 3409 est,
3362 3362 3640 3417 nunquam
3692 3362 3843 3401 mera
3898 3346 3986 3402 vel
4034 3346 4463 3401 incontaminata

2855 3436 3102 3507 procedit
3150 3435 3468 3501 humilitas;
3519 3445 3575 3490 et
3624 3436 3769 3491 sicut
3813 3436 4001 3492 radice
4052 3434 4204 3501 laesa,
4293 3437 4462 3491 totius

2854 3525 3070 3581 arboris
3108 3524 3247 3579 rami
3278 3535 3677 3595 consequenter
3706 3534 4010 3591 arescunt,
4046 3526 4127 3581 sic
4173 3541 4240 3583 ex
4272 3534 4462 3583 mente

2853 3615 3119 3686 superba,
3152 3614 3199 3669 si
3236 3614 3369 3685 quid
3404 3614 3533 3669 boni
3574 3614 3761 3687 operis
3805 3616 3875 3671 ad
3922 3626 4140 3687 tempus
4184 3616 4461 3673 virescere

2852 3706 3117 3771 cernituur,
3142 3705 3294 3761 velut
3323 3707 3554 3762 humore
3581 3707 3851 3765 convallis
3889 3708 4183 3778 exhausto,
4222 3708 4280 3765 in
4318 3724 4462 3782 pra:-

2852 3796 2995 3867 rupti
3024 3796 3141 3851 saxi
3173 3795 3431 3851 ariditate
3452 3798 3714 3853 siccatur.

2984 3904 3059 3945 IV.
3104 3904 3156 3945 IN
3194 3904 3437 3945 SERIONB
3476 3906 3543 3947 DE
3576 3906 3781 3949 SANC‘I‘O
3816 3907 4015 3949 JOANNE
4053 3908 4343 3950 BAP'I'IS‘I‘A.

3201 3980 3329 4053 (Ed.
3364 3991 3492 4036 tom.
3526 3982 3615 4051 II,
3646 4001 3769 4056 pag.
3805 3984 3907 4040 116
3936 3986 4106 4059 seqq.)

2928 4072 3075 4127 Inter
3102 4081 3252 4127 natos
3292 4074 3577 4128 mulierum
3624 4092 3732 4130 non
3771 4078 4006 4132 surrexit
4048 4078 4224 4148 major
4242 4076 4460 4135 Joanne

2856 4161 3116 4230 Baptista.
3179 4161 3422 4217 Exclusit
3476 4163 3661 4235 itaque
3716 4166 4015 4236 majorem,
4066 4183 4174 4223 non
4237 4169 4461 4239 negavit

2854 4251 3142 4321 aequalem.
3169 4251 3307 4307 Hinc
3329 4262 3413 4308 est
3436 4256 3582 4324 quod
3604 4256 3671 4310 ad
3696 4254 4020 4313 Zachariam
4043 4258 4267 4331 angelus
4288 4259 4455 4315 dicit:

2857 4340 2981 4411 Ipse
3008 4342 3265 4411 praecedet
3286 4351 3407 4397 ante
3438 4342 3590 4399 illum
3623 4348 3679 4399 in
3713 4347 3975 4417 sapientia
4009 4358 4058 4403 et
4082 4348 4271 4404 virtute
4294 4348 4456 4403 Elite.

2856 4430 2966 4485 Par
3008 4446 3139 4502 ergo
3172 4431 3302 4486 Elia:
3341 4430 3579 4489 Joannes
3615 4434 3853 4501 videtur,
3894 4435 3949 4490 in
3999 4436 4157 4507 cujus
4185 4437 4457 4507 sapientia

2859 4529 2913 4575 et
2942 4520 3140 4576 virtute
3167 4529 3433 4577 venturus
3454 4525 3740 4590 asseritur,
3771 4527 4075 4596 praesertim
4100 4543 4223 4583 cum
4251 4536 4305 4583 et
4328 4527 4455 4586 alibi

2860 4615 2973 4683 ipsa
3022 4612 3233 4669 Veritas
3278 4615 3463 4669 dicat:
3516 4610 3669 4671 Elius
3697 4617 3817 4687 jam
3862 4622 4021 4685 venit,
4052 4628 4101 4673 et
4132 4636 4236 4673 non
4259 4635 4459 4692 cogno-

2854 4712 3037 4757 verunt
3067 4720 3207 4769 eum,
3248 4705 3340 4757 sed
3372 4704 3605 4773 fecerunt
3639 4706 3695 4759 in
3736 4723 3855 4761 eum
3888 4709 4235 4779 quodcunque
4279 4706 4458 4767 volite-

2856 4803 3014 4857 runt;
3041 4798 3089 4847 et
3133 4794 3179 4849 si
3208 4794 3363 4848 ruitis
3394 4797 3559 4859 scire,
3604 4794 3841 4852 Joannes
3877 4798 3989 4868 ipse
4032 4808 4105 4852 est
4140 4796 4310 4852 Elius.
4346 4795 4456 4855 Sed

2855 4899 2983 4940 ecce
3004 4902 3035 4940 e
3064 4884 3280 4941 diverso
3308 4886 3435 4941 illud
3476 4889 3740 4954 occurrit,
3765 4889 3911 4959 quod
3939 4888 4151 4945 Eliseus
4180 4890 4453 4960 duplicem

2858 4974 2987 5030 Elia:
3015 4976 3291 5047 spirituuun,
3310 4976 3463 5046 juxta
3494 4980 3711 5034 moduun
3743 4996 3857 5036 sua:
3887 4982 4188 5052 petitionis,
4217 4984 4450 5054 accepit.

2860 5066 3109 5132 Obsecro,
3160 5069 3357 5140 inquit,
3404 5082 3459 5125 ut
3485 5071 3578 5140 fiat
3610 5072 3829 5141 spiritus
3870 5084 3993 5129 tuus
4020 5074 4215 5145 duplex
4252 5075 4309 5129 in
4348 5092 4453 5132 me.

2856 5159 3011 5228 Quod
3037 5161 3081 5216 si
3114 5161 3285 5217 Eliaun
3313 5162 3541 5219 Elisccus
3561 5164 3849 5235 dupliciter
3870 5166 4169 5230 antecellit,
4189 5166 4454 5236 aequalem

2859 5253 2989 5308 Elite
3040 5252 3303 5309 Joannem
3364 5256 3635 5325 quomodo
3678 5265 3924 5327 suuperat,
3973 5273 4082 5327 quuo
4131 5256 4272 5311 inter
4296 5264 4454 5313 natos

2860 5345 3147 5401 mulierum
3207 5346 3383 5417 major
3440 5362 3598 5403 nemo
3658 5348 3935 5404 surrexit?
3978 5346 4361 5404 Verumtamen
4396 5358 4456 5405 ut

2859 5436 3100 5493 solvatur
3129 5437 3380 5507 quaestio,
3434 5438 3819 5510 ponderandus
3845 5446 3931 5494 est
3958 5452 4180 5503 sensus,
4218 5448 4278 5493 ut
4307 5440 4454 5510 quod

2860 5530 3053 5585 dutrum
3086 5530 3139 5584 in
3170 5531 3351 5585 verbis
3401 5522 3766 5588 exterioribus
3811 5540 3991 5595 sonat,
4046 5531 4114 5585 de
4139 5530 4225 5601 pia
4273 5532 4453 5587 inten-

2862 5621 3004 5676 tione
3028 5622 3323 5692 procedere
3354 5620 3610 5679 discretio
3641 5621 3820 5678 sobrie
3857 5621 4144 5679 sentientis
4164 5622 4452 5695 intelligat.

1236 5786 1351 5860 (δι)
1392 5786 1448 5844 la
1492 5787 1725 5848 editione
1764 5799 1893 5851 tom.
1940 5791 2006 5864 ll,
2035 5809 2158 5868 pag.
2208 5796 2335 5863 398,
2385 5797 2515 5852 nihil
2542 5807 2721 5855 exstat
2748 5809 2945 5871 praeter
2974 5800 3337 5874 fragmentum
3372 5804 3638 5862 sermonis
3674 5803 3837 5877 primi
3864 5803 4161 5878 synodalis.
