5962 6436
1247 421 1353 476 897

2186 413 2692 473 COLLECTANEA
2734 413 2828 469 EX
2869 408 3058 468 NOVO
3101 407 3576 467 TESTAMENTO

4451 414 4557 468 8:;8

1249 524 1451 598 ptionis
1482 524 1732 580 humana}
1763 524 2101 595 mysterium,
2132 524 2286 593 quasi
2336 539 2433 593 per
2463 523 2754 591 quamdam
2790 523 2850 576 li-
2880 531 2926 587 Α
2958 523 3051 577 alii
3099 522 3446 592 evangelista
3486 522 3695 585 dicunt,
3729 522 3798 576 ita
3849 522 4009 578 debet
4046 523 4294 594 intelligi,
4330 533 4388 580 ut
4422 527 4563 580 trina

1251 633 1432 678 neam.
1500 617 1680 670 omnia
1735 616 2088 685 dispensavit.
2149 616 2204 669 lu
2263 615 2559 684 dejectione
2617 630 2853 683 namque

1252 708 1412 778 primi
1445 706 1678 760 hominis
1700 705 1966 775 principio
2001 705 2244 760 diabolus
2290 704 2501 759 locutus
2531 714 2616 759 est
2647 719 2710 758 ac
2759 719 2853 772 po-

1253 815 1402 855 mum
1431 799 1656 851 vetitum
1681 797 1889 851 comedi
1923 796 2211 866 persuasit.
2243 796 2448 850 Deinde
2481 795 2694 857 mulier,
2727 794 2851 862 quia

1254 895 1310 946 in
1383 888 1759 944 delectationis
1831 885 2324 954 concupiscentiam
2397 886 2636 947 corruit,
2707 883 2856 937 velut

1256 980 1543 1036 aestuantis
1569 980 1819 1033 ardorem
1852 978 2015 1031 febris
2047 976 2291 1030 incurrit.
2337 978 2508 1030 Adam
2539 991 2664 1030 vero
2710 983 2857 1044 post-

1258 1085 1421 1139 quam
1467 1070 1534 1123 de
1577 1068 1758 1122 fructu
1804 1067 1931 1136 ligni
1979 1064 2120 1118 male
2165 1063 2554 1120 conscntieudo
2595 1064 2855 1133 gustavit,

1259 1160 1502 1217 omnium
1543 1175 1664 1214 mox
1714 1159 1966 1212 vitiorum
2005 1157 2146 1225 lepra
2179 1157 2463 1224 perfusus,
2503 1164 2777 1223 pesti-emo
2805 1165 2860 1208 et

1265 1265 1519 1320 tanquam
1558 1251 1886 1320 paralyticos
1910 1265 1938 1302 a
1970 1249 2178 1303 cunctis
2204 1249 2360 1301 bonis
2388 1247 2645 1316 operibus
2671 1257 2752 1301 est
2779 1247 2860 1299 in-

1264 1342 1479 1395 terioris
1505 1340 1741 1394 hominis
1774 1339 2030 1408 languore
2061 1337 2412 1392 constrictus.
2445 1338 2583 1403 Quia
2614 1353 2742 1407 ergo
2771 1336 2859 1389 Fi-

1265 1431 1371 1486 lius
1388 1432 1501 1495 Dei,
1521 1435 1656 1484 sicut
1672 1429 1908 1483 Joannes
1934 1431 2065 1483 dicit
2087 1433 2386 1502 apostolus,
2412 1436 2690 1487 destruere
2716 1433 2860 1486 venit

1266 1522 1664 1593 operadiabcli,
1681 1537 1777 1590 per
1789 1523 2032 1575 eamdem
2052 1524 2188 1576 viam
2203 1536 2522 1593 persecutus
2534 1535 2618 1579 est
2632 1533 2858 1579 mortem

1267 1629 1376 1683 qua
1405 1613 1491 1666 illa
1531 1613 1769 1683 ingressa
1803 1611 1977 1665 fuerat
2009 1614 2061 1666 in
2090 1615 2278 1668 orbem
2328 1626 2596 1671 terrarum
2623 1633 2636 1681 ;
2688 1626 2742 1670 et
2771 1617 2861 1671 ubi

1269 1706 1448 1758 fusum
1494 1712 1578 1756 est
1620 1703 1938 1770 perditionis
1985 1713 2186 1758 nostra:
2214 1721 2506 1770 venenum,
2555 1707 2861 1760 animarum

1270 1793 1512 1848 medicus
1533 1794 1721 1848 salutis
1749 1793 1946 1863 objecit
1977 1795 2278 1849 antidotum
2305 1813 2318 1861 ;
2354 1808 2515 1866 atque
2545 1798 2687 1851 unde
2719 1813 2864 1852 mor-

1270 1893 1378 1936 tem
1403 1883 1571 1938 hostis
1595 1883 1820 1938 callidus
1845 1884 2163 1948 introduxit,
2188 1901 2285 1954 per
2309 1888 2557 1942 eumdem
2587 1889 2860 1944 tramitem
2893 1897 2938 1956 Β

1272 1977 1598 2048 Redemptor
1645 1988 1830 2033 noster
1877 1981 2157 2035 redeuntis
2187 1981 2311 2034 vitae
2353 1981 2648 2050 primordia
2691 1983 2862 2038 refor-

1270 2070 1468 2124 mavit:
1488 2079 1754 2140 quatenus
1781 2079 1833 2123 et
1858 2070 2156 2134 diabolum,
2182 2073 2273 2141 qui
2301 2071 2354 2125 in
2379 2073 2591 2126 ruinam
2621 2082 2862 2127 nostram

1271 2157 1484 2214 locutus
1507 2161 1702 2222 fuerat,
1744 2158 1966 2226 jamjam
2001 2170 2181 2216 tacere
2212 2163 2575 2232 compelleret,
2611 2172 2665 2219 et
2698 2165 2862 2218 Evam

1269 2263 1301 2301 a
1356 2249 1594 2303 febribus
1643 2251 1927 2304 testuantis
1974 2252 2431 2321 concupiscentize
2488 2254 2780 2320 liberaret;
2835 2272 2865 2310 a

1267 2339 1390 2394 viro
1414 2356 1518 2394 non
1556 2342 1714 2394 modo
1746 2341 1950 2410 lepram
1982 2343 2236 2396 vitiorum
2266 2346 2643 2416 scelerumque
2681 2348 2860 2401 deter-

1270 2447 1444 2503 geret,
1487 2434 1576 2488 sed
1622 2435 1870 2489 eumdem
1897 2451 2112 2505 quoque
2137 2447 2361 2492 eatenus
2397 2439 2754 2509 paralyticum
2799 2442 2866 2494 ad

1270 2525 1572 2578 exercenda
1606 2525 1823 2592 pietatis
1851 2543 2015 2595 opera
2049 2529 2282 2584 validum
2337 2530 2675 2602 liberumque
2720 2533 2859 2587 laxa-

1271 2624 1376 2668 ret.
1411 2614 1562 2670 Sicut
1585 2631 1714 2685 ergo
1748 2617 1799 2669 in
1835 2617 1942 2670 illis
1975 2619 2288 2674 hominibus
2314 2629 2482 2675 totum
2510 2625 2673 2692 periit
2702 2639 2870 2693 genus

1275 2706 1595 2770 humanum,
1626 2709 1704 2762 sic
1735 2710 1785 2760 in
1818 2709 1936 2764 istis
1973 2727 2002 2763 a
2049 2711 2330 2767 Salvatore
2369 2716 2575 2769 curatis
2603 2724 2686 2769 est
2715 2731 2872 2786 supe-

1277 2797 1437 2850 rioris
1487 2797 1672 2867 figura:
1724 2800 1986 2868 mysterio
2030 2801 2189 2856 saluti
2237 2803 2483 2871 pristinae
2533 2807 2866 2859 restitutum.

1274 2889 1331 2942 In
1363 2887 1599 2958 capitulo
1628 2890 1790 2957 igitur
1815 2891 2086 2961 Evangelii
2137 2894 2295 2964 hujus
2339 2895 2460 2949 libri
2491 2898 2764 2953 studiosus
2795 2898 2870 2953 le-

1269 2987 1396 3032 ctor
1423 2979 1686 3043 addiscat,
1717 2983 1994 3050 sequentis
2020 2983 2142 3053 styli
2178 2983 2349 3039 series
2379 3000 2540 3054 quam
2571 2985 2868 3056 profunda,

1272 3084 1439 3136 quam
1472 3071 1696 3140 mystica
1741 3072 2132 3128 charismatum
2180 3087 2520 3131 sacramenta
2571 3079 2870 3134 contineat.

1273 3155 1387 3212 Nec
1414 3159 1631 3225 mirmn,
1658 3175 1780 3214 cum
1808 3160 1944 3215 liber
1969 3162 2057 3218 ille
2085 3177 2190 3217 non
2223 3164 2344 3233 plus
2375 3165 2539 3220 Marci
2582 3183 2742 3235 quam
2775 3169 2873 3221 Pe-

1278 3249 1348 3301 tri
1377 3249 1726 3316 perhibeatur
1751 3252 1979 3318 apostoli
2007 3269 2019 3314 ;
2051 3254 2310 3324 quidquid
2332 3257 2476 3310 enim
2503 3258 2605 3312 iste
2629 3258 2868 3327 scripsit,
2899 3247 2946 3308 Ο

1274 3357 1342 3394 ex
1371 3354 1467 3396 ore
1494 3340 1636 3397 beati
1667 3344 1914 3413 magistri
1944 3345 2192 3407 callidus,
2227 3357 2284 3401 ut
2310 3347 2381 3401 ita
2413 3349 2664 3417 dixerim,
2690 3352 2875 3421 explo-

1278 3441 1433 3485 rator
1458 3433 1684 3487 audivit.

1744 3541 1806 3579 ll.
1848 3541 1901 3580 IN
1943 3541 2120 3581 nonan
2162 3521 2422 3583 stzttnoxa.

1708 3641 1724 3708 (
1756 3637 1858 3690 Ed.
1894 3647 2023 3692 lant.
2053 3638 2140 3703 11,
2165 3658 2288 3711 pag.
2314 3641 2445 3711 66.)

1354 3728 1430 3782 De
1456 3745 1515 3801 eo
1541 3731 1680 3799 quod
1710 3729 1926 3783 Illarcns
1966 3733 2018 3801 in
2048 3734 2362 3801 quibusdam
2393 3735 2560 3789 verbis
2588 3738 2651 3789 ab
2684 3737 2804 3790 aliis

1470 3800 1727 3863 dissonat,
1755 3801 1846 3852 sed
1869 3800 2134 3854 intellectu
2161 3804 2426 3871 spirituali
2457 3819 2729 3860 consonat.

1356 3887 1528 3944 Porro
1564 3899 1744 3943 autem
1786 3891 2045 3945 nonnulla
2085 3892 2452 3960 reperiuntur,
2480 3911 2600 3964 qua:
2637 3897 2715 3951 sic
2752 3908 2879 3954 sunt

1279 3994 1314 4032 a
1357 3979 1518 4034 beato
1564 3978 1747 4033 Marco
1770 3979 2002 4050 digesta,
2040 3990 2112 4034 ur
2140 3983 2367 4053 reliquis
2405 3988 2754 4056 evangelistis
2794 3992 2878 4044 vi-

1280 4072 1515 4126 deantur
1564 4086 1684 4126 esse
1738 4073 2035 4126 contraria.
2099 4072 2229 4140 Qua:
2290 4085 2468 4132 tamen
2531 4080 2575 4133 si
2631 4082 2878 4152 sagacius

1281 4170 1716 4230 perseruteutur,
1756 4171 1809 4215 et
1843 4163 2057 4217 caeteris
2091 4179 2364 4230 consona,
2403 4178 2459 4222 et
2493 4167 2877 4228 sincerissima:

1281 4251 1410 4305 fidei
1451 4252 1796 4320 reperiuntur
1828 4254 2056 4308 veritate
2092 4255 2337 4311 fundata.
2389 4257 2542 4314 Sicut
2578 4270 2694 4328 est,
2735 4267 2878 4334 quod

1282 4343 1471 4395 caeteri
1507 4343 1635 4396 hora
1673 4352 1846 4403 sexta.
1885 4344 1973 4399 hic
2007 4349 2202 4401 asserit
2241 4349 2372 4404 hora
2409 4352 2564 4405 tertia
2589 4353 2876 4411 Domituun

1283 4431 1638 4498 crucilixutn;
1685 4449 1806 4502 qua:
1854 4434 2098 4503 profecto
2140 4438 2428 4496 diversitas
2482 4444 2555 4497 ita
2581 4445 2875 4514 dirituitur,

1285 4530 1347 4576 ut
1378 4525 1633 4590 quoniam
1671 4526 1802 4579 hora
1838 4527 1992 4580 tertia
2037 4529 2348 4585 tumultuati
2385 4546 2513 4588 sunt
2550 4551 2565 4589 :
2609 4539 2874 4608 crttciﬁge,

1285 4614 1559 4686 cruci/ige,
1605 4619 1796 4673 eadem
1835 4620 1966 4675 hora
1996 4624 2286 4679 Dominum
2331 4626 2509 4698 lingua
2543 4632 2878 4688 erucilixerit

1282 4702 1633 4773 Judaaorum,
1694 4725 1852 4778 quem
1912 4713 2044 4768 hora
2099 4716 2266 4782 {sexta
2331 4722 2685 4788 corporaliter
2743 4726 2878 4782 clavi

1285 4797 1562 4855 confixere
1604 4803 1905 4872 gentilium.
1967 4805 2045 4859 llli
2092 4809 2274 4878 itaque
2313 4810 2469 4880 juxta
2517 4818 2876 4885 corporalem,

1285 4898 1350 4942 ιιι
1387 4891 1457 4943 ita
1501 4891 1712 4961 loquar,
1757 4895 1830 4949 rei
1874 4906 2037 4966 gestae
2084 4898 2382 4967 loquuntur
2425 4905 2733 4972 historiam,
2779 4913 2878 4964 iste

1285 4979 1625 5048 spiritualem
1650 4985 1867 5054 protulit
1893 4988 1957 5040 de
1992 4987 2193 5044 furiosa
2219 4991 2528 5050 .Iudmorum
2559 5000 2878 5058 crudelitate

1286 5075 1635 5128 sententiam.
1672 5075 1748 5129 Illi
1785 5089 2045 5146 printer-ca
2082 5082 2321 5138 referunt
2353 5097 2477 5142 ante
2499 5091 2624 5159 galli
2661 5105 2877 5149 cantum

1289 5171 1373 5212 ter
1409 5161 1620 5215 aPetro
1643 5164 1927 5221 Dominum
1964 5167 2130 5224 fuisse
2171 5184 2465 5244 negatum;
2516 5180 2614 5233 iste
2649 5185 2739 5251 qui
2779 5188 2880 5241 hoc

1285 5267 1357 5304 ex
1400 5266 1494 5306 ore
1536 5255 1739 5308 scilicet
1784 5259 1948 5326 ipsius
1990 5265 2239 5331 negantis
2276 5268 2517 5332 audivit,
2576 5287 2682 5326 non
2725 5288 2880 5332 ante-

1289 5358 1454 5411 quam
1498 5346 1670 5413 gallus
1712 5359 1975 5415 cantaret,
2021 5354 2113 5408 scd
2157 5365 2446 5426 antequam
2485 5362 2568 5415 bis
2609 5375 2874 5430 cantaret,

1290 5437 1635 5502 negationem
1662 5438 1799 5492 hanc
1823 5440 2021 5496 factam
2057 5459 2178 5499 esse
2208 5453 2540 5518 perscripsit.
2575 5455 2727 5519 Quol
2751 5474 2879 5526 pto-

1290 5524 1433 5579 fccto
1455 5527 1608 5596 juxta
1639 5531 1796 5587 lidem
1829 5535 1906 5586 rei
1932 5537 2198 5590 veraciter
2224 5541 2534 5610 contigisse,
2565 5549 2704 5600 sicut
2735 5524 2875 5604 alar-

1292 5629 1389 5670 cus
1423 5622 1648 5685 asserit,
1698 5623 2066 5680 indubitanter
2101 5634 2442 5700 agnoscitur.
2493 5637 2643 5703 Quod
2694 5656 2872 5699 autem

1368 5731 1481 5827 (ᾇὸ)
1528 5734 1607 5788 Ad
1641 5735 1932 5827 l‘lonesttrm
1966 5745 2557 5827 tl:0lttll-(I:llllt.lt_fitiSlOitl
2596 5770 2689 5810 seu
2744 5775 2878 5827 opu-

1297 5805 1503 5859 Sculum
1533 5817 1709 5861 exstat
1742 5809 1792 5862 in
1823 5813 1905 5865 ed.
1944 5820 2071 5866 tom.
2097 5813 2181 5880 ιιι,
2207 5819 2264 5884 ρ.’
2287 5805 2408 5886 ὖῖθῑ,
2443 5805 2882 5886 ερίιμίιλῖἶιῐοῃῖίξ-

2958 613 3045 667 illa
3079 613 3298 682 negatio
3330 623 3455 666 ante
3486 612 3608 681 galli
3655 611 3875 681 quidem
3907 622 4124 666 cantum
4159 612 4326 668 fuerit
4358 616 4564 685 empta,

2957 704 3051 756 sed
3092 710 3378 772 postquam
3426 703 3592 756 semel
3641 703 3862 767 cecinit,
3909 704 3980 758 sit
4026 703 4260 773 expleta,
4308 714 4386 768 ut,
4431 722 4569 775 quo-

2959 795 3101 848 niam
3135 795 3186 847 in
3215 795 3517 863 Scripturis
3548 810 3675 864 pars
3702 796 3839 850 solet
3869 796 3995 866 poni
4025 813 4123 866 pro
4157 807 4294 862 toto,
4333 799 4386 852 id
4417 799 4565 869 quod

2959 899 3055 954 per
3084 884 3398 939 Mattltmutn
3429 886 3628 939 dicitur
3654 903 3668 937 :
3697 886 3987 955 Antequam
4031 888 4205 956 gallus
4245 898 4442 952 cantet,
4485 899 4566 943 ter

2961 992 3040 1028 me
3074 977 3308 1045 negabis,
3343 977 3420 1030 sic
3453 977 3787 1046 intelligatur
3816 987 4072 1046 tanquam
4107 979 4334 1044 diceret,
4369 988 4450 1034 ter
4480 995 4568 1034 me

2960 1077 3292 1134 negaturus,
3349 1076 3640 1136 antequam
3691 1067 3864 1136 gallus
3912 1078 4092 1121 cantet
4153 1070 4410 1137 incipies,
4468 1069 4566 1126 sed

2961 1151 3209 1206 eamdem
3262 1155 3629 1221 negationem,
3679 1163 3968 1222 postquam
4017 1155 4188 1209 semel
4240 1155 4565 1219 cantavcrit,

2962 1256 3256 1315 antequam
3301 1259 3523 1302 cantare
3564 1249 3646 1302 bis
3691 1249 3930 1317 adjiciat,
3993 1251 4418 1305 consummabis.
4475 1248 4569 1304 Sic

2964 1339 3150 1406 itaque
3181 1348 3233 1390 et
3263 1337 3405 1406 quod
3437 1338 3650 1391 Marcus
3683 1340 3752 1392 ai:
3790 1356 3803 1394 :
3836 1337 4158 1409 Priusquam
4186 1339 4361 1410 gallus
4393 1349 4567 1394 cantet

2965 1428 3065 1491 bis,
3093 1430 3312 1497 etquod
3347 1429 3436 1482 alii
3471 1429 3658 1484 dicunt
3690 1448 3702 1481 ι
3729 1431 4020 1500 Antequam
4053 1431 4227 1499 gallus
4263 1441 4454 1492 cantet.
4489 1441 4570 1487 ter

2965 1538 3045 1574 me
3075 1521 3306 1590 negabis,
3350 1520 3478 1574 licet
3518 1521 3698 1574 verbis
3729 1521 4018 1575 videantur
4063 1522 4425 1577 exterioribus
4455 1522 4569 1578 ίιξι-

2967 1626 3182 1673 sonare,
3207 1611 3695 1682 congruentiSsima
3728 1613 4076 1682 reperiuntur
4105 1613 4407 1668 intentione
4431 1627 4566 1669 con-

2968 1717 3184 1772 gruere.

3600 1793 3692 1848 EX
3732 1792 3936 1848 LUCA.

3361 1901 3626 1941 CAPITCLA
3666 1900 3944 1940 SECUNDUM
3983 1901 4181 1941 LUCAI.

2970 1979 3021 2032 1.
3067 1978 3220 2046 Quod
3261 1978 3433 2030 Lucas
3477 1980 3620 2031 solus
3662 1978 3800 2046 inter
3840 1988 4054 2030 cwteros
4093 1979 4436 2044 evangelista:
4467 1980 4571 2033 tria

3039 2044 3244 2102 cantica
3273 2049 3552 2101 describat.
3576 2078 3644 2086 —
3669 2049 3721 2098 Et.
3755 2044 3890 2098 Ecce
3916 2048 4074 2106 enim.
4105 2058 4158 2100 ut
4200 2051 4342 2116 facta
4365 2061 4440 2102 est
4471 2064 4572 2102 vox

3039 2119 3375 2172 salutationis
3437 2129 3542 2170 tute
3606 2119 3659 2170 in
3702 2117 3917 2170 auribus
3983 2117 4132 2179 meis,
4195 2119 4477 2172 exsultavit
4517 2121 4573 2172 in

3039 2191 3233 2258 gaudio
3280 2189 3454 2256 infans
3509 2190 3560 2240 in
3613 2198 3761 2240 utero
3813 2203 3946 2258 meo.
3993 2187 4137 2240 -—3.
4186 2187 4394 2242 Ret‘erst’
4453 2198 4575 2241 sunt

3041 2257 3216 2312 autem
3261 2274 3407 2312 Lxxtt
3449 2274 3567 2309 cum
3610 2257 3807 2326 gaudio
3847 2257 4118 2310 dicentes:
4145 2257 4387 2324 Domine,
4413 2262 4574 2311 etiam

3040 2331 3302 2382 da’monia
3365 2328 3722 2395 subjiciuntur
3786 2326 3931 2395 nobis
4000 2329 4054 2378 in
4098 2330 4308 2381 nomine
4352 2339 4465 2380 tuo.
4506 2357 4576 2367 -ο

3041 2400 3094 2452 4.
3158 2399 3231 2451 De
3273 2417 3331 2451 eo
3377 2394 3549 2466 quod,
3582 2399 3796 2450 docente
3842 2394 4092 2461 Domino,
4132 2400 4410 2450 nuntiatur
4449 2399 4577 2464 quia

3045 2468 3254 2521 Pilatus
3285 2469 3630 2523 (.‘alilworum
3657 2466 3968 2535 sanguinem
4011 2483 4130 2520 cum
4163 2468 4442 2536 sacriﬁciis
4473 2472 4578 2521 im-

3042 2540 3334 2592 miscuerit.

3094 2666 3132 2703 ι.
3175 2665 3226 2703 ts
3269 2664 3524 2704 ertsrom
3567 2665 3632 2702 ,ω
3674 2665 3959 2704 nascsrcu
4000 2665 4290 2705 nonanus!
4331 2651 4468 2722 (55).

3045 2740 3244 2794 Beatus
3289 2739 3504 2802 Lucas,
3552 2741 3643 2810 qui
3693 2741 3845 2794 vituli
3897 2743 4137 2811 speciem
4195 2749 4574 2812 repraesentat,

2974 2831 3101 2897 quia
3153 2830 3405 2883 videlicet
3453 2831 3656 2884 vitulus
3705 2832 3758 2884 in
3799 2833 4133 2887 sacrillciuut
4179 2836 4410 2889 mactari
4443 2850 4574 2889 con-

2975 2927 3214 2981 suescat,
3269 2918 3415 2971 solus
3462 2919 3606 2971 inter
3653 2930 3884 2974 czeteros
3926 2922 4292 2992 evangelistas
4342 2925 4446 2978 tria
4487 2925 4580 2977 cle-

2975 3007 3217 3061 scri‘bere
3253 3007 3466 3061 cantica
3515 3008 3816 3076 reperitur;
3868 3009 4104 3078 primum
4145 3011 4443 3079 Zachariae,
4493 3029 4580 3068 se-

2977 3097 3212 3149 cundum
3260 3094 3462 3162 Mariae,
3517 3098 3736 3152 tertium
3791 3097 4095 3164 Simeonis;
4139 3113 4194 3156 et
4241 3119 4364 3158 cum
4403 3104 4583 3158 nullus

2977 3188 3434 3260 cvangelistarum
3476 3189 3616 3243 alius
3661 3192 3884 3261 proprio
3929 3194 4071 3265 stylo
4120 3196 4396 3250 canticum
4440 3198 4584 3252 iuse-

2982 3281 3174 3347 rtterit,
3226 3281 3328 3335 iste
3366 3282 3650 3346 duntaxat,
3683 3284 3774 3352 qui
3819 3283 4050 3340 formam
4087 3287 4137 3341 in
4180 3304 4240 3342 sc
4271 3287 4458 3360 legalis
4488 3290 4587 3344 bo-

2978 3371 3096 3426 stite
3125 3370 3273 3426 solus
3298 3372 3577 3440 exprimit,
3608 3375 3820 3428 cantica
3845 3376 4060 3431 diversa
4087 3378 4375 3445 describit;
4407 3381 4587 3450 primo

2981 3462 3200 3532 quidem
3235 3464 3556 3530 sacerdotis,
3591 3465 3786 3521 deinde
3819 3456 4078 3538 Virginis,
4128 3482 4407 3540 postremo
4448 3475 4582 3544 justi

2980 3553 3154 3618 senis;
3189 3563 3246 3605 ttt
3275 3569 3374 3622 per
3401 3555 3502 3609 hoc
3537 3556 3858 3610 ostendatur
3884 3560 4141 3626 quoniam
4182 3561 4256 3616 illi
4281 3577 4394 3632 prae
4419 3573 4585 3618 crete-

2981 3641 3057 3696 ris
3091 3642 3145 3697 itt
3186 3643 3508 3698 excellentia
3540 3647 3771 3700 canendi
3809 3649 4041 3704 debetur
4084 3652 4321 3706 ollicium
4353 3655 4443 3723 qui
4495 3669 4586 3711 se-

2981 3739 3273 3807 metipsum
3310 3737 3422 3805 jam
3468 3739 3577 3794 Deo
3614 3741 3884 3795 veraciter
3933 3744 4134 3798 obtulit
4183 3746 4585 3804 holocaustum.

2979 3827 3152 3883 Canat
3195 3845 3325 3899 ergo
3362 3829 3542 3885 siccus
3582 3840 3638 3885 et
3675 3833 3892 3898 aridus,
3938 3850 4044 3890 non
4083 3837 4178 3906 qui
4211 3839 4422 3895 deliciis
4466 3839 4589 3898 ﬂuit

2980 3923 3270 3977 lutmectus
3306 3929 3360 3976 et
3389 3923 3603 3976 uvidus.
3639 3923 3772 3978 Ovis
3817 3925 3979 3995 plane
4008 3929 4196 3984 vivens
4222 3931 4388 4006 halat,
4436 3949 4589 3988 mor-

2981 4023 3073 4067 tua
3115 4023 3332 4080 cantat;
3375 4015 3528 4069 arida
3576 4015 3781 4071 chorda
3837 4019 4069 4086 clarum,
4124 4022 4344 4078 humida
4393 4040 4588 4081 sonum

2981 4103 3159 4158 reddit
3203 4106 3478 4160 obtusum.
3520 4107 3834 4163 Cavendum
3879 4120 3962 4166 est
3993 4127 4122 4184 ergo
4155 4115 4224 4170 de.
4263 4117 4460 4172 sat-culo
4492 4133 4589 4172 vc-

2981 4193 3286 4258 nientibus,
3354 4205 3408 4250 ct
3458 4198 3778 4254 terribiliter
3829 4199 4233 4259 formidandum
4264 4247 4279 4269 .
4338 4223 4406 4263 ne
4459 4209 4587 4263 duttt

2981 4286 3269 4340 mundana:
3299 4289 3733 4345 conversationis
3782 4291 4008 4361 laqueos
4055 4294 4288 4365 fugiunt,
4333 4299 4511 4353 mollis
4535 4311 4593 4352 et

2980 4373 3140 4428 lluxm
3188 4376 3314 4430 vitae
3359 4379 3592 4434 nexibus
3643 4380 3885 4437 deterius
3926 4385 4298 4451 innectuntur,
4350 4391 4444 4458 qui
4486 4393 4590 4446 etsi

2983 4466 3092 4520 Deo
3123 4466 3248 4520 boni
3287 4467 3490 4537 aliquid
3523 4470 3776 4539 offerant,
3811 4475 4181 4533 sacriﬁcantis
4221 4481 4429 4535 oblatio
4477 4500 4586 4537 non

2912 4603 2955 4656 υ
2983 4557 3297 4627 suscipitur,
3352 4560 3455 4614 nisi
3507 4571 3564 4616 et
3609 4563 3654 4617 is
3695 4565 3785 4633 qui
3815 4563 3992 4630 offert,
4025 4567 4371 4636 quibusdam,
4411 4583 4470 4625 ut
4514 4575 4589 4627 ita

2983 4644 3199 4713 loquar,
3225 4646 3534 4702 devotionis
3567 4667 3676 4704 sua:
3707 4653 3956 4708 manibus
4005 4655 4286 4711 otl‘eratur.
4340 4660 4475 4714 llinc
4504 4673 4591 4717 est

2981 4742 3125 4805 quod
3153 4739 3284 4792 Cain
3317 4741 3552 4795 inaniter
3582 4743 3866 4811 offerebat,
3898 4750 4023 4818 quia
4059 4753 4412 4821 semetipsum
4439 4756 4591 4824 prius

2980 4829 3182 4884 offerre
3219 4832 3554 4903 neglexerat.

2980 4934 3037 4971 11.
3066 4935 3114 4973 l.\'
3138 4936 3376 4976 SERMONE
3397 4937 3461 4976 DF.
3483 4941 3815 4982 NATH'ITATE
3839 4943 4027 4985 SANCTI
4047 4945 4260 4988 ιολδκιε
4283 4950 4586 4992 ΒΑΡτιετιε.

3409 5016 3550 5084 (Ed.
3580 5029 3706 5072 tom.
3739 5019 3822 5084 Il,
3854 5040 3976 5093 pag.
4011 5023 4160 5096 33,5.)

3065 5102 3222 5166 Ecce,
3279 5105 3454 5177 inquit
3510 5108 3819 5176 Elisabeth,
3874 5126 3928 5167 ut
3978 5115 4118 5183 facta
4172 5127 4246 5171 est
4300 5137 4397 5174 vox
4443 5123 4591 5178 salu-

2988 5195 3199 5248 tationis
3259 5207 3365 5251 tuta
3419 5200 3474 5252 in
3531 5202 3748 5256 auribus
3797 5207 3962 5267 meis,
4017 5207 4297 5264 exsultavit
4354 5212 4405 5265 in
4460 5231 4593 5283 gau-

2989 5282 3074 5334 dio
3135 5284 3310 5352 infans
3355 5288 3408 5340 in
3470 5301 3614 5344 utero
3667 5309 3800 5346 meo.
3865 5295 4098 5364 Spiritus
4151 5301 4296 5356 enim
4343 5282 4589 5373 sanctus,

2989 5374 3080 5442 qui
3113 5389 3235 5428 eum
3268 5389 3560 5449 antequam
3595 5384 3784 5440 vitales
3816 5401 3977 5442 auras
4008 5404 4256 5461 carperet
4303 5395 4584 5461 animavit,

2996 5464 3169 5533 ipsum
3215 5485 3430 5540 quoque
3470 5476 3700 5531 materni
3745 5479 3968 5548 pudoris
4016 5485 4341 5554 hospitium,
4387 5490 4440 5543 in
4481 5505 4591 5560 quo

2995 5559 3220 5629 degebat
3253 5563 3516 5634 implevit,
3550 5570 3690 5624 unde
3725 5585 3847 5626 cum
3888 5577 4113 5628 necdum
4148 5591 4324 5646 posset
4359 5559 4591 5637 homini-

2988 5649 3089 5704 bus
3122 5655 3281 5709 verba
3319 5657 3660 5728 depromere,
3688 5664 3861 5731 petuit
3888 5667 4209 5723 exsultando
4245 5672 4498 5728 latentem
4534 5676 4592 5730 in

2989 5767 3053 5858 tri
3099 5776 3310 5858 tractus.
3345 5789 3450 5825 non
3491 5775 3709 5858 legitur,
3745 5794 4056 5858 quanquam
4096 5784 4257 5854 hujus
4294 5804 4588 5858 argmnen-

2995 5842 3106 5890 tum
3143 5842 3210 5894 ab
3241 5842 3381 5898 illius
3413 5842 3654 5916 Opusculi
3685 5842 3961 5920 proposiio
3992 5870 4097 5908 non
4131 5842 4408 5917 abhorret.
