4176 6368
375 422 475 484 90!

1300 416 1801 476 COLLECTANEA
1843 417 1936 474 EX
1975 417 2162 476 NOVO
2205 418 2694 477 TESTAMENTO.

3565 425 3673 483 902

374 540 495 608 Quo
521 536 689 610 igitur
722 549 951 592 numero
973 531 1242 605 lapideum
1271 531 1399 588 illud
1429 529 1687 602 templum
1723 531 1964 600 antiqui-
1995 537 2040 596 Α
2073 530 2276 588 lmtitize
2313 531 2558 589 feriatur.
2603 533 2673 590 Ut
2713 550 2846 606 ergo
2887 535 2956 594 ad
3003 537 3147 593 hanc
3191 536 3530 594 Dominicam
3575 555 3676 611 per

375 639 465 684 tus
490 636 575 683 est
608 625 933 682 aediﬁcatum
959 663 974 689 ,
1013 623 1203 679 eodem
1250 635 1467 693 quoque
1495 636 1724 676 numero
1751 630 1804 677 et
1833 630 1970 676 tem-

371 717 526 788 plum
587 715 856 773 Dominici
917 715 1162 784 corporis
1215 729 1313 784 per
1378 713 1654 768 senarium
1709 722 1791 769 est
1845 728 1969 784 per-

373 808 602 873 fectum,
632 808 738 863 hac
778 805 1154 863 tantummodo
1197 805 1528 861 discretione
1552 815 1790 870 servata,
1821 805 1968 876 quod

371 897 434 953 in
466 895 861 952 constitutione
889 894 1076 966 templi
1109 909 1376 950 annorum
1415 909 1676 950 numerus
1721 896 1962 964 ponitur,

371 986 433 1044 in
484 985 844 1041 aediﬁcatione
885 999 1017 1040 vero
1045 985 1290 1055 corporis
1341 983 1554 1040 Domini
1609 985 1820 1040 dierum
1851 985 1966 1040 cal-

373 1074 535 1132 culus
562 1083 907 1145 supputatur.
953 1073 1235 1129 Annorum
1290 1073 1454 1145 igitur
1497 1087 1756 1129 numerus
1783 1075 1966 1144 templi

373 1167 522 1224 illius
550 1167 784 1239 antiqui,
816 1168 862 1223 si
893 1183 990 1237 per
1017 1166 1293 1223 senarium
1331 1166 1568 1234 ducitur,
1593 1182 1782 1224 omnes
1825 1169 1963 1238 dies,

372 1258 575 1330 quibus
615 1257 817 1314 mansit
867 1255 1127 1312 Dominus
1172 1255 1228 1310 in
1274 1254 1518 1328 virgineo
1562 1264 1773 1323 ventre,
1820 1270 1968 1312 com-

372 1349 616 1420 plentur.
656 1347 958 1418 Coniuncto
996 1346 1181 1416 itaque
1215 1360 1443 1401 numero
1471 1359 1578 1416 quo
1609 1345 1752 1401 Deus
1798 1361 1964 1416 opera

373 1453 476 1492 sua
508 1435 637 1492 fecit
680 1451 806 1491 cum
838 1434 928 1491 illo
955 1449 1066 1506 quo
1103 1434 1360 1506 templum
1401 1444 1487 1490 est
1523 1436 1827 1503 conditum,
1859 1437 1965 1494 Do-

371 1530 510 1585 mini
539 1543 738 1598 corpus
761 1525 1016 1594 edicitur,
1065 1535 1126 1583 ut
1172 1527 1329 1583 nobis
1378 1516 1540 1583 detur
1580 1527 1805 1598 intelligi
1840 1527 1965 1598 quia

370 1635 475 1693 per
519 1621 651 1676 illud
703 1619 1002 1676 divinitatis
1053 1617 1354 1691 templum,
1416 1620 1562 1690 quod
1616 1619 1672 1675 in
1732 1618 1966 1689 Virginis

370 1719 534 1767 utero
583 1715 958 1766 constructum
1011 1717 1136 1774 est,
1188 1707 1442 1763 universa
1493 1716 1621 1763 sunt
1669 1707 1762 1763 Dei
1801 1722 1966 1778 opera

371 1809 682 1858 restaurata
711 1839 726 1865 ,
773 1799 917 1854 sicut
972 1797 1107 1854 dicit
1155 1795 1468 1867 Apostolus,
1521 1797 1648 1867 quia
1692 1799 1965 1868 proposuit

2073 622 2360 678 sabbatum
2396 623 2675 680 valeamus
2719 633 3086 696 congruenter
3123 626 3414 699 attingere,
3445 643 3676 684 necesse

2072 723 2157 768 est
2189 729 2286 770 nos
2317 729 2462 770 nunc
2503 730 2722 770 crucem
2753 725 2877 785 post
2904 715 3090 772 Jesum
3131 716 3435 788 bajulautes
3459 729 3674 776 sextam

2065 802 2269 875 jugiter
2324 804 2516 860 feriam
2579 805 2881 862 celebrare.
2933 808 3191 878 Alioquin
3243 809 3289 864 si
3341 819 3676 880 prmpostero

2069 895 2264 952 ordine
2295 912 2443 951 nunc
2473 897 2573 952 sub
2608 898 2790 952 carnis
2837 899 2954 969 lege
3002 900 3270 965 viventes,
3296 900 3456 971 quasi
3485 900 3674 957 Domi-

2070 988 2252 1042 nicam
2282 989 2556 1054 ducimus,
2587 982 2774 1059 procul
2805 991 2972 1046 dubio
3008 993 3355 1062 postmodum
3395 1009 3501 1048 non
3538 1009 3672 1065 gau-

2072 1079 2221 1133 dium
2262 1081 2460 1150 gaudio
2485 1120 2500 1145 ,
2560 1081 2656 1135 sed
2702 1080 3056 1136 tribulatione
3097 1094 3392 1139 mutamus.
3423 1083 3562 1140 Hinc
3590 1093 3678 1141 est

2067 1169 2213 1222 enim
2242 1169 2386 1238 quod
2427 1169 2690 1225 Dominus
2728 1171 2868 1226 sicut
2892 1170 2964 1226 40
2991 1171 3182 1229 diebus
3207 1173 3260 1228 in
3297 1187 3482 1230 eremo
3517 1176 3674 1244 vixit,

2069 1263 2405 1333 totidemque
2431 1272 2555 1334 post
2577 1265 3034 1324 resurrectionem
3062 1281 3186 1322 cum
3226 1267 3507 1339 discipulis
3551 1269 3672 1337 fuit,

2069 1353 2145 1409 ita
2192 1355 2359 1409 etiam
2411 1355 2478 1410 ab
2529 1354 2648 1426 ipso
2703 1371 2818 1411 sua:
2866 1359 3062 1412 mortis
3109 1359 3340 1415 articulo
3396 1377 3570 1432 usque
3604 1363 3676 1418 ad

2068 1445 2366 1502 diluculum
2420 1447 2845 1503 resurrectionis
2907 1447 2978 1503 ιθ
3034 1449 3200 1508 horas
3250 1451 3459 1507 habuit.
3521 1452 3678 1511 Sicut

2068 1537 2239 1609 igitur
2282 1537 2497 1593 illorum
2545 1538 2757 1594 dierum
2801 1555 3050 1607 numero,
3100 1542 3175 1597 ita
3229 1543 3583 1600 nihilominus
3619 1553 3678 1602 et

2069 1627 2355 1692 horarum,
2393 1644 2534 1700 quas
2577 1629 2818 1686 diximus
2848 1631 3013 1687 totius
3061 1615 3186 1688 vita:
3231 1645 3434 1690 nostrae
3462 1643 3677 1705 tempus

2067 1720 2429 1789 exprimitur;
2479 1728 2541 1775 ut
2601 1720 2742 1776 sicut
2795 1721 2884 1776 ille
2931 1722 3368 1794 quadragenario
3413 1725 3677 1781 horarum

2070 1823 2296 1863 numero
2320 1817 2568 1865 mortuus
2597 1811 2830 1876 mansit,
2862 1812 2935 1866 ita
2969 1824 3025 1868 et
3065 1829 3165 1870 nos
3202 1814 3277 1870 illi
3320 1816 3674 1884 commortui,

369 1893 518 1950 Deus
547 1892 602 1946 in
627 1893 1016 1962 dispensatione
1049 1889 1392 1960 plenitudinis
1437 1899 1726 1959 temporum
1756 1891 1962 1944 instau-
1999 1889 2040 1949 Β
2068 1899 2306 1968 quandiu
2335 1899 2427 1956 hic
2449 1899 2704 1967 vivimus,
2733 1902 2787 1958 iu
2810 1904 2995 1960 carnis
3020 1919 3236 1978 semper
3258 1908 3679 1965 mortiﬁcationo

372 2001 498 2040 rare
528 1985 705 2038 omnia
731 1983 785 2037 in
818 1980 1051 2048 Christo,
1094 1996 1215 2051 que
1251 1981 1308 2034 in
1338 1979 1479 2034 caelis
1503 1988 1551 2034 et
1583 1981 1638 2034 in
1664 1980 1819 2034 terris
1840 1989 1963 2034 sunt

370 2075 431 2131 in
458 2076 591 2144 ipso.
625 2072 733 2128 Sed
770 2073 872 2128 hoc
901 2071 1148 2143 corporis
1177 2070 1455 2140 templum,
1497 2070 1640 2140 quod
1680 2085 1778 2140 per
1803 2083 1965 2127 sena-

373 2165 518 2221 rium
549 2178 832 2219 numerum
858 2161 972 2218 iieri
1005 2161 1184 2217 divina
1211 2161 1550 2232 providentia
1577 2160 1766 2226 voluit,
1793 2161 1968 2217 tribus

371 2255 530 2311 boris
569 2252 796 2309 Judaica
846 2253 1123 2323 impietate
1169 2253 1485 2316 resolutum,
1519 2252 1700 2308 triduo
1730 2252 1965 2309 resedit]-

371 2345 541 2410 cavit,
569 2345 711 2401 sicut
741 2345 857 2415 ipse
883 2343 1053 2400 dicit:
1098 2342 1296 2400 Solvite
1338 2343 1586 2414 templum
1616 2344 1738 2410 hoc,
1773 2352 1822 2400 et
1849 2353 1966 2415 post

371 2436 608 2490 triduum
636 2434 967 2503 recediﬁcabo
1003 2433 1157 2488 illud.
1206 2433 1324 2488 Hoc
1366 2444 1560 2498 autem,
1593 2434 1770 2504 inquit
1799 2451 1966 2492 evan-

371 2524 568 2596 gelista
596 2564 612 2589 ,
659 2523 864 2578 dicebat
921 2525 986 2578 de
1033 2523 1224 2593 templo
1273 2525 1508 2594 corporis
1553 2525 1659 2580 sui.
1703 2524 1817 2582 Nec
1866 2527 1968 2584 mi-

371 2628 536 2676 rum,
605 2613 652 2669 si
706 2613 850 2684 quod
911 2628 1011 2684 per
1069 2613 1346 2670 senarium
1412 2612 1616 2669 factum
1689 2623 1810 2682 est,
1870 2632 1969 2688 per

371 2705 678 2760 ternarium
747 2705 819 2760 sit
885 2703 1152 2765 solutum.
1220 2719 1321 2775 per
1392 2705 1690 2760 ternarium
1754 2722 1968 2778 quoque

372 2809 572 2854 mrsus
600 2796 1006 2864 reaediilcatum,
1035 2812 1159 2853 cum
1187 2806 1244 2854 et
1272 2798 1388 2868 ipse
1422 2799 1671 2854 senarius
1717 2799 1860 2856 sicut
1897 2815 1966 2856 ex

370 2888 623 2946 ternario
651 2888 891 2955 crescit,
935 2889 1011 2944 ita
1055 2889 1406 2946 nihilominus
1453 2899 1510 2947 et
1556 2891 1611 2946 in
1661 2891 1965 2948 ternarium

370 2980 718 3048 resolvatur;
760 2997 903 3038 unus
941 2981 1119 3045 enim,
1156 2982 1264 3038 duo
1308 2991 1365 3038 et
1399 2993 1540 3050 tres,
1581 2998 1676 3040 sex
1720 2983 1882 3051 ﬁunt,
1909 2999 1943 3042 e

369 3071 658 3141 reciproco
692 3071 976 3127 dimidium
1026 3073 1250 3138 senarii,
1302 3081 1414 3130 tres
1460 3082 1609 3142 sunt,
1647 3075 1803 3131 tertia
1837 3089 1966 3145 pars

371 3159 504 3226 duo,
549 3171 702 3216 sexta
747 3177 953 3229 unum;
1013 3163 1105 3233 qui
1155 3163 1409 3220 videlicet
1451 3179 1712 3222 numerus
1759 3166 1965 3224 idcirco

369 3249 648 3324 perfectus
671 3253 873 3308 dicitur
895 3293 910 3319 ,
952 3255 1080 3325 quia
1108 3256 1190 3312 sic
1229 3271 1294 3312 ex
1324 3257 1439 3311 suis
1461 3257 1707 3328 partibus
1730 3268 1962 3314 constat.
1993 3237 2038 3300 C

373 3344 499 3403 Uno
553 3346 714 3416 plane
753 3347 841 3403 die
883 3348 1094 3418 integro
1139 3355 1196 3404 et
1240 3347 1450 3405 duabus
1488 3349 1736 3406 noctibus
1779 3349 1836 3406 in
1881 3365 1968 3406 se-

369 3437 567 3510 pulcro
597 3437 857 3495 Dominus
889 3436 1086 3507 jacuit,
1111 3439 1239 3510 quia
1280 3455 1384 3495 una
1412 3439 1495 3495 sui
1524 3441 1770 3511 corporis
1794 3450 1969 3496 morte

372 3541 405 3580 a
435 3525 643 3582 duabus
688 3540 809 3592 nos,
860 3527 1057 3582 anima:
1100 3527 1354 3584 videlicet
1380 3537 1436 3584 et
1477 3529 1745 3598 corporis,
1772 3529 1968 3585 morti-

371 3613 478 3670 bus
505 3613 772 3671 liberavit.
806 3615 873 3671 Et
895 3625 1042 3672 recte
1069 3631 1169 3688 per
1196 3618 1338 3674 diem
1385 3632 1532 3675 mors
1575 3619 1792 3674 Domini
1825 3619 1971 3675 desi-

382 3713 606 3774 gnatur,
628 3719 735 3774 qua
759 3720 859 3760 nos
880 3707 946 3760 ad
973 3705 1148 3760 lucem
1173 3707 1525 3772 reducimur;
1565 3716 1752 3760 nostra
1785 3715 1967 3761 autem

375 3808 532 3850 mors
565 3802 798 3864 utraque
823 3808 923 3865 per
945 3803 1188 3860 noctem,
1243 3809 1365 3865 qua:
1410 3795 1667 3850 nimirum
1707 3797 1862 3852 nobis
1900 3811 1969 3852 ex

374 3892 605 3954 peccato
633 3883 878 3938 debetur.
909 3881 1106 3940 Totum
1132 3891 1314 3939 autem
1345 3883 1582 3940 triduum
1623 3885 1678 3940 in
1717 3886 1970 3942 humanas

374 3974 571 4032 salutis
589 3975 917 4047 expenditur
937 3976 1346 4032 evidentissima
1368 3986 1769 4032 sacramentum
1795 3993 1810 4044 ;
1841 3993 1968 4033 nam

376 4075 537 4125 sexta
568 4065 702 4123 feria
733 4081 952 4137 passus,
980 4065 1220 4123 Sabbato
1249 4067 1304 4123 in
1338 4065 1590 4138 sepulcro
1628 4067 1853 4138 quievit,
1879 4067 1969 4125 die

375 4153 662 4212 Dominico
707 4156 1025 4211 resurrexit.
1080 4144 1217 4211 Tota
1263 4164 1444 4211 autem
1494 4157 1611 4211 haec
1655 4156 1766 4212 vita
1813 4157 1970 4214 nobis

379 4254 532 4302 sexta
564 4244 702 4300 feria
725 4253 828 4311 est,
857 4245 985 4315 quia
1009 4245 1264 4302 videlicet
1289 4261 1505 4302 crucem
1529 4255 1651 4318 post
1677 4247 1969 4304 Dominum

376 4334 913 4407 bajularejubemur.
942 4335 988 4390 Α
1021 4335 1109 4391 die
1147 4344 1327 4392 autem
1357 4336 1536 4392 exitus
1581 4338 1752 4396 nostri
1797 4353 1970 4409 usque

379 4427 450 4483 ad
474 4426 764 4498 judicium,
797 4427 950 4498 quasi
984 4427 1532 4496 sabbatum‘ducitur,
1574 4428 1703 4500 quia
1749 4429 1968 4485 interim

376 4516 536 4574 beata
567 4517 755 4590 requie
779 4518 974 4575 anime
1020 4516 1415 4590 perfruuntur;
1474 4519 1530 4574 in
1568 4520 1968 4576 resurrectione

2069 1989 2336 2044 vivamus.

2425 2181 2487 2222 ιι.
2530 2182 2584 2223 ικ
2613 2183 2859 2226 εειιιοιηε
2889 2185 2958 2226 ιιι
2985 2186 3312 2229 VIBGINIBUS.

2498 2295 2632 2370 (Ed.
2664 2308 2794 2354 tam.
2823 2297 2912 2368 II,
2943 2318 3066 2373 pag.
3095 2301 3250 2376 364.)

2145 2433 2270 2489 Non
2320 2434 2391 2489 ed
2441 2451 2744 2490 mensuram
2785 2438 2879 2492 dat
2938 2437 3081 2494 Deus
3134 2439 3400 2508 spiritum.
3459 2434 3680 2496 Movere

2066 2531 2272 2591 potest,
2314 2538 2413 2578 cur
2456 2521 2696 2580 Joannes
2744 2525 2987 2598 Baptista
3042 2528 3351 2598 perhibeat,
3395 2527 3526 2599 quia
3566 2542 3678 2584 non

2069 2611 2138 2668 ad
2173 2627 2486 2668 mensuram
2536 2613 2628 2668 dat
2679 2613 2823 2670 Deus
2865 2616 3157 2687 spiritum,
3211 2632 3335 2672 cum
3395 2616 3594 2674 Paulus
3647 2632 3681 2674 ο

2070 2703 2352 2759 contrario
2388 2703 2572 2759 dicat:
2627 2701 2926 2778 Unicuique
2964 2717 3203 2763 nostrum
3239 2709 3367 2763 data
3398 2717 3473 2763 est
3501 2708 3680 2778 gratia

2069 2795 2362 2848 secundum
2410 2809 2714 2850 mensuram
2763 2796 3064 2853 donationis
3118 2797 3338 2854 Christi.
3393 2798 3679 2868 Quomodo

2069 2899 2202 2955 ergo
2231 2902 2336 2939 non
2375 2888 2445 2939 ad
2473 2895 2797 2952 mensuram,
2829 2897 2886 2944 et
2912 2891 3186 2958 quomodo
3214 2891 3504 2945 secundum
3529 2905 3680 2946 uten-

2070 2975 2296 3030 suram?
2341 2973 2450 3032 Sed
2480 2976 2626 3048 quod
2675 2975 2916 3033 Joannes
2964 2979 3168 3034 asserit
3220 2979 3425 3034 nonad
3455 2993 3682 3036 mensu-

2068 3077 2186 3122 ram
2244 3065 2497 3138 spiritum
2546 3060 2687 3131 dari,
2737 3066 2805 3122 de
2834 3066 3204 3140 Redemptore
3250 3078 3438 3125 nostro
3486 3072 3680 3140 procul

2071 3158 2237 3214 dubio
2259 3160 2421 3215 debet
2451 3158 2694 3230 intelligi,
2735 3160 2792 3214 in
2831 3176 2937 3230 quo
2964 3160 3220 3217 videlicet
3269 3161 3472 3216 habitat
3502 3162 3675 3216 omnis

2068 3251 2340 3322 plenitudo
2363 3251 2654 3306 divinitatis
2677 3250 3052 3319 corporaliter;
3073 3252 3217 3322 quod
3241 3261 3492 3324 patenter
3512 3268 3679 3326 agno-

2071 3342 2268 3410 scitur,
2301 3342 2347 3397 si
2393 3341 2512 3411 ipsa
2557 3348 2740 3395 textus
2769 3339 3069 3410 evangelici
3118 3343 3293 3398 series
3338 3345 3677 3400 attendatur.

2070 3433 2207 3488 Nam
2237 3448 2362 3488 cum
2411 3430 2769 3502 prteruisisset
2811 3446 2917 3485 non
2957 3430 3034 3485 ad
3071 3448 3375 3487 mensuram
3398 3432 3491 3486 dat
3534 3431 3679 3488 Deus

2069 3520 2347 3589 spiritum,
2390 3514 2642 3588 protinus
2695 3516 2934 3572 intulit:
2977 3513 3142 3572 Pater
3201 3518 3376 3589 diligit
3433 3515 3676 3585 Filium,

2069 3618 2121 3664 et
2165 3609 2344 3662 omnia
2390 3607 2536 3661 dedit
2586 3606 2643 3660 in
2685 3621 2848 3660 nunu
2882 3621 3017 3675 ejus.
3059 3605 3210 3666 Unde
3251 3618 3308 3663 et
3345 3607 3475 3663 alibi
3500 3607 3676 3664 dicit:

2073 3696 2274 3752 Nosde
2299 3695 2626 3766 plenitudine
2671 3695 2788 3766 ejus
2831 3697 3154 3766 accepimus.
3187 3698 3502 3755 Concordat
3545 3712 3680 3772 ergo

2071 3801 2196 3841 cum
2225 3783 2512 3842 Psalmista
2538 3784 2800 3853 Joannes,
2846 3789 2978 3860 quia
3027 3788 3156 3844 huic
3213 3789 3318 3845 iste
3361 3803 3677 3846 mensuram

2073 3880 2234 3945 tollit,
2269 3895 2433 3951 quem
2486 3879 2577 3936 ille
2628 3889 2853 3937 unctum
2907 3895 3023 3951 prae
3075 3881 3425 3938 consortibus
3453 3881 3673 3939 asserit.

2071 3971 2226 4040 Quod
2275 3981 2457 4028 autem
2505 3971 2801 4043 Apostolus
2851 3987 3165 4029 mensuram
3192 3975 3393 4048 ponit,
3449 3974 3555 4032 hoc
3608 3974 3679 4032 de

2071 4063 2379 4135 quibusque
2408 4063 2659 4119 ﬁdelibus
2688 4064 2808 4119 vult
2851 4064 3077 4136 intelligi
3105 4082 3121 4131 ;
3171 4063 3327 4134 juxta
3362 4079 3677 4121 mensuram

2074 4157 2312 4226 namque
2337 4155 2560 4227 spiritus
2583 4155 2727 4211 inest
2748 4155 2946 4221 cuique
2979 4171 3240 4213 mensura
3267 4157 3486 4212 virtutis
3511 4167 3677 4228 atque

2073 4247 2430 4312 constantiae,
2483 4256 2544 4301 ut
2587 4245 2674 4303 vel
2716 4247 2864 4302 vitiis
2905 4245 3305 4305 attentantibus
3330 4247 3384 4302 in
3410 4263 3544 4319 pace
3591 4264 3680 4305 re-

2073 4338 2256 4402 sistat,
2309 4336 2396 4392 vel
2458 4337 2512 4391 in
2564 4337 2865 4391 certamine
2918 4337 3244 4393 constitutus
3290 4337 3679 4408 iusuperabilia

2075 4437 2348 4486 tormenta
2373 4436 2681 4498 percurrat.
2707 4425 2943 4481 Samson
2970 4425 3189 4496 quippe,
3210 4427 3385 4481 donec
3408 4429 3680 4485 vttcrines

2085 4517 2296 4581 habuit,
2330 4515 2714 4586 insuperabilis
2741 4514 2862 4582 iuit,
2900 4525 2957 4572 et
3001 4517 3092 4586 qui
3148 4516 3481 4586 septiformis
3515 4519 3681 4574 habet

377 4616 562 4665 autem
589 4624 878 4680 corporum
905 4649 922 4676 ,
970 4610 1243 4682 paschalis
1286 4611 1444 4667 nobis
1487 4611 1665 4668 oritur
1699 4611 1836 4672 dies.
1876 4612 1969 4682 qui
2001 4597 2050 4658 D
2077 4609 2268 4681 gratia:
2299 4608 2595 4680 Spiritum,
2624 4608 2886 4662 invictum
2907 4622 2968 4662 se
2991 4607 3214 4678 pra'bet,
3240 4609 3522 4680 ingruente
3543 4623 3680 4680 quo-

375 4698 530 4759 nulia
580 4698 688 4758 line
737 4700 1100 4770 concluditur,
1148 4703 1244 4758 sed
1300 4709 1575 4773 perpetua:
1621 4702 1968 4774 iucunditate

2077 4699 2338 4756 rumlibet
2367 4707 2692 4772 tempestate
2720 4698 3006 4755 bellorum.

1139 4935 1308 5024 ΕΧ
1374 4935 1875 5027 ACTIBUS
1961 4934 2906 5033 APOSTOLORUM.

415 5188 472 5234 ΙΙ
507 5185 761 5230 ιιιετοιλ
800 5184 870 5226 AD
907 5182 1264 5225 Αιιιλιωιυι
1299 5182 1474 5225 ΡᾹΡΑΙ
1513 5179 1580 5222 DE
1617 5181 1934 5225 LUI'BBBNDA

844 5254 1216 5297 CANONICOIUI
1253 5253 1498 5296 νεουιαι.

772 5329 901 5402 (Ed.
928 5340 1066 5386 tom.
1097 5329 1194 5386 III
1221 5371 1237 5395 ,
1271 5346 1392 5402 pag.
1424 5331 1579 5403 ιεδ.)

453 5448 556 5519 Qui
585 5457 777 5519 captus
804 5454 889 5502 est
927 5459 1114 5502 amore
1156 5447 1400 5516 pecunia:
1423 5485 1440 5511 ,
1477 5459 1820 5516 nequaquam
1849 5444 1966 5501 ido-

377 5553 520 5599 neus
550 5548 636 5596 est
659 5538 727 5594 ad
748 5535 1107 5592 miniStranda
1144 5535 1308 5590 verba
1331 5536 1625 5592 doctrinas:
1659 5535 1803 5606 quod
1829 5534 1967 5589 bene

378 5631 441 5690 in
478 5644 545 5686 eo
571 5630 715 5700 quod
757 5627 1005 5699 superius
1041 5631 1420 5701 proposuimus
1457 5630 1754 5702 apostolico
1779 5628 1962 5685 decla-

383 5719 821 5802 raturexemplo.
850 5716 983 5773 Nam
1014 5736 1136 5776 cum
1165 5721 1445 5792 Scriptura
1468 5722 1758 5793 praemittat
1783 5737 1798 5775 :
1821 5720 1964 5776 Mul-

381 5811 628 5872 titudinis
666 5811 989 5870 credentium
1027 5824 1139 5871 erat
1184 5829 1275 5871 cor
1305 5831 1468 5874 unum
1506 5823 1553 5874 et
1595 5814 1776 5873 anima
1814 5832 1962 5886 una;

2075 5185 2309 5242 moxque
2338 5169 2628 5243 subiungat
2654 5188 2668 5226 :
2702 5167 2816 5226 Nec
2849 5173 3128 5244 quisquam
3158 5189 3339 5228 eorum
3365 5192 3484 5246 qua:
3508 5179 3680 5248 ροιςὲ.

2075 5266 2231 5320 debat
2260 5305 2277 5331 ,
2306 5264 2510 5335 aliquid
2536 5279 2692 5319 suum
2718 5279 2830 5319 esse
2856 5265 3064 5320 dicebat
3093 5305 3108 5331 ,
3138 5266 3230 5320 sed
3258 5277 3408 5321 erant
3435 5268 3542 5324 illis
3565 5286 3678 5324 om-

2077 5358 2166 5411 nia
2195 5356 2498 5412 eommunia
2523 5397 2537 5420 ,
2583 5355 2832 5426 protinus
2873 5356 3083 5412 addidit
3112 5375 3125 5410 :
3163 5355 3230 5411 Et
3262 5360 3451 5414 uirtute
3479 5377 3674 5432 magna

2076 5447 2362 5502 reddebant
2409 5447 2632 5515 apostoli
2671 5449 3030 5503 testimonium
3081 5451 3483 5506 resurrectionis
3543 5451 3675 5509 Jesu

2076 5533 2272 5592 Christi
2299 5535 2511 5592 Domini
2539 5539 2739 5606 nostri,
2774 5550 2823 5594 et
2851 5534 3026 5610 gratia
3053 5557 3246 5612 magna
3273 5553 3384 5598 erat
3413 5543 3466 5597 in
3501 5546 3674 5600 omni-

2077 5629 2173 5683 bus
2202 5626 2330 5682 illis.
2364 5627 2569 5684 Deinde
2595 5629 2895 5686 subiul‘crt:
2920 5631 3032 5686 Nec
3057 5633 3194 5685 enim
3219 5634 3495 5704 quisquam
3519 5651 3676 5706 egens

2071 5733 2184 5776 erat
2208 5721 2346 5775 inter
2371 5720 2512 5776 illos.
2541 5720 2681 5789 Quid
2701 5737 2833 5795 ergo
2858 5723 2959 5779 sibi
2989 5723 3125 5791 vult,
3146 5727 3289 5796 quod
3315 5727 3475 5798 hujus
3502 5742 3676 5784 sacra:

2074 5813 2308 5887 scriptor
2337 5811 2583 5872 historia
2601 5852 2619 5884 ,
2648 5814 2778 5874 dum
2803 5816 2870 5874 de
2896 5816 3234 5875 continentia
3259 5818 3498 5892 loquitur
3531 5833 3667 5894 apo-
