5962 6492
1066 440 1174 503 905

1978 437 2480 496 COLl£CTAVEA
2534 436 2625 493 EX
2671 437 2861 497 NOVO
2921 440 3199 499 TEST.\.\I
3234 443 3395 503 .NTO

4254 448 4362 507 906

1066 568 1188 609 rum
1229 552 1513 625 mysticam
1548 559 1769 607 tenuere
1800 549 2027 622 figuram
2068 559 2121 604 et
2160 548 2367 619 lapides
2397 548 2471 602 illi
2508 547 2597 617 qui
2633 588 2647 611 .
2679 553 2729 613 Α
2759 554 2933 611 decim
2966 557 3198 627 lapides,
3243 556 3384 613 terni
3408 572 3517 627 per
3562 566 3860 629 quaternos
3906 561 4153 634 angulos.

1065 645 1179 702 Deo
1210 644 1447 715 jubeme-
1465 644 1665 716 Moysi,
1716 643 1963 699 rationali
2008 643 2211 698 summi
2250 641 2551 697 sacerdotis
2578 642 2658 697 le-

1061 744 1265 808 guntnr
1294 736 1564 806 impressi.
1592 734 1706 790 Hoc
1730 735 1912 806 itaque
1940 734 2207 789 rationale
2227 734 2485 789 sacerdos
2514 733 2659 788 fere-

1059 828 1161 884 bat
1188 830 1241 883 in
1274 838 1525 900 pectore,
1558 845 1681 885 cum
1712 828 2090 899 ingrederetur
2136 836 2387 884 sanctum
2439 835 2660 881 sancto-

1059 931 1206 972 rum.
1263 917 1596 991 Praeceptum
1638 926 1721 975 est
1745 926 1956 991 ergout
1991 916 2044 971 in
2068 932 2133 973 eo
2160 926 2497 996 ponerentur
2522 916 2659 973 duo-

2762 666 2930 717 auro,
2963 652 3086 723 quia
3114 652 3367 706 nimirum
3397 650 3572 707 sancti
3603 652 3830 721 apostoli
3878 666 3975 721 per
4003 650 4373 722 quatit-indum

2762 746 2950 801 orbem
2978 746 3045 801 de
3076 744 3346 799 Trinitate
3366 784 3380 808 ,
3432 748 3554 813 quae
3604 744 3745 799 Deus
3774 752 3890 811 est,
3930 742 4373 816 praedicaverunt

2762 838 3050 895 cathalicm
3084 831 3204 894 θ’.ἷοὶ
3240 838 3552 892 veritatem.

2051 1118 2217 1207 EX
2280 1112 2917 1207 EPISTOLIS
3001 1107 3408 1199 PAULI.

1318 1296 1409 1352 ex
1454 1292 1788 1350 ertsrou
1826 1293 1917 1347 AD
1955 1277 2397 1350 CORINTiIIOS.

1271 1407 1310 1446 Ι.
1351 1406 1403 1445 IN
1441 1404 1682 1445 εειιιιοκε
1720 1403 1790 1442 ιε
1825 1402 2031 1443 ελδετο
2071 1401 2429 1443 ΒΑΕΒΑΤΙΑΝΟ.

1468 1480 1593 1552 (Ed.
1634 1491 1761 1535 tom.
1799 1479 1863 1535 .’.'
1889 1522 1904 1547 ,
1941 1497 2061 1551 pag.
2102 1480 2253 1551 551.)

1132 1574 1347 1645 Lingua:
1373 1573 1427 1629 iu
1453 1575 1661 1643 signum
1690 1582 1810 1628 sunt
1840 1589 1945 1626 non
1982 1570 2230 1641 ﬁdelibus
2253 1612 2267 1635 ,
2300 1573 2390 1626 sed
2421 1571 2653 1642 infideli-

1052 1669 1173 1722 bus.
1208 1668 1314 1723 Sed
1345 1667 1470 1721 dum
1505 1667 1606 1721 ista
1636 1665 1868 1720 dicimus
1896 1705 1911 1729 ,
1937 1664 2295 1733 qtuestionem
2334 1662 2490 1718 nobis
2519 1662 2653 1717 oriri

1053 1773 1163 1812 non
1213 1757 1329 1813 s'ne
1362 1758 1540 1828 aliqua
1583 1754 1901 1811 dillicultate
1930 1756 2214 1822 videmus;
2249 1754 2293 1810 si
2328 1754 2475 1809 enim
2500 1754 2653 1824 signa

1051 1858 1279 1919 propter
1310 1848 1556 1904 inﬁdeles
1580 1849 1703 1903 data
1745 1863 1867 1903 esse
1909 1847 2204 1912 dicuntur,
2246 1846 2378 1918 quid
2427 1856 2513 1902 est
2553 1845 2655 1901 hoc

2763 1297 2822 1341 nt
2856 1282 3313 1370 jam'necessaria
3339 1293 3446 1335 non
3468 1279 3539 1334 sit
3565 1275 3903 1347 dispensatio
3945 1272 4371 1329 similitudinum

2762 1396 2858 1451 per
2884 1366 3128 1449 angelos,
3177 1384 3234 1430 et
3281 1370 3619 1445 principatus
3647 1410 3662 1433 ,
3726 1378 3783 1422 et
3826 1374 4147 1437 potestates,
4180 1374 4233 1418 ct
4262 1366 4373 1417 vir-

2763 1480 2926 1527 tutes.
2960 1470 3037 1525 Ex
3064 1482 3300 1539 quarum
3334 1476 3565 1533 persona
3596 1476 3701 1516 tton
3727 1458 4181 1514 iuconvenienter
4208 1456 4372 1510 intel-

2762 1564 2949 1632 ligitur
2999 1560 3106 1615 dici
3150 1560 3203 1614 in
3263 1553 3507 1613 Canticis
3556 1552 3895 1607 canticorum
3944 1550 4011 1603 ad
4054 1561 4365 1619 sponsam:

2764 1653 3156 1711 Similitudines
3182 1649 3306 1705 auri
3348 1647 3604 1718 faciemus
3642 1643 3737 1699 tibi
3778 1659 3893 1697 cum
3940 1638 4370 1695 dis:inctionibus

2762 1748 2967 1819 argenti
2986 1788 3001 1812 ,
3028 1744 3205 1817 quoad
3238 1758 3401 1813 usque
3426 1752 3522 1793 res:
3564 1738 3618 1794 in
3653 1736 3887 1792 rerubito
3919 1751 4017 1788 suo
4047 1743 4123 1787 est
4146 1774 4159 1797 ,
4205 1732 4258 1786 id
4282 1742 4371 1787 est

2764 1841 3121 1912 quoadusque
3171 1835 3424 1893 Christus
3455 1832 3510 1886 in
3547 1838 3761 1886 secreto
3797 1843 3896 1883 suo
3919 1836 4005 1881 est
4028 1866 4040 1889 ,
4085 1823 4213 1894 quia
4262 1822 4370 1876 rita

1051 1905 1198 2009 imo-si
1231 1940 1561 2009 Redemptor
1594 1949 1779 1995 noster
1809 1940 1861 1994 itt
1887 1939 2062 2009 patria
2091 1953 2191 1994 sua
2217 1905 2442 2009 piopter
2478 1937 2655 1992 inere-
2686 1905 2730 1964 Β
2761 1945 2941 1988 nostra
2964 1930 3271 1986 abscondita
3306 1937 3381 1982 est
3413 1941 3533 1980 cum
3570 1921 3781 1978 Christo
3810 1921 3862 1974 in
3883 1918 4026 1983 Deo;
4052 1934 4171 1971 enm
4210 1912 4371 1970 Chri-

1050 2032 1337 2086 dulitatem
1367 2028 1646 2087 hominum
1692 2032 1778 2086 vix
1834 2046 2038 2102 paucas
2088 2030 2320 2085 virtutes
2349 2029 2532 2086 facere
2562 2045 2657 2099 ρος

1051 2122 1222 2178 tuisse
1257 2115 1617 2191 perhibetur?
1666 2120 1820 2176 Sicut
1862 2121 2006 2185 enim
2054 2119 2272 2175 Marcus
2320 2120 2655 2191 evangelista

1051 2222 1288 2269 testatur
1314 2231 1329 2267 :
1360 2211 1519 2267 Multi
1549 2214 1822 2268 audientes
1853 2213 2266 2267 admirabantur
2308 2212 2363 2266 in
2413 2213 2655 2266 doctrina

1047 2306 1167 2376 ejus
1193 2306 1418 2359 dit-entes
1445 2320 1463 2358 :
1493 2301 1643 2359 Unde
1660 2304 1782 2358 huic
1820 2304 1932 2359 lucc
1959 2303 2134 2358 omnia
2156 2303 2183 2358 2‘
2232 2313 2281 2357 et
2322 2319 2441 2374 qua:
2468 2312 2541 2357 est
2565 2319 2655 2356 sa-

1047 2396 1248 2467 pientia
1276 2413 1395 2469 quis
1420 2399 1549 2451 data
1589 2406 1665 2451 est
1704 2397 1783 2451 illi
1810 2437 1823 2459 .
1869 2407 1916 2451 et
1963 2397 2177 2451 virtutes
2220 2394 2353 2450 tales
2404 2412 2521 2467 qua:
2560 2411 2655 2464 per

1048 2504 1241 2542 manus
1269 2487 1381 2557 eius
1404 2488 1739 2559 etﬁciuutur?
1768 2485 1958 2542 Nonne
1987 2488 2073 2542 hic
2117 2497 2195 2542 est
2240 2488 2383 2557 fabri
2430 2486 2575 2556 ﬁlius
2603 2496 2652 2541 et

1052 2578 1277 2643 Moriar,
1300 2579 1469 2650 frater
1488 2578 1679 2635 Jacobi
1713 2592 1761 2635 et
1800 2580 1995 2651 Joseplt
2036 2580 2267 2637 ctluda:
2286 2590 2333 2635 et
2373 2578 2653 2635 Simonis?

1048 2690 1221 2728 nonne
1246 2683 1292 2727 et
1319 2690 1524 2728 errores
1547 2674 1663 2743 ejus
1690 2674 1959 2728 nobiscum
2006 2684 2132 2729 sunt
2156 2675 2183 2729 .’
2224 2684 2273 2728 et
2314 2672 2654 2729 scandaliza-

1047 2763 1317 2818 bmtturin
1344 2762 1459 2819 illo.
1494 2762 1647 2819 Unde
1668 2772 1727 2819 et
1754 2764 1915 2834 paulo
1945 2773 2062 2835 post
2094 2765 2349 2820 subditur
2378 2782 2390 2818 :
2425 2760 2495 2817 Et
2546 2780 2649 2819 non

1046 2864 1251 2923 poterat
1272 2854 1343 2907 ibi
1364 2855 1607 2909 virtutem
1632 2854 1796 2910 ullam
1829 2856 2003 2925 facere
2028 2897 2042 2921 ,
2097 2855 2199 2911 nisi
2255 2873 2455 2926 paucos
2495 2855 2649 2925 inﬁr-

1044 2961 1159 2999 ruos
1181 2946 1442 3013 impositis
1471 2945 1713 3001 manibus
1750 2948 1954 3002 curarit
1976 2989 1990 3013 ,
2020 2960 2067 3003 et
2096 2948 2390 3002 mirabatur
2437 2959 2649 3020 prop'er

1046 3035 1465 3091 incredulitatem
1493 3035 1728 3094 illorum.
1760 3037 1902 3108 Quid
1930 3047 2013 3095 est
2045 3040 2181 3107 hoc,
2231 3039 2433 3096 fratres
2456 3081 2471 3104 ,
2515 3041 2642 3111 quia

1046 3125 1249 3184 Paulus
1270 3126 1503 3185 alllrtnat
1530 3130 1685 3203 signa
1718 3146 1817 3203 pro
1850 3130 2163 3191 inﬁdelibus
2200 3132 2325 3187 data
2356 3173 2373 3197 ,
2426 3132 2644 3189 Marcus

1046 3218 1247 3274 asserit
1276 3226 1496 3290 propter
1526 3220 1770 3277 infideles
1809 3221 1978 3278 fuisse
2014 3224 2342 3280 subtracta?
2388 3223 2641 3297 Nunquid

1044 3314 1352 3369 contrarias
1382 3314 1525 3369 inter
1547 3330 1607 3369 se
1636 3315 1868 3371 invicem
1898 3314 2145 3387 proferre
2168 3318 2475 3374 sententias
2514 3333 2642 3389 pos-

1044 3413 1202 3472 sunt,
1238 3405 1329 3476 qui
1356 3421 1465 3462 uno
1494 3407 1685 3478 spiritu
1721 3406 1863 3478 pleni
1896 3408 2067 3463 sunt?
2092 3408 2207 3463 Sed.
2228 3409 2526 3464 notandum
2556 3420 2643 3466 est

1045 3496 1169 3566 quia
1200 3498 1255 3552 in
1285 3498 1414 3568 ipsis
1440 3498 1750 3555 inﬁdelibus
1770 3508 1889 3555 erat
1915 3501 2136 3571 quidam
2163 3488 2500 3559 diversitatis
2526 3518 2643 3559 mo-

1043 3587 1179 3655 dus;
1210 3604 1310 3660 par
1338 3590 1556 3661 quidem
1588 3606 1744 3646 error
1767 3590 1946 3649 fuerat
1971 3594 2214 3649 omnium
2264 3610 2373 3651 non
2414 3598 2642 3653 creden-

1045 3676 1214 3746 tium,
1248 3680 1343 3735 sed
1384 3695 1578 3750 magna
1629 3680 1918 3736 diversitas
1974 3683 2331 3749 meritorum;
2376 3685 2523 3740 aliud
2558 3692 2643 3741 est

1044 3768 1187 3825 enim
1221 3770 1403 3826 uisoLt
1444 3771 1565 3841 qttis
1619 3771 1839 3826 fallatur
1885 3772 2228 3843 ignorantia,
2274 3775 2419 3831 aliud
2450 3777 2497 3832 si
2534 3778 2633 3832 ad-

1044 3858 1225 3928 iuncta
1252 3860 1470 3933 quoque
1492 3872 1640 3918 esset
1666 3862 1893 3918 malitia.
1921 3862 2232 3934 ignorantia
2279 3865 2481 3924 Paulus
2515 3885 2640 3939 pee-

1043 3955 1374 4025 caveratqui
1401 3953 1650 4010 dicebat:
1680 3953 1786 4021 Qui
1809 3956 1958 4027 prius
1980 3956 2060 4027 [ui
2084 3956 2415 4027 blasphemus
2438 3969 2484 4014 et
2515 3977 2638 4030 rer-

1045 4056 1249 4099 secutor
1274 4054 1323 4099 et
1359 4046 1683 4117 iujuriosus,
1712 4045 1806 4101 sed
1832 4046 1951 4102 ideo
1991 4049 2410 4120 misericordiam
2455 4067 2639 4106 conse-

1044 4146 1194 4192 cutus
1219 4154 1336 4192 sum
1372 4140 1497 4209 quia
1540 4140 1790 4210 ignorans
1826 4140 1969 4210 (cci;
2018 4154 2117 4211 per
2163 4141 2429 4198 malitiam
2472 4142 2639 4201 ludas

1044 4227 1408 4297 peccavit,et
1434 4229 1555 4284 ideo
1603 4243 1949 4300 nequaquam
2000 4231 2188 4287 venire
2227 4234 2298 4287 ad
2349 4232 2636 4306 indulgen-

1042 4317 1173 4377 tiam
1196 4321 1417 4377 meruit.
1466 4320 1571 4377 Pro
1616 4321 1722 4377 illis
1768 4336 1900 4393 ergo
1946 4322 2257 4378 infidelibus
2306 4325 2459 4397 signa
2511 4326 2638 4381 data

1044 4419 1203 4479 sunt,
1228 4427 1366 4484 quos
1392 4412 1569 4469 divina
1600 4414 1942 4485 providentia
1966 4414 2396 4472 misericorditer
2425 4415 2638 4473 salvare

1042 4498 1357 4559 decreverat
1383 4519 1397 4568 ;
1430 4513 1663 4573 propter.
1682 4504 1802 4560 illos
1832 4521 1960 4561 vero
1988 4506 2268 4563 subtracta
2292 4516 2458 4573 sunt,
2498 4524 2637 4580 quos

2758 2038 2906 2091 stus,
2950 2024 3171 2095 inquit,
3228 2019 3558 2091 apparuerit,
3596 2018 3703 2072 vita
3753 2025 3959 2077 res'ra,
4004 2024 4128 2065 tunc
4176 2020 4222 2064 et
4277 2025 4368 2063 eos

2751 2118 3079 2191 'apparebitis
3107 2130 3223 2169 eum
3262 2114 3354 2167 illo
3382 2113 3435 2165 in
3466 2110 3657 2182 gloria.
3690 2107 3847 2178 Quod
3897 2114 4189 2175 antequam
4226 2101 4322 2157 llat
4349 2142 4366 2164 ,

2756 2212 2991 2268 videmus
3030 2224 3167 2262 nunc
3205 2222 3298 2276 per
3343 2202 3608 2275 speculum
3645 2203 3703 2260 in
3776 2202 4056 2269 rcuigmate
4081 2240 4094 2261 ,
4138 2198 4243 2252 hoc
4283 2204 4371 2251 est

2758 2304 2813 2359 itt
2878 2297 3369 2361 similitudinibus,
3428 2305 3551 2349 tunc
3610 2302 3787 2346 autem
3835 2290 3973 2359 [aria
4023 2294 4092 2342 ad
4150 2287 4364 2358 [ucienu

2758 2396 2885 2454 Haec
2942 2398 3197 2453 nimirum
3226 2394 3384 2449 nobis
3413 2389 3804 2460 contemplatio
3848 2384 4187 2443 promittitur
4212 2425 4227 2447 ,
4274 2397 4369 2437 ac-

2756 2493 2963 2547 tionum
2993 2489 3236 2544 omnium
3270 2485 3394 2540 linis
3440 2493 3603 2553 atque
3636 2491 3839 2536 aeterna
3903 2477 4169 2549 perfectio
4232 2491 4369 2546 gau-

2754 2585 3010 2648 diorum;
3044 2581 3145 2650 ﬁlii
3166 2581 3304 2634 enim
3328 2593 3545 2641 sumus,
3582 2586 3627 2630 et
3662 2575 3897 2628 nomium
3948 2570 4195 2642 apparuit
4238 2568 4368 2640 quid

2751 2678 2978 2741 erimus;
3012 2675 3204 2730 scimus
3217 2673 3342 2744 quia
3359 2686 3477 2724 cum
3500 2683 3753 2739 apparue:
3768 2666 3828 2732 i',
3855 2664 4051 2719 simile:
4072 2664 4121 2718 ei
4143 2663 4365 2722 erimus.

2749 2771 2874 2840 quia
2909 2767 3201 2823 videbimus
3227 2780 3346 2819 eum
3375 2762 3532 2817 sicuti
3573 2769 3667 2815 est.
3710 2758 3787 2814 lla
3835 2757 4037 2829 quippe
4066 2756 4143 2809 ait
4172 2773 4185 2809 :
4234 2752 4368 2809 lla'c

2749 2868 2825 2915 est
2857 2868 3030 2914 autem
3055 2858 3161 2913 vita
3189 2865 3388 2911 interna
3423 2862 3481 2907 ut
3522 2860 3841 2922 cognoscant
3885 2859 3935 2904 te
3978 2864 4142 2902 unum
4180 2862 4366 2902 rerum

2748 2951 2959 3017 Deum,
3011 2960 3059 3005 et
3100 2966 3253 3020 quem
3308 2946 3500 3002 misisti
3538 2944 3724 2999 Iesum
3769 2942 4061 2998 Christum.
4106 2939 4219 2995 lloc
4271 2938 4367 2994 lict

2748 3059 2874 3100 cum
2904 3041 3122 3101 venerit
3172 3039 3436 3096 Dominus
3503 3045 3561 3092 et
3612 3034 4004 3091 illuminaverit
4034 3030 4362 3087 abscondita

2748 3135 3119 3192 tenebrarum.
3150 3130 3285 3189 Cum
3312 3129 3553 3186 tenebrae
3573 3125 3921 3183 mortalitatis
3946 3124 4106 3194 hujus
4130 3137 4364 3191 corrup.

2749 3226 3025 3297 tionisque
3056 3222 3412 3285 transierint,
3465 3228 3593 3273 tunc
3624 3218 3732 3272 crit
3766 3230 3927 3270 mane
3957 3222 4204 3270 nostrum
4231 3252 4248 3279 ,
4290 3213 4361 3289 de

2747 3333 2857 3389 quo
2887 3317 2938 3377 in
2964 3315 3174 3387 psalmo
3200 3312 3437 3369 dicitur:
3469 3310 3630 3367 Mane
3652 3308 3835 3363 astabo
3859 3307 3953 3361 tibi
3974 3317 4020 3361 et
4049 3305 4251 3361 ridebo.
4286 3306 4364 3360 De

2745 3414 2848 3468 bac
2876 3404 3694 3479 contemplatione'intelligitur
3721 3403 3929 3458 dictum
3965 3418 4097 3456 cum
4119 3398 4363 3454 tradide-

2736 3504 2809 3557 rit
2840 3518 3055 3574 regnum
3081 3500 3195 3555 Deo
3219 3507 3267 3554 et
3300 3495 3490 3561 Patri,
3524 3496 3577 3550 id
3600 3502 3685 3551 est
3733 3509 3858 3550 cum
3878 3491 4207 3564 perduxerit
4232 3489 4361 3559 jus-

2744 3604 2861 3659 tos,
2894 3595 2947 3650 in
2977 3593 3179 3665 quibus
3208 3606 3353 3648 nunc
3379 3605 3448 3647 ex
3474 3588 3580 3645 ﬁde
3609 3587 3922 3644 viventibus
3967 3592 4159 3655 regnat
4187 3624 4203 3651 ,
4245 3600 4361 3638 nte-

2744 3687 2924 3741 diator
2955 3686 3051 3741 Dei
3082 3694 3137 3739 et
3175 3683 3460 3739 hominum
3491 3722 3506 3748 ,
3567 3680 3730 3736 homo
3774 3677 4027 3734 Christus
4069 3674 4230 3732 Jesns
4287 3675 4358 3731 ad

2742 3776 3269 3847 contemplationem
3304 3773 3400 3830 Dei
3434 3772 3633 3828 Patris.

2964 3883 3048 3923 lll.
3092 3883 3143 3922 IN
3176 3880 3435 3923 EPISTOLA
3466 3880 3533 3919 ΔΙ)
3572 3879 3787 3920 PETRI”!
3823 3875 4137 3917 IONkCllL'l-I.

3183 3957 3315 4029 (Ed.
3346 3957 3475 4013 tom.
3508 3956 3571 4023 Ι,
3599 3974 3723 4028 pag.
3752 3956 3903 4027 219.)

2814 4052 3013 4108 Paulus
3033 4052 3299 4125 gloriatur
3334 4045 3461 4121 quia
3514 4058 3600 4105 ter
3650 4050 3819 4120 virgis
3896 4063 4072 4104 caesus
4126 4054 4251 4113 est,
4297 4057 4356 4103 et

2740 4145 2868 4216 quia
2916 4144 3209 4216 quinquies
3260 4143 3645 4214 quadragenas
3707 4158 3815 4197 una
3875 4142 4057 4197 minus
4114 4140 4350 4212 accepit.

2740 4239 3085 4312 Praeceperat
3119 4238 3265 4295 enim
3314 4237 3527 4310 Moyses
3568 4243 3629 4291 ut
3672 4251 3834 4308 (ptem
3866 4236 4080 4305 iudices
4128 4235 4353 4307 dignum

2740 4332 2991 4388 viderent
3014 4331 3209 4403 plagis,
3237 4331 3522 4385 verberari
3546 4329 3794 4385 facerent
3814 4345 3913 4401 pro
3941 4344 4195 4386 mensura
4222 4346 4352 4400 pec-

2738 4422 2893 4488 cati,
2936 4422 3009 4476 ita
3072 4422 3337 4476 duntaxat
3390 4429 3450 4475 ut
3494 4419 3988 4491 quadragenarinm
4058 4435 4350 4475 numerum

2740 4528 2849 4568 non
2877 4512 3226 4569 excederent.
3257 4511 3742 4585 Quadragenarins
3766 4512 4038 4583 siquidem
4086 4528 4353 4570 numerus

1044 4591 1115 4649 sb
1132 4595 1429 4653 electorum
1449 4607 1598 4655 sorte
1623 4640 1639 4664 ,
1668 4600 2010 4670 exigentibus
2034 4616 2224 4658 eorum
2256 4605 2499 4671 meritis,
2525 4607 2635 4662 dis-
2662 4621 2715 4682 Ι)
2742 4606 2996 4662 humana:
3016 4606 3141 4663 vita:
3162 4604 3439 4678 significat
3459 4620 3683 4662 cursum
3711 4647 3725 4671 ,
3758 4606 3849 4677 qui
3875 4606 4125 4663 videlicet
4153 4622 4352 4664 numco

1048 4687 1213 4745 triaue
1230 4690 1539 4747 severitatis
1559 4692 1771 4765 jnstitia
1800 4693 2118 4765 repellebat.

1046 4800 1107 4856 II:
1143 4813 1195 4858 {ﬂ
1224 4815 1477 4858 ειηετοιιι
1506 4819 1577 4858 AD
1605 4820 1724 4860 ΑΒΕ.
1754 4820 2078 4863 θεειωειυωι
2106 4849 2120 4871 ,
2164 4824 2253 4864 UB!
2290 4824 2357 4863 υε
2404 4823 2640 4866 ΕΕΡΑΙΜ-

1463 4890 1632 4931 τιοκε-
1660 4891 1895 4932 ιἰιιοιηιε
1923 4893 2212 4934 ωερυτλτ.

1420 4962 1548 5033 (Ed.
1590 4975 1717 5021 tam.
1760 4964 1856 5021 111
1887 5007 1902 5031 ,
1942 4985 2062 5039 pag.
2103 4968 2256 5038 615.)

1109 5052 1243 5110 Cum
1294 5056 1569 5112 tradiderit
1620 5075 1839 5130 regnum
1873 5059 1980 5114 Deo
2029 5070 2078 5115 ct
2121 5058 2298 5117 Patri.
2344 5060 2637 5132 Hocjuxta

1045 5149 1192 5205 verbi
1220 5165 1414 5207 sonum
1443 5151 1843 5221 quodammodo
1884 5151 2197 5223 signiﬁcare
2224 5155 2456 5219 videtur,
2516 5162 2637 5211 tam-

1038 5256 1204 5315 quam
1256 5263 1484 5319 regnum
1536 5249 1708 5305 donec
1753 5248 1925 5305 Filius
1981 5260 2273 5316 tenuerat,
2324 5250 2483 5307 Pater
2526 5268 2634 5308 non

1042 5332 1271 5395 habebat
1296 5382 1311 5407 ,
1343 5348 1398 5397 et
1422 5355 1543 5397 cum
1575 5341 1721 5398 Patri
1754 5342 2033 5398 tradiderit
2059 5386 2073 5407 ,
2112 5344 2227 5415 ipse
2257 5358 2365 5399 non
2400 5352 2583 5399 teneat
2613 5363 2627 5411 ;

1044 5443 1163 5486 cum
1213 5434 1428 5491 tradere
1473 5449 1700 5507 regnum
1746 5437 1856 5493 Deo
1900 5435 2048 5491 Patri
2079 5478 2093 5500 ,
2138 5436 2273 5492 nihil
2319 5436 2464 5493 aliud
2510 5437 2631 5505 sit,

1040 5516 1190 5593 juxta
1222 5526 1463 5583 sobrium
1492 5520 1825 5583 intellectum
1849 5570 1863 5590 ,
1898 5528 1999 5583 nisi
2025 5528 2324 5598 perducere
2348 5533 2634 5586 credentes

1046 5610 1112 5697 ad
1137 5615 1605 5687 contemplandam
1630 5620 1867 5695 speciem
1892 5619 1984 5674 Dei
2016 5618 2231 5685 Patris;
2269 5627 2398 5675 tunc
2428 5620 2630 5691 quippe

1048 5701 1154 5762 Deo
1181 5708 1329 5766 Patri
1369 5728 1595 5785 regnum
1626 5730 1655 5767 a
1698 5716 1834 5770 Filio
1862 5715 2116 5779 traditur,
2140 5731 2265 5771 cum
2294 5731 2393 5787 per
2424 5716 2629 5771 Media-

1050 5804 1213 5855 torem
1239 5800 1332 5858 Dei
1359 5814 1411 5860 et
1440 5805 1717 5862 hominum
1776 5808 1827 5861 in
1878 5808 2396 5877 contemplationem
2429 5808 2627 5866 divini.

1050 5889 1170 5948 tatis
1193 5904 1407 5954 autemst
1441 5897 1679 5961 ﬁdelium
1711 5901 2000 5959 multitudo
2035 5900 2365 5959 transfertur
2391 5944 2407 5976 ,
2441 5901 2495 5959 id
2519 5911 2627 5973 est,

1316 6009 1568 6071 Parant.
1636 6011 1873 6077 CKU'.

2743 4717 2836 4755 rus
2863 4742 2877 4765 ,
2902 4702 3030 4756 dum
3061 4701 3186 4772 quis
3215 4699 3433 4771 vapulat
3456 4699 3647 4757 excedi
3678 4699 4024 4771 prohibetur,
4048 4700 4176 4772 quia
4198 4701 4345 4772 quis-

2740 4793 2864 4863 quis
2886 4793 2939 4847 in
2967 4794 3071 4848 hac
3098 4793 3210 4847 vita
3239 4791 3540 4862 perlectam
3566 4792 3745 4864 egerit
3772 4792 4184 4863 ptenitentiam,
4222 4793 4334 4849 nul-

2742 4886 2847 4941 lam
2880 4884 3224 4956 postmodum
3256 4899 3356 4955 pro
3385 4885 3498 4941 suis
3524 4884 3847 4943 excessibus
3864 4885 4069 4942 Sentiet
4099 4897 4345 4956 pinnam.

2739 4978 2912 5033 Porro
2965 4976 3239 5034 ternarias
3292 4982 3515 5049 propter
3572 4975 3892 5048 mysterium
3933 4982 4139 5032 sancte
4168 4974 4352 5031 Triui-

2740 5071 2871 5125 tatis
2916 5069 2982 5124 ad
3022 5068 3223 5136 tidem;
3268 5067 3553 5138 quinarius
3596 5078 3782 5124 autem
3828 5076 4054 5140 propter
4100 5066 4351 5140 quinque

2736 5172 2931 5214 sensus
2963 5170 3181 5215 nostros
3206 5158 3447 5230 pertinet
3462 5158 3543 5213 od
3570 5159 3950 5228 operationem
3976 5176 3990 5224 ;
4022 5159 4147 5229 quia
4192 5160 4347 5229 quis-

2736 5253 2860 5321 quis
2888 5265 3011 5306 cnm
3040 5259 3271 5320 peccat,
3305 5248 3387 5305 vel
3420 5258 3572 5305 errat
3605 5249 3660 5304 in
3704 5249 3811 5307 llde
3838 5292 3851 5316 ,
3880 5249 3966 5307 vel
3991 5250 4259 5321 delinquit
4291 5252 4346 5305 in

2736 5360 2939 5413 Opere,
2980 5343 3198 5415 dignum
3234 5341 3683 5411 lnit~utPaulnsL
3739 5342 3834 5413 qui
3886 5342 4177 5413 utrobique
4220 5357 4349 5411 pee-

2738 5445 2980 5501 caverat,
3012 5438 3079 5492 ad
3111 5434 3371 5507 perlecta:
3398 5435 3741 5506 purgationis
3759 5434 4003 5491 ofﬁcium
4047 5444 4129 5489 ter
4173 5432 4346 5504 virgis

2734 5542 2789 5586 et
2819 5530 3109 5600 quinquies
3137 5538 3394 5585 ureretur
3415 5529 3703 5585 verberum
3748 5526 4138 5599 quadragenis.
4186 5526 4345 5595 Quod

2736 5628 2917 5675 autem
2947 5620 3145 5676 dicitur
3166 5634 3285 5675 una
3309 5620 3493 5675 minus
3517 5661 3533 5685 ,
3557 5618 3675 5675 haec
3696 5628 3781 5675 est
3807 5617 3994 5691 procul
4016 5618 4182 5674 dubio
4205 5634 4347 5689 quo-

2732 5712 3216 5769 niam'Jndaeornm
3235 5712 3452 5782 iudices
3485 5728 3656 5768 unum
3688 5714 4050 5769 decreverunt
4080 5711 4248 5767 iclum
4273 5711 4344 5767 de

2730 5807 2802 5861 lt)
2832 5808 3115 5871 minuere,
3150 5815 3211 5862 ut
3244 5807 3374 5863 dum
3400 5808 3468 5863 ad
3500 5806 3726 5879 legalem
3755 5805 4025 5863 calculum
4074 5820 4180 5861 non
4213 5804 4345 5875 per.

2734 5901 3040 5975 ﬁngerent,
3094 5916 3220 5967 cum
3280 5910 3468 5958 contra
3520 5910 3849 5975 prmcrptum
3893 5899 4029 5964 legis
4073 5899 4342 5960 excedere

3968 6016 4049 6077 29
