5962 6492
1074 432 1184 486 939
2019 433 2514 492 C0l.l.ECT.\NE.~\
2555 440 2646 494 EX
2683 439 2862 498 NOVO
2903 442 3390 506 TESTAMENTO.
4247 459 4351 515 JiO

1070 556 1411 601 sacramenta
1447 548 1714 617 produxit,
1747 558 1804 602 ut
1846 563 2032 603 omnes
2062 551 2126 602 ad
2154 549 2378 620 gratiam
2401 550 2655 606 festinan-
2689 558 2730 611 Λ
2761 565 3018 623 verteret,
3053 570 3106 615 et
3131 563 3336 634 antiqui
3371 565 3565 633 piaculi
3600 578 3751 636 peste
3785 581 4099 640 corruptum
4131 591 4229 646 per
4258 591 4346 634 τε.

1073 648 1152 695 tes
1179 639 1441 706 ablueret,
1473 642 1793 697 fermentum
1827 653 1978 698 vetus
2003 642 2054 696 in
2088 644 2414 699 sinceritatis
2458 661 2648 716 azyma
2759 652 3124 715 generationis
3146 657 3373 721 gratiam
3404 659 3657 714 sarculum
3688 639 3986 717 inu‘bvaret.

1510 865 1609 923 DE
1648 863 2148 923 FBAGMENTO
2207 865 2306 923 ET
2373 861 2755 925 EPISTOLA
2819 867 3206 944 SEQUENTI
3269 875 3449 936 ΜΛΙΙ
3511 877 3910 940 MONlTUM.

1135 1111 1516 1194 Fragmentum
1543 1127 1760 1194 sequens
1789 1126 1893 1194 non
1929 1118 2095 1194 exstat
2128 1106 2430 1194 irrepistola
2461 1109 2526 1164 Β.
2553 1109 2703 1194 Petri
2734 1111 2983 1194 Damiani
3007 1117 3243 1194 Dedita_atl
3268 1119 3555 1194 llenrtcum
3585 1126 4025 1194 archiepiscopum
4068 1127 4348 1188 Rarenna-

1053 1192 1187 1263 rem,
1220 1179 1382 1268 neque
1408 1183 1461 1236 in
1477 1179 1730 1268 op‘usculto‘
1755 1181 1824 1233 ad
1851 1181 2112 1244 eumdem,
2143 1182 2245 1268 nisi
2275 1181 2412 1268 florte
2436 1199 2582 1268 meus
2616 1183 2875 1268 aberravit
2899 1185 3286 1268 σπάνι-δεινῶ
3299 1207 3432 1268 Ergo
3455 1193 3738 1248 rideturex
3761 1179 3870 1250 alia

1054 1249 1376 1334 epis-{olmad
1399 1249 2002 1334 euntdentnouanqugm
2031 1267 2150 1304 vero
2177 1249 2432 1333 lticlocus
2486 1252 2925 1334 adncollectanea
2980 1271 3046 1308 ea:
3097 1255 3247 1334 Notio
3298 1249 3626 1317 Teitamento
3673 1249 3928 1333 pertinere
3969 1249 4344 1334 lno—inv

1055 1319 1403 1410 νὶΙιὶΙρηιὶιξἸε
1448 1338 1480 1374 a
1515 1337 1595 1372 me
1622 1319 1840 1410 libcznter
1863 1320 2057 1410 editu‘r,
2091 1330 2200 1410 tum
2231 1321 2427 1399 quiain
2461 1322 2656 1410 ‘cotlice
2696 1325 3039 1410 continenter;
3057 1327 3226 1410 scribi.
3240 1346 3324 1393 ur,
3354 1340 3492 1410 tum.
3516 1335 3640 1402 quia
3673 1319 4104 1410 'doctrmantﬂde

1053 1390 1560 1468 c_ontiuet_idonear_n
1604 1388 1931 1468 explicanda:
2080 1388 2310 1468 doctoris
2361 1393 2652 1468 sententia',
2709 1408 2891 1468 quam_
2909 1395 2963 1447 in
3000 1395 3227 1451 Cononis
3273 1388 3591 1468 ea'positione
3623 1420 3765 1457 num.
3796 1404 3849 1466 2,

1055 1458 1256 1547 Petrus
1280 1459 1482 1547 Latii-ta:
1509 1456 1758 1547 'Ecclcsife
1784 1461 2091 1547 sententiam
2106 1460 2181 1547 [de
2205 1461 2407 1547 asytttis
2435 1471 2613 1513 tuetur
2640 1456 2891 1547 contrarG
2905 1480 3099 1547 ναυτοει
3112 1469 3209 1547 .qui
3243 1456 3348 1523 noti
3389 1456 3674 1547 dogmatis,
3691 1456 4062 1547 Δ81311γῦἰεῖὸῖέᾶ

1049 1529 1476 1608 controversista:
1491 1528 1874 1614 demonstrant2
1901 1530 2469 1614 errare.f_ermeittatunt
2491 1547 2680 1614 μηίυιρ
2711 1532 3022 1600 pra-ferunt.
3041 1528 3156 1614 llic
3179 1547 3353 1592 autem
3383 1528 3571 1595 Peli-us
3595 1528 3868 1614 utiiusque
3896 1528 4345 1614 specialia-larem

1050 1608 1200 1690 re‘cte
1263 1597 1472 1652 asserit.
1510 1596 1720 1690 —:-JNec
1749 1599 1956 1668 quidem
1986 1597 2047 1653 S.
2078 1596 2224 1651 l’etri
2252 1597 2502 1653 Damiaui
2527 1596 2595 1653 ad
2627 1596 2922 1655 Burconem
2970 1606 3213 1674 cpistola,
3261 1624 3420 1678 quant
3469 1596 3799 1681 subjicimus',
3837 1596 4079 1686 nihil?
4101 1596 4344 1690 operibus

1044 1667 1213 1721 editis
1244 1683 1496 1738 apparere
1519 1668 1741 1721 videtur.

1191 1801 1279 1856 DE
1301 1797 1768 1855 FERMENTATO
1787 1796 1880 1851 AN
1900 1795 2137 1853 POSSIT
2162 1796 2481 1854 OFFERRI.

1045 1891 1124 1945 In
1146 1891 1366 1962 epistola
1393 1891 1462 1944 ad
1489 1889 1776 1942 Henricum
1797 1887 2146 1942 Ravennatem
2176 1889 2643 1958 archiepiscoirum.

1132 1982 1285 2037 Sicut
1305 1981 1450 2036 enim
1478 1980 1612 2035 nihil
1640 1980 1865 2034 interest
1896 1979 1947 2033 in
1981 1979 2251 2034 sacriﬁcio
2293 1981 2477 2034 vinum
2510 1980 2644 2034 olfe-

1046 2088 1246 2127 ramus
1273 2088 1340 2127 an
1367 2079 1625 2134 mustum,
1656 2071 1730 2124 ita
1753 2077 1913 2140 prout
1948 2070 2080 2124 mihi
2120 2070 2335 2125 videtur
2385 2071 2526 2126 idem
2559 2080 2645 2127 est

1047 2162 1146 2217 vel
1191 2161 1572 2218 fermentatum
1605 2160 1800 2216 offerre
1835 2161 1918 2216 vel
1971 2177 2254 2233 azymum;
2295 2163 2452 2232 panis
2499 2163 2644 2218 enim

1042 2254 1319 2310 ille'vivus
1345 2255 1436 2324 qui
1459 2256 1524 2308 de
1546 2253 1684 2307 caelo
1715 2253 2241 2317 descendit,sicntse
2267 2269 2362 2323 per
2391 2253 2644 2308 frumenti

1043 2346 1310 2417 speciem.
1341 2348 1410 2399 ita
1445 2344 1796 2399 nihilominus
1817 2344 1986 2399 voluit
2015 2345 2178 2398 etiam
2215 2344 2524 2414 significare
2544 2361 2644 2415 per

1043 2437 1245 2491 vitem.
1289 2434 1432 2500 Nisi,
1499 2435 1691 2504 inquit,
1747 2449 1971 2504 granum
2041 2433 2290 2502 frumenti
2336 2434 2527 2488 cadens
2580 2435 2634 2486 in

1045 2539 1250 2581 terram
1288 2537 1551 2580 mortuum
1579 2526 1756 2594 fuerit,
1787 2525 1953 2592 ipsum
1994 2524 2164 2577 solum
2194 2533 2387 2578 manet.
2423 2524 2493 2578 Et
2521 2540 2637 2577 rur-

1045 2631 1187 2670 sus:
1214 2616 1324 2683 Ego
1341 2632 1455 2668 sunt
1481 2615 1592 2668 ritis
1630 2630 1769 2666 vera.
1797 2612 2043 2668 Sufﬁciat
2065 2629 2194 2682 ergo
2223 2614 2354 2668 mihi
2381 2613 2644 2668 duntaxat

1039 2703 1248 2759 olferrc
1276 2705 1357 2758 vel
1389 2705 1529 2775 quod
1555 2720 1621 2760 ex
1651 2705 1927 2758 frumento
1953 2704 2260 2768 conficitur,
2294 2704 2377 2758 vel
2408 2705 2548 2774 quod
2573 2721 2641 2758 ex

1041 2795 1164 2849 vite
1193 2794 1529 2863 producitur,
1559 2809 1659 2850 nec
1689 2794 1995 2848 incuriosus
2032 2795 2248 2864 inquiro
2271 2805 2453 2848 utrum
2483 2796 2640 2863 panis

1040 2885 1106 2935 in
1147 2898 1324 2938 massa
1351 2884 1554 2938 crudus
1580 2892 1827 2938 servatus
1877 2883 1949 2938 sit
1999 2899 2170 2952 usque
2224 2884 2353 2938 dum
2403 2885 2642 2952 potuerit

1042 2975 1392 3040 fermentari,
1419 2976 1502 3029 vel
1534 2976 1696 3030 etiam
1730 2983 1967 3028 mustum
1993 2989 2056 3029 eo
2084 2990 2254 3043 usque
2277 2976 2348 3029 sit
2377 2975 2431 3028 in
2466 2975 2637 3029 timua

1043 3067 1414 3132 reconditum,
1442 3068 1610 3122 donec
1642 3069 1695 3121 in
1735 3067 1843 3121 viui
1875 3067 2111 3137 potuerit
2144 3067 2378 3122 transire
2408 3068 2639 3123 vocabu-

2689 1805 2734 1865 B
2763 1816 2924 1870 equus
2949 1804 3231 1860 terribilem
3261 1806 3455 1863 habens
3475 1825 3748 1878 sessorem,
3779 1815 3988 1883 aptium
4011 1821 4344 1887 operimentis

2752 1891 3113 1961 adornatum;
3168 1897 3313 1968 isque
3366 1917 3484 1954 cum
3549 1904 3742 1973 impetu
3793 1904 4084 1963 Heliodoro
4139 1914 4341 1982 priores

2750 1985 2921 2039 calces
2965 1987 3123 2054 elisit,
3149 1992 3242 2061 qui
3262 2002 3437 2048 autem
3489 1995 3537 2049 ei
3574 1997 3831 2052 insidebat
3871 2002 4147 2058 videbatur
4187 2024 4340 2064 arma

2748 2074 2942 2130 habere
2966 2095 3154 2134 aurea.
3205 2081 3311 2136 Alii
3347 2084 3506 2138 etiam
3558 2101 3914 2157 apparuerunt
3957 2092 4061 2147 duo
4099 2095 4343 2165 juvenes,

2749 2165 2938 2220 virtute
2967 2169 3166 2236 decori,
3197 2173 3380 2242 Optimi
3406 2174 3596 2245 gloria,
3621 2180 3943 2251 speciosiquc
3977 2188 4207 2253 amictu;
4253 2209 4342 2261 (μη

2747 2258 3204 2316 circumsteterunt
3230 2281 3370 2332 eum,
3401 2276 3448 2320 et
3472 2283 3538 2321 ex
3561 2279 3781 2339 utraque
3804 2285 3956 2341 parte
3993 2258 4339 2347 ﬂagellabant

2745 2347 2858 2401 sine
2884 2349 3291 2418 intermissione,
3323 2355 3502 2410 multis
3529 2358 3700 2429 plagis
3752 2362 4096 2420 verberantes.
4154 2369 4341 2427 Subito

2748 2448 2923 2491 autem
2959 2439 3280 2499 Heliodorus
3325 2448 3551 2501 concidit
3579 2450 3634 2504 in
3676 2462 3871 2505 terram
3910 2471 4131 2527 eumque
4171 2464 4338 2517 multa

2745 2525 2970 2595 caligine
2988 2530 3367 2601 circumfusum
3397 2549 3704 2605 rapuerunt,
3736 2551 3889 2612 atque
3927 2545 3980 2597 in
4014 2525 4144 2600 sella
4164 2561 4338 2620 gesta-

2743 2617 2877 2670 toria
2908 2617 3206 2688 impositum
3237 2625 3521 2694 ejecerunt.

2815 2705 2968 2773 Quod
2991 2721 3172 2766 autem
3201 2730 3296 2784 per
3326 2719 3585 2787 reprobos
3634 2725 3797 2778 etiam
3853 2730 4080 2797 spiritus
4128 2732 4337 2807 ﬂagella

2743 2811 2840 2893 sua
2873 2800 3011 2856 Dens
3037 2805 3344 2862 hominibus
3370 2810 3590 2877 inferat,
3617 2813 3898 2886 Scriptura
3931 2825 4128 2893 sacpius
4157 2800 4337 2884 mani-

2739 2882 2934 2951 l'cstat;
2965 2905 3088 2944 nam
3119 2901 3172 2946 et
3202 2895 3425 2964 spiritus
3453 2900 3628 2958 malus
3649 2882 3832 2973 regem
3876 2882 4334 2983 Saul'invaserat,

2740 2977 2833 3065 qui
2875 2993 3076 3036 ve:auo
3101 2997 3224 3038 eum
3283 2985 3466 3045 furore
3499 2994 3760 3062 vexabat;
3795 3007 3848 3053 et
3903 2999 4070 3058 Satan
4117 2977 4336 3065 beatum

2738 3064 2839 3167 {ob
2867 3084 2972 3124 non
3010 3074 3185 3129 solum
3225 3076 3277 3130 in
3309 3094 3558 3150 corpore,
3595 3086 3687 3141 sed
3725 3097 3780 3142 ct
3805 3090 3856 3143 in
3883 3091 4116 3149 ﬁliorum
4141 3114 4336 3167 pereu-

1043 3159 1184 3213 lnm.
1217 3159 1325 3215 Sed
1374 3161 1498 3229 quia
1549 3160 1706 3214 nobis
1755 3160 1844 3214 hic
1875 3174 1979 3213 non
2015 3159 2193 3214 estde
2225 3160 2310 3215 his
2360 3161 2636 3230 disputare
2665 3189 2706 3248 η
2741 3156 2804 3211 lit
2845 3162 3104 3220 orbitate.
3140 3169 3358 3225 Dmmou
3387 3174 3552 3228 etiam
3603 3176 3946 3249 Asmodmus,
3979 3187 4119 3242 sicut
4143 3156 4337 3248 'saera:

1039 3249 1405 3318 propositum.
1434 3249 1548 3303 haec
1575 3248 1695 3302 aliis
1729 3247 2009 3302 tractanda
2041 3247 2416 3317 relinquimus.

1227 3337 1521 3394 BUCCONI
1549 3337 1725 3392 FlLlO
1751 3332 2124 3391 KARISSIMO
2149 3335 2444 3393 PETRUS.

1119 3427 1519 3484 Coasulendum
1544 3442 1631 3481 me
1653 3427 1808 3480 duxit
1833 3425 2052 3480 dilectio
2081 3433 2167 3479 tua
2196 3435 2377 3480 utrum
2405 3428 2529 3481 honi
2562 3444 2630 3482 an

1038 3519 1177 3575 mali
1201 3519 1376 3588 angeli
1408 3519 1514 3572 sint
1535 3533 1633 3588 per
1662 3533 1800 3587 quos
1825 3516 2171 3586 omnipotens
2214 3517 2356 3574 Deus
2409 3529 2631 3588 peccata

1038 3613 1476 3683 delinquentium
1503 3611 1681 3676 feriat,
1715 3620 1770 3666 et
1790 3612 1903 3665 sive
1929 3611 2228 3680 repentina:
2277 3613 2486 3675 mortis,
2518 3616 2632 3669 sive

1036 3701 1334 3770 cujuslibet
1366 3699 1642 3755 infortunii
1669 3700 1844 3755 soleat
1899 3701 2144 3770 irrogare
2173 3700 2491 3755 vindictam.
2549 3703 2630 3757 Ad

1035 3790 1188 3861 quod
1215 3788 1458 3859 profecto
1488 3787 1665 3844 facilis
1692 3795 1841 3859 patet
1863 3795 1918 3842 et
1943 3797 2128 3858 aperta
2161 3790 2468 3858 responsio;
2503 3807 2630 3845 nam

1037 3881 1086 3934 si
1118 3895 1272 3935 sacra
1299 3879 1580 3950 Scriptura
1607 3879 1895 3950 diligenter
1940 3879 2264 3943 attenditur,
2297 3895 2392 3948 per
2418 3890 2629 3934 utrum-

1035 3989 1150 4044 que
1177 3973 1514 4028 diversorum
1545 3972 1831 4043 spirituum
1861 3986 2030 4040 genus
2079 3971 2216 4026 ultio
2269 3969 2410 4036 ﬁeri,
2470 3980 2629 4042 prout

1037 4080 1289 4122 summus
1317 4065 1621 4120 decreverit
1647 4063 1886 4127 Arbiter,
1915 4063 2206 4118 invenitur.
2244 4063 2314 4118 Ut
2359 4073 2539 4118 autem
2573 4065 2626 4118 in

1036 4171 1100 4211 re
1126 4156 1406 4227 perspicua
1434 4156 1744 4211 succinctus
1777 4170 1957 4210 sermo
1991 4170 2094 4210 non
2137 4155 2360 4217 Intereat.
2391 4155 2625 4210 Sodoma

1033 4260 1139 4316 per
1192 4244 1365 4300 bonos
1419 4244 1644 4315 angelos
1691 4253 1774 4299 est
1805 4244 2096 4308 subversa;
2126 4260 2250 4298 nam
2303 4244 2345 4299 si
2395 4244 2628 4300 fuissent

1031 4335 1326 4391 contrarias
1353 4334 1720 4397 fortitudines.
1749 4349 1844 4388 eos
1874 4334 2068 4388 beatus
2103 4334 2244 4388 Loth
2275 4349 2373 4388 nec
2400 4335 2622 4389 adoras-

1033 4433 1140 4488 set,
1173 4438 1272 4479 nec
1297 4431 1626 4489 reverenter,
1660 4431 1717 4476 ut
1745 4421 1962 4492 legitur,
2004 4423 2234 4492 hospitio
2273 4424 2620 4493 suscepisset.

2738 3245 2978 3346 historia:
3011 3257 3182 3312 series
3205 3263 3421 3328 astruit,
3462 3275 3671 3336 septem
3729 3269 3880 3327 Sartc
3925 3245 4179 3346 llaguelis
4213 3285 4336 3339 lilia:

2735 3337 2880 3432 viros
2909 3343 3126 3399 occidit.
3171 3347 3324 3403 Unde
3371 3355 3634 3424 scriptum
3676 3368 3763 3413 est
3816 3364 3941 3432 quia
3999 3337 4216 3425 immisit

2734 3431 3284 3534 cos'indignationem,
3307 3452 3354 3494 et
3378 3443 3514 3498 iram
3545 3456 3592 3499 et
3623 3448 3970 3509 immissiones
3991 3475 4085 3525 per
4114 3466 4332 3534 angelos

2734 3520 2923 3575 malos.
2956 3523 3183 3582 Constat
3213 3544 3342 3601 ergo
3367 3535 3489 3602 quia
3517 3551 3614 3605 per
3652 3549 3933 3614 utrosque,
3964 3520 4135 3605 bonos
4181 3520 4330 3611 scili-

2732 4069 3029 4170 nipotentis
3084 4077 3336 4146 arbitrio,
3383 4087 3600 4154 quando
3647 4106 3747 4159 per
3784 4092 3976 4162 bonos,
4037 4105 4326 4170 quandove.

2729 4175 2825 4265 per
2851 4164 3022 4220 malos
3047 4169 3267 4240 angelos
3291 4172 3442 4229 ﬁant.
3474 4175 3608 4232 Nam
3646 4191 3704 4236 ut
3734 4199 3840 4239 non
3899 4204 3996 4257 per
4029 4164 4323 4268 longinqua

2729 4255 3048 4327 divagcmur
3069 4264 3344 4334 exempla:
3377 4267 3536 4323 beata
3568 4271 3782 4330 Czecilia
3825 4255 3950 4334 boni
4006 4255 4182 4353 angeli
4231 4255 4326 4344 est

2729 4350 3058 4445 comminata
3113 4354 3372 4421 furorem,
3407 4369 3461 4416 et
3498 4362 3655 4419 beata
3715 4379 3922 4441 martyr
3971 4350 4148 4445 Agnes
4192 4383 4322 4438 mali

2728 4440 2903 4535 angeli
2956 4441 3164 4535 factam,
3185 4449 3432 4516 perhibet
3462 4452 3742 4510 ultionem.
3777 4440 3868 4514 llla
3909 4440 4107 4535 quippe
4159 4470 4318 4527 Vale-

1032 4513 1284 4572 Obsecro.
1317 4513 1412 4574 ait,
1446 4512 1662 4576 domini,
1681 4511 2007 4565 declinatein
2037 4512 2248 4565 domum
2274 4512 2422 4579 pueri
2449 4512 2619 4576 vestri,
2655 4537 2702 4597 ῃ
2730 4529 2884 4584 rgano
2911 4545 3110 4600 sponso
3139 4511 3386 4592 ἀεξηηηιίε

1965 4512 2007 4614 ῖιξ
2037 4512 2248 4614 domuit1
2274 4512 2422 4579 Ρηενῖ
2449 4512 2619 4614 νεξινίν
2655 4537 2702 4597 ῃ
2730 4529 2884 4584 riano
2911 4545 3110 4600 sponso
3139 4534 3456 4594 denuntiat:
3485 4541 3748 4614 Angelum
3769 4547 3860 4603 Dei
3896 4511 4067 4607 h'ahtfo
4105 4511 4319 4614 ama-lo-

1032 4613 1083 4656 ct
1118 4611 1320 4658 manete
1359 4603 1448 4656 ibi.
1490 4601 1580 4655 llle
1603 4617 1819 4671 quoque
1848 4602 2094 4672 angelus,
2142 4603 2232 4672 qui
2285 4603 2620 4673 septuaginta

1032 4691 1206 4745 millia
1229 4690 1489 4752 virorum,
1524 4690 1689 4744 David
1715 4691 1970 4760 populum
2018 4701 2359 4756 numerante,
2393 4707 2621 4761 percus-

1030 4780 1126 4844 sit,
1158 4780 1342 4849 procul
1374 4781 1538 4834 dubio
1559 4781 1734 4835 boans
1765 4779 1879 4834 fuit.
1923 4782 1994 4835 De
2046 4797 2153 4848 quo
2205 4782 2488 4852 Scriptura
2535 4784 2616 4838 sic

1027 4867 1233 4924 refert:
1269 4868 1516 4938 Angelus.
1553 4869 1831 4939 inquiens,
1877 4870 2086 4924 Domini
2123 4875 2365 4942 prtrcepit
2403 4873 2519 4928 Call
2560 4885 2614 4927 ut

1031 4958 1227 5012 diceret
1265 4958 1456 5024 David,
1484 4969 1533 5013 et
1571 4960 1872 5014 ascenderet
1899 5001 1915 5026 ,
1963 4972 2254 5018 exstrueret
2285 4964 2455 5018 altare
2502 4966 2610 5018 Do-

1027 5048 1174 5101 mino
1199 5045 1304 5101 Deo
1335 5050 1390 5103 in
1416 5066 1538 5104 arca
1567 5049 1748 5104 Ornan
1774 5050 2026 5107 Jebustei.
2061 5053 2242 5124 Neque
2268 5057 2412 5110 enim
2443 5057 2615 5112 altare

1029 5134 1150 5189 ﬂeri
1194 5138 1512 5206 reprobatus
1566 5140 1791 5208 spiritus
1846 5140 2129 5213 Propheta:
2185 5146 2527 5215 prmeiperct,
2563 5159 2616 5201 et

1030 5223 1120 5279 iUe
1147 5224 1374 5281 devotus
1405 5229 1684 5283 humiliter
1713 5229 1979 5287 ohe-.liret.
2025 5235 2196 5288 Porro
2238 5248 2420 5292 autem
2453 5250 2506 5293 et
2539 5241 2613 5294 illi

1029 5313 1206 5383 angeli
1236 5316 1410 5370 sancti
1436 5328 1612 5382 erant,
1667 5321 1756 5389 qui
1811 5322 1954 5376 sicut
2001 5325 2053 5377 in
2115 5327 2351 5381 secundo
2402 5328 2614 5384 Macha-

1028 5401 1268 5460 ltatorum
1287 5405 1424 5461 libro
1438 5408 1633 5464 dicitur
1651 5429 1662 5462 :
1686 5409 2029 5468 Heliodorum
2047 5419 2184 5470 sacri
2197 5420 2373 5487 templi
2401 5421 2615 5475 molien-

1029 5501 1130 5546 tem
1155 5494 1364 5564 auferre
1386 5501 1633 5566 pecunias
1675 5516 2059 5570 percusserunt,
2111 5525 2330 5580 eumque
2368 5513 2614 5565 terribili-

1031 5581 1125 5634 bus
1153 5582 1319 5653 plagis
1349 5587 1594 5654 aﬁ'ectum
1647 5607 1708 5644 ac
1755 5595 1986 5647 cwcitate
2033 5596 2313 5651 multatum
2357 5610 2609 5669 tauquam

1031 5684 1294 5728 mortuum
1345 5679 1700 5733 reddiderunt.
1751 5683 1827 5738 De
1883 5686 2080 5753 quibus
2144 5689 2420 5753 nimirum,
2472 5693 2612 5748 sicut

1033 5760 1308 5835 Scriptura
1341 5772 1702 5841 prosequitur,
1732 5779 1977 5844 apparuit
2006 5779 2128 5844 illis,
2162 5781 2359 5850 inquit,
2391 5784 2604 5852 quidam

2731 4635 2868 4682 rem.
2897 4624 2987 4691 qui
3023 4625 3188 4679 nimio
3227 4629 3342 4683 zelo
3369 4634 3607 4688 custodit
3643 4650 3839 4706 corpus
3869 4655 4078 4708 meum;
4133 4647 4240 4714 hic,
4272 4655 4320 4705 si

2729 4713 2810 4766 vel
2841 4713 3030 4770 leviter
3057 4722 3289 4772 senserit
3317 4722 3458 4790 quod
3491 4730 3546 4777 tu
3596 4740 3682 4780 me
3731 4729 3936 4797 polluto
3973 4748 4157 4791 amore
4189 4754 4316 4794 σου⁴

2727 4808 2923 4878 tingas,
2973 4810 3156 4864 statim
3190 4811 3334 4866 circa
3368 4823 3418 4868 te
3465 4814 3704 4872 furorem
3758 4834 3914 4876 suum
3971 4828 4216 4897 exagitat
4264 4843 4320 4887 et

2723 4902 2939 4956 amittes
2969 4901 3155 4957 llorcm
3182 4903 3504 4971 gratiss’mtc
3533 4918 3636 4962 tute
3672 4909 3999 4980 juventutis.
4031 4916 4137 4972 Ista
4185 4937 4318 4976 vero

2722 4991 2849 5044 dicit
2880 4992 3134 5060 prml'eeto
3169 4993 3236 5048 de
3265 4993 3374 5049 lilio
3395 4996 3512 5064 ejus
3541 4997 3609 5052 ab
3638 4999 3826 5069 iniquo
3859 5003 4053 5072 spiritu
4111 5012 4308 5078 pr:cfu-

2720 5088 2878 5133 cato:
2912 5080 3000 5135 ille
3027 5082 3392 5152 inquit,cnjns
3423 5085 3753 5144 voluntatem
3789 5094 4002 5148 volebat
4029 5101 4314 5166 perlimrc,

2723 5170 2837 5262 ipse
2880 5171 2932 5224 iu
2973 5187 3094 5262 eum
3150 5183 3474 5241 potestatem
3532 5180 3762 5249 accepit.
3815 5182 4094 5240 Manifesta
4147 5192 4315 5262 igitur

2723 5260 2856 5315 Novi
2907 5277 2971 5316 ac
3016 5261 3225 5319 Veteris
3270 5266 3618 5323 lns:rnmeuti
3660 5276 3984 5329 auctoritate
4039 5260 4310 5351 colligitur

2719 5353 2862 5420 quod
2895 5353 3130 5409 vindicta
3157 5357 3352 5412 divina:
3380 5360 3867 5421 animadversionis
3894 5383 3999 5422 non
4032 5374 4190 5425 modo
4213 5390 4310 5442 per

2722 5443 2908 5507 malos.
2936 5444 3028 5500 sed
3063 5461 3158 5514 per
3190 5448 3358 5502 honos
3387 5451 3552 5504 etiam
3584 5454 3803 5524 angelos
3824 5458 4131 5513 exhibetur.
4173 5461 4306 5517 Nam

2716 5546 2768 5591 ct
2799 5535 3188 5605 paterfamilias
3218 5540 3485 5609 quispiam
3516 5554 3570 5597 et
3592 5544 3734 5599 feras
3764 5548 3906 5618 capit
3937 5560 3990 5603 et
4039 5551 4188 5608 fures
4208 5569 4305 5610 ex-

2718 5630 2886 5697 pt‘lili.
2913 5630 3200 5700 aliquando
3223 5649 3316 5702 per
3334 5635 3563 5698 catulos,
3595 5637 3887 5706 aliquando
3917 5657 4014 5710 per
4045 5645 4304 5700 dumcsti-

2716 5737 2807 5773 (‘05
2840 5737 3002 5775 Virlls.
