5962 6490
1110 390 1216 446 illi?

1115 526 2304 553 Μ..

2371 389 2783 445 TESTIMONIA
2825 390 3122 447 INDEGNA.

4286 405 4396 459 οη

3409 545 4387 574 -...-..-,,,-,,,-,-,,,,

2027 643 2382 704 ELOUIUM
2450 645 2554 705 DE
2618 649 2678 705 S.
2719 649 2983 710 PETRO
3048 652 3446 714 DAMIANO.

1179 805 1502 868 Bernartius,
1533 806 1638 858 sive
1687 805 1860 872 ;'o:ius
1906 804 2206 868 Bertoldus,
2245 805 2509 874 presbyter
2563 805 2700 859 Coa-
2732 814 2776 872 Α
2807 819 3158 872 (alimonium
3209 838 3325 890 τηρ,
3382 839 3409 876 χ
3459 829 3533 878 ,m

2037 804 2206 868 οίάιιει
2245 805 2509 874 presbyter
2563 805 2700 859 σου·
2732 814 2776 872 Α
2807 819 3158 872 testimonium
3209 838 3325 890 cap.
3382 839 3409 876 χ
3459 826 3542 878 sui
3593 823 3810 881 alterius
3857 827 3977 881 libri
4030 829 4391 894 Decretorum.

1102 896 1405 949 stantiensis
1430 936 1443 959 ,
1485 895 1538 948 in
1577 894 1707 947 libro
1765 895 1838 949 De
1867 894 2078 948 uitanda
2108 898 2685 949 excommunicatorum

1105 988 1490 1039 communione.

1139 1092 1142 1095 ·
1177 1075 1372 1130 Petrus
1401 1076 1669 1141 Damiani,
1702 1078 1802 1146 pia:
1835 1077 2131 1139 memoriae,
2166 1075 2456 1132 cardinalis
2484 1076 2691 1145 episeo-

1103 1181 1205 1235 pus
1236 1177 1439 1223 sancta:
1479 1168 1732 1224 Roman-.1:
1764 1168 2038 1234 Ecclesite,
2073 1185 2247 1223 Αιτειι
2280 1183 2613 1224 πιειιοιεγιιυε
2637 1185 2686 1222 IN

1102 1275 1314 1316 nosrno
1351 1277 1612 1316 Teneone.
1658 1261 1788 1315 Ilu'c
1830 1261 2154 1326 Bernartius,
2208 1263 2296 1332 qui
2350 1262 2485 1317 idem
2531 1263 2686 1334 afer:

1691 1554 1834 1641 DE
1912 1547 2283 1640 FESTO
2361 1549 2558 1636 DIE
2631 1549 2722 1638 S.

2803 913 2944 979 apud
2977 929 3069 966 nos
3099 930 3196 967 ms.
3239 911 3702 970 Eminentissimus
3730 935 3932 988 quoque
3962 921 4250 974 cardinalis
4287 920 4396 976 Ba-

2802 1004 2981 1056 ronius
3015 1005 3196 1057 eadem
3233 1017 3460 1060 reterum
3495 1008 3807 1076 scriptorum
3834 1011 4148 1063 auctoritate
4181 1012 4394 1076 ductus,

2797 1095 3060 1166 egregium
3089 1097 3327 1151 eumdem
3366 1108 3599 1152 nostrum
3639 1099 3902 1154 doctorem
3958 1101 4270 1157 comoellare
4305 1119 4396 1159 so-

2797 1188 2930 1243 lebat
2957 1190 3338 1263 Hieronymum
3371 1190 3666 1247 Juniorem.

2787 1550 3146 1637 PETRI
3231 1546 3792 1636 DAMIANI.

1917 1745 2152 1802 DOMINI
2193 1739 2657 1801 CONSTANTINI
2696 1746 3027 1802 CAIETAM
3084 1743 3552 1801 ΡΒᾸΞΜΟΝΙΤΙΟ.

2541 1934 2920 1953 *ιι-...-

1172 2047 1366 2102 Festus
1391 2047 1504 2101 dies
1533 2047 1704 2101 sancti
1728 2046 1875 2100 Petri
1905 2047 2147 2101 Damiaui
2181 2047 2246 2101 ab
2274 2047 2686 2102 immemorabili
2724 2055 2764 2113 Β
2793 2063 2898 2117 que
2931 2048 2981 2100 in
3012 2048 3223 2112 eodem,
3249 2048 3348 2102 sub
3396 2048 3584 2102 eadem
3633 2064 3738 2119 qua
3790 2064 3952 2118 supra
3997 2047 4083 2101 die
4126 2047 4380 2102 vicesima

1098 2149 1343 2209 tempore
1373 2140 1596 2194 solemni
1616 2143 1730 2195 ,ritu
1760 2140 2051 2209 quotannis
2092 2140 2399 2195 celebratur
2431 2150 2541 2196 tum
2584 2141 2689 2194 Ra-

1095 2249 1310 2296 vanum,
1347 2243 1457 2286 tum
1489 2248 1586 2303 per
1605 2248 1796 2287 omnes
1827 2234 1960 2288 alias
1992 2233 2267 2288 Flaminiae
2292 2235 2528 2304 regionis
2558 2235 2690 2290 civi-

1095 2333 1238 2378 tates
1290 2333 1346 2378 et
1398 2323 1512 2377 loca
1567 2339 1796 2393 quorum
1848 2323 2094 2378 ecclesire
2155 2324 2328 2379 eidem
2388 2325 2686 2382 Ravennati

1091 2416 1327 2471 subsunt
1381 2414 1815 2485 metropolikmo.
1866 2415 2019 2472 Unde
2077 2418 2369 2486 quotannis
2410 2419 2571 2471 etiam
2620 2420 2687 2473 ab

1091 2508 1407 2562 earumdem
1469 2509 1748 2563 civitatum
1809 2507 2127 2578 pnesulibus
2175 2509 2227 2562 in
2275 2508 2479 2563 Ordine
2517 2508 2683 2563 divini

1093 2596 1256 2652 allii-ii
1294 2598 1433 2668 typis
1465 2598 1751 2666 impresso,
1793 2599 1933 2652 inter
1961 2609 2176 2656 sanctos
2205 2599 2339 2652 alios
2382 2599 2686 2653 caelestium

1088 2692 1381 2761 Spirituum
1398 2691 1530 2745 Albo
1552 2692 1839 2760 ascriptos,
1865 2691 2054 2745 doctor
2077 2691 2215 2744 idem
2235 2691 2485 2760 egregius
2501 2705 2685 2744 recen-

1092 2792 1268 2838 sctur.
1325 2782 1392 2836 Et
1437 2782 1654 2850 quidem
1721 2784 1791 2835 ibi
1857 2783 1934 2836 sic
1983 2783 2250 2835 habetur:
2297 2781 2684 2835 Kalcndarium

1090 2884 1294 2927 sancta:
1326 2872 1741 2942 metropolitana:
1789 2873 2249 2941 archicpiscopalis
2298 2873 2527 2925 ecclesia:
2579 2871 2683 2924 Ra-

1089 2980 1294 3024 ecnnte,
1321 2963 1538 3033 ejusque
1570 2963 1802 3015 direcesis
1820 3002 1834 3021 .
1863 2961 2261 3014 eminentissimi
2285 2971 2332 3014 et
2364 2963 2682 3015 rererendis-

1085 3055 1211 3108 simi
1238 3054 1458 3118 domini,
1491 3053 1552 3106 υ.
1580 3053 1780 3124 Aloysii
1807 3051 1865 3122 S.
1890 3051 1951 3105 Β.
1983 3052 2048 3105 Ε.
2093 3053 2377 3106 cardinalis
2405 3052 2680 3122 Capponii,

1082 3144 1324 3214 ejusdem
1371 3157 1567 3198 sancta:
1622 3142 1936 3198 Ravennatis
1987 3143 2238 3197 Ecclesia:
2305 3143 2681 3211 archiepiscopi

1079 3237 1243 3309 jussu
1275 3237 1490 3288 editum.
1525 3236 1701 3304 Atque
1732 3237 1782 3288 in
1812 3235 2001 3290 eodem
2045 3235 2369 3290 Kalendario
2411 3235 2510 3290 sub
2540 3237 2680 3290 vice-

1085 3325 1231 3382 sima
1272 3329 1431 3381 tertia
1480 3326 1564 3387 die
1621 3326 1823 3381 mensis
1864 3326 2145 3380 Februarii
2200 3327 2270 3379 ita
2326 3327 2674 3382 decernitur:

2794 2141 2951 2195 tertia
2983 2140 3185 2200 mensis
3215 2139 3522 2204 Februarii,
3549 2141 3650 2195 hoc
3670 2139 3830 2194 etiam
3861 2137 4020 2194 modo
4044 2138 4385 2193 decernitur:

2793 2229 2936 2285 Petri
2967 2230 3216 2284 Damiani
3261 2231 3486 2299 episcopi
3531 2240 3580 2284 et
3629 2229 3968 2298 confessoris,
4009 2247 4068 2282 ac
4112 2228 4383 2283 Fauentia:

2788 2324 3115 2392 protectoris,
3149 2321 3356 2387 Duplex
3379 2321 3569 2390 majus.
3600 2320 3865 2374 Lectiones
3900 2322 4056 2390 primi
4093 2321 4333 2373 nocturni
4364 2333 4383 2371 :

2789 2413 2990 2468 Fidelis
3021 2428 3220 2468 sermo.
3261 2412 3489 2468 Secundi
3519 2429 3536 2466 :
3568 2412 3718 2467 Beati
3759 2412 3939 2466 Patris
4015 2411 4208 2468 Tertii:
4237 2412 4383 2482 Vigi-

2788 2505 2914 2570 late,
2941 2523 3059 2558 cum
3116 2505 3404 2560 ca'tcrisde
3433 2507 3698 2558 comnmni
3753 2505 4114 2573 confessorum
4162 2504 4379 2573 pontiﬁ~

2787 2614 2924 2651 cum.
2961 2595 3118 2650 Nona
3146 2596 3300 2650 lectio
3325 2595 3539 2650 homilia
3568 2605 3614 2650 et
3643 2597 4066 2650 commemoratio
4095 2595 4280 2664 ferite:
4316 2593 4384 2648 In

2788 2691 2950 2759 officio
2984 2689 3116 2743 nihil
3151 2688 3208 2758 fit
3235 2689 3298 2742 de
3321 2688 3496 2759 vigilia
3527 2689 3693 2742 sancti
3727 2686 3986 2741 Matthia'.
4021 2686 4178 2740 Color
4204 2685 4376 2740 albus.

2788 2781 2953 2835 Missa
2998 2799 3015 2835 :
3066 2781 3400 2837 Sacerdotes.
3446 2779 3694 2835 Secunda
3746 2780 3923 2833 oratio
3993 2779 4172 2848 ferite,
4225 2776 4379 2848 cujus

2784 2874 3108 2942 erangelium
3146 2874 3336 2942 legitur
3357 2873 3409 2925 in
3449 2872 3574 2939 ﬁne.
3607 2870 3803 2933 Ter.'ia,
3853 2871 3916 2923 de
3967 2869 4144 2939 vigilia
4195 2867 4380 2922 Sancti

2787 2967 3026 3020 llattltite
3054 2966 3299 3034 prirfatio
3338 2962 3797 3032 Quadragesimal.
3843 2962 3904 3016 In
3935 2962 4178 3015 secundis
4204 2977 4379 3029 cespe-

2785 3056 2859 3108 ris
2889 3054 3315 3108 commemoratio
3361 3053 3527 3123 ferite.
3565 3051 3652 3106 Fit
3678 3052 3938 3122 processio
3965 3053 4017 3106 in
4058 3053 4264 3105 civitate
4309 3067 4375 3104 ea:

2783 3155 2920 3200 i-oto.
2959 3146 3082 3201 llaec
3107 3163 3170 3201 ex
3207 3146 3523 3200 Ravennate
3561 3156 3616 3200 et
3653 3145 3952 3199 Faventina
3999 3145 4275 3208 Ecclesiis,
4316 3154 4378 3197 ut

2782 3250 2835 3291 ct
2865 3240 2915 3292 in
2940 3239 3153 3292 caeteris
3185 3237 3425 3306 ejusdem
3469 3237 3762 3306 provincia:
3796 3236 4148 3299 ecclesiarum
4179 3234 4376 3289 Kalen-

2782 3331 2970 3393 dariis,
2996 3345 3117 3399 quae
3171 3345 3269 3384 nos
3319 3329 3599 3384 brevitatis
3633 3344 3795 3383 causa
3827 3344 3970 3382 nunc
4003 3327 4373 3397 prmterimus,

1085 3413 1240 3469 Petri
1267 3414 2171 3484 Damianiepisropietconfessoris
2211 3415 2543 3482 Ravennatis,
2575 3418 2677 3469 du-
2709 3408 2752 3467 C
2785 3421 2850 3476 de
2903 3421 3100 3476 divinis
3150 3420 3444 3475 honoribus
3500 3431 3607 3474 tam
3664 3420 3716 3473 in
3769 3419 3946 3474 omcio
4002 3418 4377 3474 ecclesiastico

1081 3506 1227 3576 pler,
1257 3506 1356 3575 fuit
1404 3507 1536 3562 heri.
1586 3505 1650 3559 In
1699 3507 1868 3576 primo
1919 3517 2195 3572 nocturno,
2247 3506 2572 3571 Laudemus,
2605 3505 2672 3562 In

1080 3595 1314 3648 secundo
1345 3605 1621 3655 nocturno,
1649 3595 1796 3648 Beati
1828 3596 2038 3657 Patris,
2068 3605 2121 3648 ut
2159 3595 2212 3648 in
2243 3593 2520 3648 Communi
2549 3613 2672 3650 con-

1078 3687 1342 3757 fessorum
1365 3685 1692 3755 pontiﬁcum.
1735 3684 1800 3740 In
1832 3687 1983 3739 tertio
2027 3698 2302 3751 nocturno,
2340 3686 2588 3756 Vigilate,
2614 3696 2670 3738 ut

1078 3777 1138 3828 iu
1173 3776 1352 3828 eodem
1385 3775 1701 3839 Communi,
1757 3791 1894 3828 nona
1939 3774 2110 3837 lectio,
2154 3785 2201 3828 et
2243 3777 2667 3829 commemoratio

1079 3870 1253 3938 fi'ria'.
1282 3866 1466 3922 Oratio
1489 3884 1584 3938 pro
1618 3877 1798 3922 sancto
1829 3882 1849 3922 :
1879 3867 2084 3921 Exaudi
2115 3884 2134 3922 :
2178 3865 2412 3937 Vespera?
2441 3867 2505 3922 de
2531 3885 2667 3936 pra:-

1079 3960 1303 4023 ceilenti,
1344 3960 1761 4014 comnientormio
1799 3959 2077 4028 sequentis.
2113 3957 2208 4013 llis
2234 3958 2443 4013 accedit
2471 3957 2670 4012 Kalen-

1079 4051 1293 4104 ilarium
1320 4050 1630 4106 Faventinus
1658 4051 1930 4113 Ecclesia,
1961 4051 2064 4107 sub
2097 4052 2246 4106 hisee
2266 4052 2445 4106 verbis
2479 4071 2490 4106 :
2527 4051 2672 4108 Ordo

1081 4140 1250 4198 divini
1282 4141 1437 4210 oﬂicii
1475 4142 1756 4204 recitandi,
1785 4142 2075 4211 missasque
2103 4141 2397 4196 celebrandi
2411 4142 2568 4211 juxta
2601 4144 2672 4195 ri-

1080 4237 1196 4282 tum
1260 4227 1514 4282 Breriarii
1569 4238 1616 4282 et
1666 4227 1900 4283 llissalis
1953 4228 2197 4294 Romani,
2239 4232 2294 4284 in
2345 4230 2581 4286 Ecclesia
2623 4243 2669 4286 et

1081 4317 1294 4372 d'atcesi
1348 4316 1668 4384 Faventino,
1707 4320 2102 4374 eminentissimi
2153 4321 2354 4394 domini
2388 4321 2453 4375 D.
2491 4320 2671 4375 Fran-

1078 4410 1227 4466 cisci.
1259 4406 1318 4461 S.
1380 4407 1445 4460 ll.
1497 4407 1560 4461 Ε.
1620 4409 1906 4479 presbyteri
1961 4410 2270 4474 cardinalis,
2317 4412 2457 4464 tituli
2495 4413 2666 4465 sancti

1079 4497 1345 4566 illarcclii,
1376 4500 1610 4568 ejusdem
1637 4499 1861 4553 ciritais
1893 4500 2118 4570 episcOpi
2145 4502 2302 4571 jussu
2326 4501 2513 4554 editus.
2562 4502 2662 4555 At-

2781 3527 2943 3580 quam
2991 3521 3342 3566 sacrosancto
3368 3511 3547 3564 missa:
3597 3509 3864 3564 sacriﬁcio
3913 3509 4074 3565 Petro
4125 3509 4374 3563 Damiani

2782 3603 2925 3655 ultro
2953 3601 3228 3666 exhibitis,
3248 3616 3275 3654 a
3297 3610 3539 3668 tempore.
3561 3598 3713 3666 cuius
3741 3600 4002 3654 memoria
4031 3615 4138 3654 non
4165 3606 4366 3654 exstat.

2778 3694 2931 3758 Quod
2970 3707 3075 3746 non
3117 3692 3234 3746 sine
3256 3693 3578 3746 auctoritate
3610 3690 3837 3746 Romani
3864 3690 4135 3759 pontiﬁcis
4163 3690 4368 3744 factum

2776 3783 2943 3836 f'u'sse
2969 3781 3114 3835 nullo
3141 3791 3298 3852 pacto
3324 3782 3558 3836 dubitari
3583 3781 3904 3850 potest.Qua
3935 3781 4000 3836 dc
4032 3796 4088 3836 re
4111 3781 4366 3835 eumdem

2776 3871 2996 3925 Petrum
3042 3871 3288 3925 Damiani
3313 3872 3381 3926 ab
3412 3871 3600 3926 eodem
3649 3869 3897 3927 Romano
3925 3871 4180 3942 pontiﬁce
4210 3885 4342 3924 sane

2779 3975 2957 4020 torum
2983 3981 3209 4022 numero
3238 3967 3532 4034 ascriptum
3561 3965 3834 4020 exstitisse
3867 3974 3980 4018 tum
4021 3980 4085 4018 ex
4131 3965 4213 4018 bis
4242 3978 4366 4036 qua:

2775 4061 2934 4116 modo
2969 4060 3226 4122 diximus,
3257 4069 3367 4112 tum
3401 4073 3464 4113 ex
3500 4057 3621 4112 aliis
3647 4074 3768 4128 quae
3795 4067 3940 4113 l0|ll0
3974 4057 4134 4112 tertio
4159 4059 4362 4128 egregii

2771 4153 3012 4221 ejusdem
3045 4152 3284 4208 doctoris
3323 4151 3560 4222 Operum
3592 4151 3991 4222 praelibauiums
4017 4195 4030 4214 ,
4068 4161 4179 4205 tum
4213 4153 4366 4206 deuio

2771 4259 2876 4314 que
2901 4260 2965 4299 ex
2994 4245 3177 4299 multis
3205 4245 3325 4300 aliis
3350 4245 3685 4314 argumentis
3729 4259 3848 4312 quce
3880 4242 3932 4296 in
3969 4244 4214 4298 eamdem
4246 4260 4358 4298 rem

2775 4338 3046 4392 adducere
3075 4353 3382 4406 possumus,
3420 4336 3541 4405 jure
3580 4336 3804 4404 optimo,
3853 4344 3908 4387 ut
3941 4333 4363 4397 concludamus,

2772 4444 2952 4499 operae
2977 4431 3207 4499 pretium
3235 4438 3336 4482 est.

1082 4655 2831 4686 __________.______________.______..A_

2039 4770 2787 4871 TESTIMONIA
2851 4777 3361 4866 INDIGNA

1074 4983 1164 5043 De
1201 4978 1512 5042 laudabili
1535 4980 1598 5041 S.
1633 4978 1811 5038 Ριινί
1848 4978 2139 5037 Damiani
2173 4976 2445 5054 Operam
2502 4973 2948 5111 dcfutiqattione
3003 4992 3039 5033 a
3078 4971 3304 5033 domno
3343 4971 3756 5033 Constantino
3794 4972 4086 5051 Ciq‘etano
4139 4969 4357 5034 abbate

2555 5071 2712 5111 nraes
2749 5071 2764 5111 t
2801 5072 2859 5111 a.

2552 5071 2859 5132 praesma.

1145 5335 1327 5392 Caesar
1353 5334 1615 5389 Baronius
1660 5334 1922 5403 presbyter
1948 5331 2232 5386 cardinalis
2270 5332 2349 5384 tit.
2384 5329 2484 5385 SS.
2510 5346 2654 5383 mar-
2687 5331 2735 5390 ι)
2761 5328 3010 5397 εςθιηριο
3045 5327 3304 5397 verbique
3358 5328 3744 5398 pnedicatione
3788 5339 3841 5382 et
3894 5330 4133 5399 scriptis,
4176 5331 4352 5392 exsico

1074 5437 1252 5498 turum
1280 5423 1442 5479 Nerei
1462 5435 1510 5479 et
1539 5425 1780 5497 Achillei,
1816 5425 1954 5479 sedis
1984 5423 2284 5492 apostolica
2324 5421 2657 5476 bibliotheca-

1069 5535 1100 5574 r
1124 5534 1209 5580 us,
1237 5528 1376 5572 tomo
1403 5516 1488 5571 XI
1513 5515 1706 5572 Annal.
1729 5517 2013 5573 ecclesiast.
2047 5517 2116 5570 ad
2141 5535 2230 5571 an.
2264 5515 2388 5570 Chr.
2427 5514 2581 5571 1072.

1149 5611 1240 5668 Sic
1266 5612 1407 5668 Deus
1441 5614 1491 5668 in
1515 5613 1619 5668 hoc
1649 5612 2079 5684 deplomtissimo
2127 5613 2342 5679 seculo,
2388 5629 2508 5666 cum
2560 5628 2653 5667 cx-

1064 5704 1331 5761 Crevisset
1357 5707 1424 5761 ad
1453 5705 1754 5780 Ecclesium
1781 5708 2112 5765 obruendam
2147 5709 2402 5765 diluvium
2433 5708 2614 5762 carnis
2635 5748 2648 5766 .

1066 5793 1218 5852 dedit
1258 5795 1458 5852 mundo
1488 5805 1698 5857 tantum
1744 5799 1940 5864 virum,
1974 5801 2064 5872 qui
2106 5801 2491 5857 austerissima:
2530 5801 2653 5856 vita:

2764 5425 2916 5472 caret
2987 5426 3192 5472 tantam
3261 5421 3640 5488 putredinem,
3706 5421 4020 5491 pariterque
4080 5432 4348 5492 pugnaret

2764 5511 3025 5565 adversus
3067 5510 3416 5570 simoniacam
3467 5510 3735 5576 hteresim,
3776 5528 3896 5582 qme
3953 5512 4160 5586 ubique.
4205 5513 4352 5568 loco-

2761 5618 2879 5656 rum
2928 5601 3279 5672 grassabatur
3323 5603 3557 5672 impune.
3599 5602 3750 5670 Quod
3791 5611 3969 5658 autem
4022 5605 4252 5672 pertinet
4281 5607 4351 5660 ad

2759 5693 2958 5763 scripta
2989 5733 3003 5758 ,
3037 5695 3121 5748 hic
3148 5708 3211 5749 ea
3240 5702 3432 5750 cuncta
3479 5708 3762 5750 recensere
3809 5711 3913 5750 non
3968 5694 4344 5758 immoramur,

2757 5801 2877 5840 cum
2942 5786 3100 5842 modo
3159 5779 3342 5859 (l604i)
3403 5787 3542 5857 apud
3593 5804 3708 5854 nos,
3765 5789 4018 5846 mandato
4047 5785 4350 5846 beatissimi
