  <div class='ocr_page' id='page_1' title='image "/cluster/home/n/w/nwhite01/storage/ocr_20150623/144-145/uc1.31175001639262/998.png"; bbox 0 0 5962 6434; ppageno 0'>
   <div class='ocr_carea' id='block_1_1' title="bbox 1059 409 1170 470">
    <p class='ocr_par' dir='ltr' id='par_1_1' title="bbox 1059 409 1170 470">
     <span class='ocr_line' id='line_1_1' title="bbox 1059 409 1170 470; baseline -0.063 0"><span class='ocrx_word' id='word_1_1' title='bbox 1059 409 1170 470; x_wconf 69' lang='grc' dir='ltr'><strong>ΟΠ</strong></span> 
     </span>
    </p>
   </div>
   <div class='ocr_carea' id='block_1_2' title="bbox 2315 381 3090 450">
    <p class='ocr_par' dir='ltr' id='par_1_2' title="bbox 2315 381 3090 450">
     <span class='ocr_line' id='line_1_2' title="bbox 2315 381 3090 450; baseline -0.015 -2"><span class='ocrx_word' id='word_1_2' title='bbox 2315 388 2624 450; x_wconf 65' lang='lat' dir='ltr'><strong>CARSIIXA</strong></span> <span class='ocrx_word' id='word_1_3' title='bbox 2671 387 2759 444; x_wconf 82' lang='grc' dir='ltr'><strong>ΕΤ</strong></span> <span class='ocrx_word' id='word_1_4' title='bbox 2800 381 3090 441; x_wconf 71' lang='grc' dir='ltr'><strong>Ριιεεεε.</strong></span> 
     </span>
    </p>
   </div>
   <div class='ocr_carea' id='block_1_3' title="bbox 4254 367 4360 425">
    <p class='ocr_par' dir='ltr' id='par_1_3' title="bbox 4254 367 4360 425">
     <span class='ocr_line' id='line_1_3' title="bbox 4254 367 4360 425; baseline 0 0"><span class='ocrx_word' id='word_1_5' title='bbox 4254 367 4360 425; x_wconf 74' lang='grc'><strong>918</strong></span> 
     </span>
    </p>
   </div>
   <div class='ocr_carea' id='block_1_4' title="bbox 1063 481 4360 590">
    <p class='ocr_par' dir='ltr' id='par_1_4' title="bbox 1063 481 4360 590">
     <span class='ocr_line' id='line_1_4' title="bbox 1063 481 4360 590; baseline -0.014 -8"><span class='ocrx_word' id='word_1_6' title='bbox 1063 526 1171 582; x_wconf 84' lang='lat' dir='ltr'><strong>bus</strong></span> <span class='ocrx_word' id='word_1_7' title='bbox 1194 562 1210 588; x_wconf 93' lang='lat'><strong>,</strong></span> <span class='ocrx_word' id='word_1_8' title='bbox 1245 505 1492 577; x_wconf 77' lang='lat' dir='ltr'><strong>homines</strong></span> <span class='ocrx_word' id='word_1_9' title='bbox 1540 532 1634 590; x_wconf 85' lang='lat' dir='ltr'><strong>per</strong></span> <span class='ocrx_word' id='word_1_10' title='bbox 1675 529 1774 570; x_wconf 80' lang='lat' dir='ltr'><strong>nos</strong></span> <span class='ocrx_word' id='word_1_11' title='bbox 1807 510 2082 577; x_wconf 89' lang='lat' dir='ltr'><strong>fruuntur)</strong></span> <span class='ocrx_word' id='word_1_12' title='bbox 2113 523 2276 580; x_wconf 93' lang='lat' dir='ltr'><strong>quam</strong></span> <span class='ocrx_word' id='word_1_13' title='bbox 2318 522 2382 563; x_wconf 81' lang='lat' dir='ltr'><strong>ex</strong></span> <span class='ocrx_word' id='word_1_14' title='bbox 2424 506 2549 561; x_wconf 71' lang='lat' dir='ltr'><strong>vita:</strong></span> <span class='ocrx_word' id='word_1_15' title='bbox 2590 519 2652 558; x_wconf 89' lang='lat' dir='ltr'><strong>ac</strong></span> <span class='ocrx_word' id='word_1_16' title='bbox 2684 511 2729 568; x_wconf 85' lang='grc' dir='ltr'><strong>Α</strong></span> <span class='ocrx_word' id='word_1_17' title='bbox 2759 501 2917 566; x_wconf 92' lang='lat' dir='ltr'><strong>duco,</strong></span> <span class='ocrx_word' id='word_1_18' title='bbox 2944 495 3374 571; x_wconf 83' lang='lat' dir='ltr'><strong>possintaddere</strong></span> <span class='ocrx_word' id='word_1_19' title='bbox 3401 492 3569 557; x_wconf 84' lang='lat' dir='ltr'><strong>faces,</strong></span> <span class='ocrx_word' id='word_1_20' title='bbox 3601 499 3660 545; x_wconf 95' lang='lat' dir='ltr'><strong>ut</strong></span> <span class='ocrx_word' id='word_1_21' title='bbox 3689 489 3761 544; x_wconf 91' lang='lat' dir='ltr'><strong>ita</strong></span> <span class='ocrx_word' id='word_1_22' title='bbox 3784 487 3962 543; x_wconf 84' lang='lat' dir='ltr'><strong>dicam</strong></span> <span class='ocrx_word' id='word_1_23' title='bbox 3991 527 4004 549; x_wconf 91' lang='lat'><strong>,</strong></span> <span class='ocrx_word' id='word_1_24' title='bbox 4033 493 4087 540; x_wconf 86' lang='lat' dir='ltr'><strong>et</strong></span> <span class='ocrx_word' id='word_1_25' title='bbox 4111 481 4360 538; x_wconf 88' lang='lat' dir='ltr'><strong>stimulos</strong></span> 
     </span>
    </p>
   </div>
   <div class='ocr_carea' id='block_1_5' title="bbox 1065 597 2656 684">
    <p class='ocr_par' dir='ltr' id='par_1_5' title="bbox 1065 597 2656 684">
     <span class='ocr_line' id='line_1_5' title="bbox 1065 597 2656 684; baseline -0.015 -8"><span class='ocrx_word' id='word_1_26' title='bbox 1065 630 1254 676; x_wconf 82' lang='lat' dir='ltr'><strong>rerum</strong></span> <span class='ocrx_word' id='word_1_27' title='bbox 1303 621 1579 684; x_wconf 89' lang='lat' dir='ltr'><strong>gestarum</strong></span> <span class='ocrx_word' id='word_1_28' title='bbox 1621 607 1895 679; x_wconf 81' lang='lat' dir='ltr'><strong>praeclaris</strong></span> <span class='ocrx_word' id='word_1_29' title='bbox 1934 603 2267 661; x_wconf 77' lang='lat' dir='ltr'><strong>facinoribus</strong></span> <span class='ocrx_word' id='word_1_30' title='bbox 2297 641 2311 667; x_wconf 96' lang='lat'><strong>,</strong></span> <span class='ocrx_word' id='word_1_31' title='bbox 2356 608 2485 656; x_wconf 78' lang='lat' dir='ltr'><strong>nota</strong></span> <span class='ocrx_word' id='word_1_32' title='bbox 2523 597 2656 652; x_wconf 90' lang='lat' dir='ltr'><strong>satis</strong></span> 
     </span>
    </p>
   </div>
   <div class='ocr_carea' id='block_1_6' title="bbox 1065 688 2657 774">
    <p class='ocr_par' dir='ltr' id='par_1_6' title="bbox 1065 688 2657 774">
     <span class='ocr_line' id='line_1_6' title="bbox 1065 688 2657 774; baseline -0.015 -8"><span class='ocrx_word' id='word_1_33' title='bbox 1065 723 1135 766; x_wconf 78' lang='lat' dir='ltr'><strong>ac</strong></span> <span class='ocrx_word' id='word_1_34' title='bbox 1166 715 1363 764; x_wconf 59' lang='lat' dir='ltr'><strong>testata</strong></span> <span class='ocrx_word' id='word_1_35' title='bbox 1403 702 1635 774; x_wconf 83' lang='lat' dir='ltr'><strong>posteris</strong></span> <span class='ocrx_word' id='word_1_36' title='bbox 1680 706 2092 762; x_wconf 83' lang='lat' dir='ltr'><strong>remanserunt;</strong></span> <span class='ocrx_word' id='word_1_37' title='bbox 2145 695 2279 748; x_wconf 90' lang='lat' dir='ltr'><strong>adeo</strong></span> <span class='ocrx_word' id='word_1_38' title='bbox 2319 702 2378 747; x_wconf 92' lang='lat' dir='ltr'><strong>ut</strong></span> <span class='ocrx_word' id='word_1_39' title='bbox 2421 692 2488 746; x_wconf 88' lang='lat' dir='ltr'><strong>ab</strong></span> <span class='ocrx_word' id='word_1_40' title='bbox 2537 688 2657 744; x_wconf 84' lang='lat' dir='ltr'><strong>illu-</strong></span> 
     </span>
    </p>
   </div>
   <div class='ocr_carea' id='block_1_7' title="bbox 1068 781 2658 865">
    <p class='ocr_par' dir='ltr' id='par_1_7' title="bbox 1068 781 2658 865">
     <span class='ocr_line' id='line_1_7' title="bbox 1068 781 2658 865; baseline -0.016 -7"><span class='ocrx_word' id='word_1_41' title='bbox 1068 801 1274 858; x_wconf 83' lang='lat' dir='ltr'><strong>stribus</strong></span> <span class='ocrx_word' id='word_1_42' title='bbox 1335 797 1454 865; x_wconf 80' lang='lat' dir='ltr'><strong>ejus</strong></span> <span class='ocrx_word' id='word_1_43' title='bbox 1503 793 1761 862; x_wconf 88' lang='lat' dir='ltr'><strong>temporis</strong></span> <span class='ocrx_word' id='word_1_44' title='bbox 1814 805 1990 846; x_wconf 76' lang='lat' dir='ltr'><strong>ALTER</strong></span> <span class='ocrx_word' id='word_1_45' title='bbox 2049 787 2397 842; x_wconf 75' lang='lat' dir='ltr'><strong>lltenonvnus</strong></span> <span class='ocrx_word' id='word_1_46' title='bbox 2461 781 2658 835; x_wconf 90' lang='lat' dir='ltr'><strong>merito</strong></span> 
     </span>
    </p>
   </div>
   <div class='ocr_carea' id='block_1_8' title="bbox 1069 871 2659 945">
    <p class='ocr_par' dir='ltr' id='par_1_8' title="bbox 1069 871 2659 945">
     <span class='ocr_line' id='line_1_8' title="bbox 1069 871 2659 945; baseline -0.013 -1"><span class='ocrx_word' id='word_1_47' title='bbox 1069 891 1249 945; x_wconf 88' lang='lat' dir='ltr'><strong>dictus</strong></span> <span class='ocrx_word' id='word_1_48' title='bbox 1273 885 1455 940; x_wconf 88' lang='lat' dir='ltr'><strong>fuerit.</strong></span> <span class='ocrx_word' id='word_1_49' title='bbox 1491 881 1756 937; x_wconf 83' lang='lat' dir='ltr'><strong>Nimirum</strong></span> <span class='ocrx_word' id='word_1_50' title='bbox 1782 882 1868 934; x_wconf 89' lang='lat' dir='ltr'><strong>vir</strong></span> <span class='ocrx_word' id='word_1_51' title='bbox 1889 876 2268 935; x_wconf 89' lang='lat' dir='ltr'><strong>sanctissimus</strong></span> <span class='ocrx_word' id='word_1_52' title='bbox 2293 889 2398 929; x_wconf 92' lang='lat' dir='ltr'><strong>non</strong></span> <span class='ocrx_word' id='word_1_53' title='bbox 2429 871 2659 941; x_wconf 86' lang='lat' dir='ltr'><strong>degene-</strong></span> 
     </span>
    </p>
   </div>
   <div class='ocr_carea' id='block_1_9' title="bbox 1071 959 2660 1043">
    <p class='ocr_par' dir='ltr' id='par_1_9' title="bbox 1071 959 2660 1043">
     <span class='ocr_line' id='line_1_9' title="bbox 1071 959 2660 1043; baseline -0.012 -11"><span class='ocrx_word' id='word_1_54' title='bbox 1071 977 1214 1032; x_wconf 87' lang='lat' dir='ltr'><strong>ravit</strong></span> <span class='ocrx_word' id='word_1_55' title='bbox 1249 991 1278 1029; x_wconf 91' lang='lat' dir='ltr'><strong>a</strong></span> <span class='ocrx_word' id='word_1_56' title='bbox 1313 973 1610 1043; x_wconf 82' lang='lat' dir='ltr'><strong>majoribus</strong></span> <span class='ocrx_word' id='word_1_57' title='bbox 1632 971 1745 1027; x_wconf 87' lang='lat' dir='ltr'><strong>suis</strong></span> <span class='ocrx_word' id='word_1_58' title='bbox 1775 969 1863 1042; x_wconf 90' lang='lat' dir='ltr'><strong>(de</strong></span> <span class='ocrx_word' id='word_1_59' title='bbox 1883 967 2088 1023; x_wconf 87' lang='lat' dir='ltr'><strong>ordinis</strong></span> <span class='ocrx_word' id='word_1_60' title='bbox 2112 963 2384 1021; x_wconf 86' lang='lat' dir='ltr'><strong>Benedicti</strong></span> <span class='ocrx_word' id='word_1_61' title='bbox 2407 959 2660 1015; x_wconf 83' lang='lat' dir='ltr'><strong>Patribus</strong></span> 
     </span>
    </p>
   </div>
   <div class='ocr_carea' id='block_1_10' title="bbox 1072 1050 2660 1138">
    <p class='ocr_par' dir='ltr' id='par_1_10' title="bbox 1072 1050 2660 1138">
     <span class='ocr_line' id='line_1_10' title="bbox 1072 1050 2660 1138; baseline -0.011 -16"><span class='ocrx_word' id='word_1_62' title='bbox 1072 1066 1284 1138; x_wconf 89' lang='lat' dir='ltr'><strong>loquor)</strong></span> <span class='ocrx_word' id='word_1_63' title='bbox 1307 1080 1537 1136; x_wconf 90' lang='lat' dir='ltr'><strong>quorum</strong></span> <span class='ocrx_word' id='word_1_64' title='bbox 1566 1063 1766 1125; x_wconf 88' lang='lat' dir='ltr'><strong>studia,</strong></span> <span class='ocrx_word' id='word_1_65' title='bbox 1797 1060 2030 1123; x_wconf 85' lang='lat' dir='ltr'><strong>labores,</strong></span> <span class='ocrx_word' id='word_1_66' title='bbox 2063 1056 2261 1128; x_wconf 80' lang='lat' dir='ltr'><strong>vigiliae</strong></span> <span class='ocrx_word' id='word_1_67' title='bbox 2281 1063 2344 1110; x_wconf 90' lang='lat' dir='ltr'><strong>.et</strong></span> <span class='ocrx_word' id='word_1_68' title='bbox 2385 1050 2660 1108; x_wconf 77' lang='lat' dir='ltr'><strong>excellens</strong></span> 
     </span>
    </p>
   </div>
   <div class='ocr_carea' id='block_1_11' title="bbox 1073 1143 2659 1226">
    <p class='ocr_par' dir='ltr' id='par_1_11' title="bbox 1073 1143 2659 1226">
     <span class='ocr_line' id='line_1_11' title="bbox 1073 1143 2659 1226; baseline -0.014 -10"><span class='ocrx_word' id='word_1_69' title='bbox 1073 1159 1300 1217; x_wconf 89' lang='lat' dir='ltr'><strong>inomni</strong></span> <span class='ocrx_word' id='word_1_70' title='bbox 1343 1157 1560 1212; x_wconf 80' lang='lat' dir='ltr'><strong>laudum</strong></span> <span class='ocrx_word' id='word_1_71' title='bbox 1597 1167 1793 1226; x_wconf 90' lang='lat' dir='ltr'><strong>genere</strong></span> <span class='ocrx_word' id='word_1_72' title='bbox 1821 1151 2015 1213; x_wconf 88' lang='lat' dir='ltr'><strong>virtus,</strong></span> <span class='ocrx_word' id='word_1_73' title='bbox 2064 1155 2298 1220; x_wconf 88' lang='lat' dir='ltr'><strong>quantos</strong></span> <span class='ocrx_word' id='word_1_74' title='bbox 2327 1143 2475 1201; x_wconf 91' lang='lat' dir='ltr'><strong>omni</strong></span> <span class='ocrx_word' id='word_1_75' title='bbox 2521 1151 2659 1198; x_wconf 88' lang='lat' dir='ltr'><strong>tem-</strong></span> 
     </span>
    </p>
   </div>
   <div class='ocr_carea' id='block_1_12' title="bbox 1070 1234 2659 1327">
    <p class='ocr_par' dir='ltr' id='par_1_12' title="bbox 1070 1234 2659 1327">
     <span class='ocr_line' id='line_1_12' title="bbox 1070 1234 2659 1327; baseline -0.016 -15"><span class='ocrx_word' id='word_1_76' title='bbox 1070 1269 1204 1327; x_wconf 88' lang='lat' dir='ltr'><strong>pore</strong></span> <span class='ocrx_word' id='word_1_77' title='bbox 1252 1253 1463 1309; x_wconf 84' lang='lat' dir='ltr'><strong>fructus</strong></span> <span class='ocrx_word' id='word_1_78' title='bbox 1497 1249 1822 1306; x_wconf 85' lang='lat' dir='ltr'><strong>Christianae</strong></span> <span class='ocrx_word' id='word_1_79' title='bbox 1871 1243 2185 1316; x_wconf 71' lang='lat' dir='ltr'><strong>reipublicae</strong></span> <span class='ocrx_word' id='word_1_80' title='bbox 2227 1239 2509 1302; x_wconf 90' lang='lat' dir='ltr'><strong>attulerit,</strong></span> <span class='ocrx_word' id='word_1_81' title='bbox 2563 1234 2659 1289; x_wconf 79' lang='lat' dir='ltr'><strong>ali-</strong></span> 
     </span>
    </p>
   </div>
   <div class='ocr_carea' id='block_1_13' title="bbox 1071 1324 2661 1416">
    <p class='ocr_par' dir='ltr' id='par_1_13' title="bbox 1071 1324 2661 1416">
     <span class='ocr_line' id='line_1_13' title="bbox 1071 1324 2661 1416; baseline -0.013 -18"><span class='ocrx_word' id='word_1_82' title='bbox 1071 1324 1392 1416; x_wconf 68' lang='lat' dir='ltr'><strong>quantisper</strong></span> <span class='ocrx_word' id='word_1_83' title='bbox 1437 1340 1671 1411; x_wconf 67' lang='lat' dir='ltr'><strong>fortasse</strong></span> <span class='ocrx_word' id='word_1_84' title='bbox 1701 1338 1806 1392; x_wconf 88' lang='lat' dir='ltr'><strong>hoc</strong></span> <span class='ocrx_word' id='word_1_85' title='bbox 1837 1335 1953 1391; x_wconf 88' lang='lat' dir='ltr'><strong>ioco</strong></span> <span class='ocrx_word' id='word_1_86' title='bbox 1981 1341 2466 1389; x_wconf 85' lang='lat' dir='ltr'><strong>commemorarem</strong></span> <span class='ocrx_word' id='word_1_87' title='bbox 2494 1367 2509 1391; x_wconf 91' lang='lat'><strong>,</strong></span> <span class='ocrx_word' id='word_1_88' title='bbox 2557 1324 2661 1379; x_wconf 88' lang='lat' dir='ltr'><strong>nisi</strong></span> 
     </span>
    </p>
   </div>
   <div class='ocr_carea' id='block_1_14' title="bbox 1072 1421 2662 1508">
    <p class='ocr_par' dir='ltr' id='par_1_14' title="bbox 1072 1421 2662 1508">
     <span class='ocr_line' id='line_1_14' title="bbox 1072 1421 2662 1508; baseline -0.014 -15"><span class='ocrx_word' id='word_1_89' title='bbox 1072 1437 1306 1508; x_wconf 82' lang='lat' dir='ltr'><strong>publicis</strong></span> <span class='ocrx_word' id='word_1_90' title='bbox 1333 1440 1515 1490; x_wconf 88' lang='lat' dir='ltr'><strong>essent</strong></span> <span class='ocrx_word' id='word_1_91' title='bbox 1544 1430 1862 1501; x_wconf 89' lang='lat' dir='ltr'><strong>consignata</strong></span> <span class='ocrx_word' id='word_1_92' title='bbox 1891 1423 2260 1487; x_wconf 87' lang='lat' dir='ltr'><strong>monimentis,</strong></span> <span class='ocrx_word' id='word_1_93' title='bbox 2283 1421 2360 1477; x_wconf 91' lang='lat' dir='ltr'><strong>ita</strong></span> <span class='ocrx_word' id='word_1_94' title='bbox 2388 1426 2446 1475; x_wconf 89' lang='lat' dir='ltr'><strong>ut</strong></span> <span class='ocrx_word' id='word_1_95' title='bbox 2472 1431 2662 1474; x_wconf 85' lang='lat' dir='ltr'><strong>eorum</strong></span> 
     </span>
    </p>
   </div>
   <div class='ocr_carea' id='block_1_15' title="bbox 1071 1515 2662 1586">
    <p class='ocr_par' dir='ltr' id='par_1_15' title="bbox 1071 1515 2662 1586">
     <span class='ocr_line' id='line_1_15' title="bbox 1071 1515 2662 1586; baseline -0.015 1"><span class='ocrx_word' id='word_1_96' title='bbox 1071 1527 1334 1586; x_wconf 81' lang='lat' dir='ltr'><strong>memoria</strong></span> <span class='ocrx_word' id='word_1_97' title='bbox 1380 1525 1434 1580; x_wconf 91' lang='lat' dir='ltr'><strong>in</strong></span> <span class='ocrx_word' id='word_1_98' title='bbox 1482 1521 1859 1579; x_wconf 82' lang='lat' dir='ltr'><strong>benedictione</strong></span> <span class='ocrx_word' id='word_1_99' title='bbox 1898 1516 2080 1573; x_wconf 84' lang='lat' dir='ltr'><strong>futura</strong></span> <span class='ocrx_word' id='word_1_100' title='bbox 2123 1515 2194 1570; x_wconf 86' lang='lat' dir='ltr'><strong>sit</strong></span> <span class='ocrx_word' id='word_1_101' title='bbox 2236 1527 2403 1583; x_wconf 85' lang='lat' dir='ltr'><strong>penes</strong></span> <span class='ocrx_word' id='word_1_102' title='bbox 2443 1521 2662 1567; x_wconf 83' lang='lat' dir='ltr'><strong>onmem</strong></span> 
     </span>
    </p>
   </div>
   <div class='ocr_carea' id='block_1_16' title="bbox 1071 1614 2660 1693">
    <p class='ocr_par' dir='ltr' id='par_1_16' title="bbox 1071 1614 2660 1693">
     <span class='ocr_line' id='line_1_16' title="bbox 1071 1614 2660 1693; baseline -0.013 -16"><span class='ocrx_word' id='word_1_103' title='bbox 1071 1620 1468 1693; x_wconf 81' lang='lat' dir='ltr'><strong>posteritatem.</strong></span> <span class='ocrx_word' id='word_1_104' title='bbox 1522 1614 2020 1671; x_wconf 84' lang='lat' dir='ltr'><strong>Pulcherrimorum</strong></span> <span class='ocrx_word' id='word_1_105' title='bbox 2095 1620 2332 1675; x_wconf 85' lang='lat' dir='ltr'><strong>namque</strong></span> <span class='ocrx_word' id='word_1_106' title='bbox 2391 1619 2615 1676; x_wconf 88' lang='lat' dir='ltr'><strong>operum</strong></span> <span class='ocrx_word' id='word_1_107' title='bbox 2646 1645 2660 1666; x_wconf 88' lang='lat'><strong>,</strong></span> 
     </span>
    </p>
   </div>
   <div class='ocr_carea' id='block_1_17' title="bbox 1071 1693 2664 1781">
    <p class='ocr_par' dir='ltr' id='par_1_17' title="bbox 1071 1693 2664 1781">
     <span class='ocr_line' id='line_1_17' title="bbox 1071 1693 2664 1781; baseline -0.009 -19"><span class='ocrx_word' id='word_1_108' title='bbox 1071 1726 1195 1781; x_wconf 67' lang='lat' dir='ltr'><strong>qua:</strong></span> <span class='ocrx_word' id='word_1_109' title='bbox 1220 1723 1450 1779; x_wconf 86' lang='lat' dir='ltr'><strong>magnus</strong></span> <span class='ocrx_word' id='word_1_110' title='bbox 1476 1704 1790 1779; x_wconf 85' lang='lat' dir='ltr'><strong>patriarcha</strong></span> <span class='ocrx_word' id='word_1_111' title='bbox 1816 1699 2144 1756; x_wconf 82' lang='lat' dir='ltr'><strong>Benedictus</strong></span> <span class='ocrx_word' id='word_1_112' title='bbox 2185 1695 2414 1765; x_wconf 87' lang='lat' dir='ltr'><strong>ejusque</strong></span> <span class='ocrx_word' id='word_1_113' title='bbox 2459 1693 2664 1748; x_wconf 89' lang='lat' dir='ltr'><strong>alumni</strong></span> 
     </span>
    </p>
   </div>
   <div class='ocr_carea' id='block_1_18' title="bbox 1071 1786 2666 1873">
    <p class='ocr_par' dir='ltr' id='par_1_18' title="bbox 1071 1786 2666 1873">
     <span class='ocr_line' id='line_1_18' title="bbox 1071 1786 2666 1873; baseline -0.009 -17"><span class='ocrx_word' id='word_1_114' title='bbox 1071 1817 1173 1873; x_wconf 85' lang='lat' dir='ltr'><strong>pro</strong></span> <span class='ocrx_word' id='word_1_115' title='bbox 1223 1800 1424 1856; x_wconf 91' lang='lat' dir='ltr'><strong>Christi</strong></span> <span class='ocrx_word' id='word_1_116' title='bbox 1481 1798 1652 1869; x_wconf 89' lang='lat' dir='ltr'><strong>gloria</strong></span> <span class='ocrx_word' id='word_1_117' title='bbox 1698 1804 1754 1851; x_wconf 86' lang='lat' dir='ltr'><strong>et</strong></span> <span class='ocrx_word' id='word_1_118' title='bbox 1784 1791 2058 1849; x_wconf 91' lang='lat' dir='ltr'><strong>communi</strong></span> <span class='ocrx_word' id='word_1_119' title='bbox 2100 1789 2382 1844; x_wconf 88' lang='lat' dir='ltr'><strong>hominum</strong></span> <span class='ocrx_word' id='word_1_120' title='bbox 2432 1786 2666 1842; x_wconf 88' lang='lat' dir='ltr'><strong>utilitate</strong></span> 
     </span>
    </p>
   </div>
   <div class='ocr_carea' id='block_1_19' title="bbox 2759 574 4359 648">
    <p class='ocr_par' dir='ltr' id='par_1_19' title="bbox 2759 574 4359 648">
     <span class='ocr_line' id='line_1_19' title="bbox 2759 574 4359 648; baseline -0.014 -2"><span class='ocrx_word' id='word_1_121' title='bbox 2759 591 2825 645; x_wconf 86' lang='lat' dir='ltr'><strong>ad</strong></span> <span class='ocrx_word' id='word_1_122' title='bbox 2857 590 2992 645; x_wconf 86' lang='lat' dir='ltr'><strong>bene</strong></span> <span class='ocrx_word' id='word_1_123' title='bbox 3023 585 3371 643; x_wconf 85' lang='lat' dir='ltr'><strong>currendum.</strong></span> <span class='ocrx_word' id='word_1_124' title='bbox 3421 581 3527 637; x_wconf 90' lang='lat' dir='ltr'><strong>Sed</strong></span> <span class='ocrx_word' id='word_1_125' title='bbox 3555 581 3701 636; x_wconf 93' lang='lat' dir='ltr'><strong>enim</strong></span> <span class='ocrx_word' id='word_1_126' title='bbox 3742 576 3870 648; x_wconf 94' lang='lat' dir='ltr'><strong>quid</strong></span> <span class='ocrx_word' id='word_1_127' title='bbox 3903 574 4100 629; x_wconf 82' lang='lat' dir='ltr'><strong>attinet</strong></span> <span class='ocrx_word' id='word_1_128' title='bbox 4129 579 4318 627; x_wconf 81' lang='lat' dir='ltr'><strong>vetera</strong></span> <span class='ocrx_word' id='word_1_129' title='bbox 4342 609 4359 635; x_wconf 91' lang='lat'><strong>,</strong></span> 
     </span>
    </p>
   </div>
   <div class='ocr_carea' id='block_1_20' title="bbox 2759 669 4358 751">
    <p class='ocr_par' dir='ltr' id='par_1_20' title="bbox 2759 669 4358 751">
     <span class='ocr_line' id='line_1_20' title="bbox 2759 669 4358 751; baseline -0.014 -14"><span class='ocrx_word' id='word_1_130' title='bbox 2759 693 2812 737; x_wconf 90' lang='lat' dir='ltr'><strong>et</strong></span> <span class='ocrx_word' id='word_1_131' title='bbox 2838 697 2958 751; x_wconf 70' lang='lat' dir='ltr'><strong>qua:</strong></span> <span class='ocrx_word' id='word_1_132' title='bbox 2989 679 3120 734; x_wconf 82' lang='lat' dir='ltr'><strong>mihi</strong></span> <span class='ocrx_word' id='word_1_133' title='bbox 3157 691 3280 732; x_wconf 90' lang='lat' dir='ltr'><strong>cum</strong></span> <span class='ocrx_word' id='word_1_134' title='bbox 3324 674 3446 729; x_wconf 88' lang='lat' dir='ltr'><strong>aliis</strong></span> <span class='ocrx_word' id='word_1_135' title='bbox 3487 669 3796 727; x_wconf 91' lang='lat' dir='ltr'><strong>communia</strong></span> <span class='ocrx_word' id='word_1_136' title='bbox 3845 674 3967 722; x_wconf 85' lang='lat' dir='ltr'><strong>sunt</strong></span> <span class='ocrx_word' id='word_1_137' title='bbox 3998 705 4014 729; x_wconf 89' lang='lat'><strong>,</strong></span> <span class='ocrx_word' id='word_1_138' title='bbox 4054 676 4358 725; x_wconf 83' lang='lat' dir='ltr'><strong>enarrare;</strong></span> 
     </span>
    </p>
   </div>
   <div class='ocr_carea' id='block_1_21' title="bbox 2759 754 4358 841">
    <p class='ocr_par' dir='ltr' id='par_1_21' title="bbox 2759 754 4358 841">
     <span class='ocr_line' id='line_1_21' title="bbox 2759 754 4358 841; baseline -0.014 -13"><span class='ocrx_word' id='word_1_139' title='bbox 2759 789 2883 828; x_wconf 91' lang='lat' dir='ltr'><strong>cum</strong></span> <span class='ocrx_word' id='word_1_140' title='bbox 2909 767 3201 841; x_wconf 75' lang='lat' dir='ltr'><strong>singularis</strong></span> <span class='ocrx_word' id='word_1_141' title='bbox 3244 766 3471 821; x_wconf 68' lang='lat' dir='ltr'><strong>allectus</strong></span> <span class='ocrx_word' id='word_1_142' title='bbox 3500 772 3564 818; x_wconf 76' lang='lat' dir='ltr'><strong>et‘</strong></span> <span class='ocrx_word' id='word_1_143' title='bbox 3581 757 3945 816; x_wconf 57' lang='lat' dir='ltr'><strong>observantia</strong></span> <span class='ocrx_word' id='word_1_144' title='bbox 3967 756 4020 811; x_wconf 92' lang='lat' dir='ltr'><strong>in</strong></span> <span class='ocrx_word' id='word_1_145' title='bbox 4049 754 4358 809; x_wconf 78' lang='lat' dir='ltr'><strong>Romanum</strong></span> 
     </span>
    </p>
   </div>
   <div class='ocr_carea' id='block_1_22' title="bbox 2758 845 4362 935">
    <p class='ocr_par' dir='ltr' id='par_1_22' title="bbox 2758 845 4362 935">
     <span class='ocr_line' id='line_1_22' title="bbox 2758 845 4362 935; baseline -0.013 -16"><span class='ocrx_word' id='word_1_146' title='bbox 2758 863 3070 935; x_wconf 72' lang='lat' dir='ltr'><strong>pontificem</strong></span> <span class='ocrx_word' id='word_1_147' title='bbox 3104 860 3354 932; x_wconf 86' lang='lat' dir='ltr'><strong>proprias</strong></span> <span class='ocrx_word' id='word_1_148' title='bbox 3397 873 3460 913; x_wconf 88' lang='lat' dir='ltr'><strong>ac</strong></span> <span class='ocrx_word' id='word_1_149' title='bbox 3507 854 3812 927; x_wconf 84' lang='lat' dir='ltr'><strong>peculiares</strong></span> <span class='ocrx_word' id='word_1_150' title='bbox 3862 864 4056 905; x_wconf 83' lang='lat' dir='ltr'><strong>causas</strong></span> <span class='ocrx_word' id='word_1_151' title='bbox 4086 845 4362 904; x_wconf 80' lang='lat' dir='ltr'><strong>habeam?</strong></span> 
     </span>
    </p>
   </div>
   <div class='ocr_carea' id='block_1_23' title="bbox 2761 938 4360 1012">
    <p class='ocr_par' dir='ltr' id='par_1_23' title="bbox 2761 938 4360 1012">
     <span class='ocr_line' id='line_1_23' title="bbox 2761 938 4360 1012; baseline -0.013 -1"><span class='ocrx_word' id='word_1_152' title='bbox 2761 957 2875 1011; x_wconf 88' lang='lat' dir='ltr'><strong>Tua</strong></span> <span class='ocrx_word' id='word_1_153' title='bbox 2906 954 3049 1011; x_wconf 89' lang='lat' dir='ltr'><strong>enim</strong></span> <span class='ocrx_word' id='word_1_154' title='bbox 3080 951 3460 1012; x_wconf 86' lang='lat' dir='ltr'><strong>beneficentia,</strong></span> <span class='ocrx_word' id='word_1_155' title='bbox 3509 947 3824 1005; x_wconf 84' lang='lat' dir='ltr'><strong>beatissime</strong></span> <span class='ocrx_word' id='word_1_156' title='bbox 3872 943 4035 999; x_wconf 81' lang='lat' dir='ltr'><strong>Pater</strong></span> <span class='ocrx_word' id='word_1_157' title='bbox 4067 983 4081 1007; x_wconf 93' lang='lat'><strong>,</strong></span> <span class='ocrx_word' id='word_1_158' title='bbox 4115 939 4259 1010; x_wconf 87' lang='lat' dir='ltr'><strong>quod</strong></span> <span class='ocrx_word' id='word_1_159' title='bbox 4306 938 4360 992; x_wconf 92' lang='lat' dir='ltr'><strong>in</strong></span> 
     </span>
    </p>
   </div>
   <div class='ocr_carea' id='block_1_24' title="bbox 2762 1035 4427 1116">
    <p class='ocr_par' dir='ltr' id='par_1_24' title="bbox 2762 1035 4427 1116">
     <span class='ocr_line' id='line_1_24' title="bbox 2762 1035 4427 1116; baseline -0.013 -13"><span class='ocrx_word' id='word_1_160' title='bbox 2762 1065 2847 1105; x_wconf 88' lang='lat' dir='ltr'><strong>me</strong></span> <span class='ocrx_word' id='word_1_161' title='bbox 2876 1046 3121 1110; x_wconf 89' lang='lat' dir='ltr'><strong>contulit,</strong></span> <span class='ocrx_word' id='word_1_162' title='bbox 3151 1053 3210 1100; x_wconf 89' lang='lat' dir='ltr'><strong>ut</strong></span> <span class='ocrx_word' id='word_1_163' title='bbox 3241 1052 3363 1116; x_wconf 88' lang='lat' dir='ltr'><strong>post</strong></span> <span class='ocrx_word' id='word_1_164' title='bbox 3393 1041 3659 1098; x_wconf 76' lang='lat' dir='ltr'><strong>maximos</strong></span> <span class='ocrx_word' id='word_1_165' title='bbox 3703 1037 3826 1093; x_wconf 91' lang='lat' dir='ltr'><strong>illos</strong></span> <span class='ocrx_word' id='word_1_166' title='bbox 3851 1035 4193 1108; x_wconf 81' lang='lat' dir='ltr'><strong>optimusque</strong></span> <span class='ocrx_word' id='word_1_167' title='bbox 4223 1045 4362 1101; x_wconf 89' lang='lat' dir='ltr'><strong>pon-</strong></span> <span class='ocrx_word' id='word_1_168' title='bbox 4425 1073 4427 1076; x_wconf 16' lang='lat' dir='ltr'><strong>c</strong></span> 
     </span>
    </p>
   </div>
   <div class='ocr_carea' id='block_1_25' title="bbox 2765 1125 4364 1206">
    <p class='ocr_par' dir='ltr' id='par_1_25' title="bbox 2765 1125 4364 1206">
     <span class='ocr_line' id='line_1_25' title="bbox 2765 1125 4364 1206; baseline -0.013 -8"><span class='ocrx_word' id='word_1_169' title='bbox 2765 1143 2876 1198; x_wconf 88' lang='lat' dir='ltr'><strong>tific</strong></span> <span class='ocrx_word' id='word_1_170' title='bbox 2913 1159 2958 1206; x_wconf 91' lang='lat' dir='ltr'><strong>s,</strong></span> <span class='ocrx_word' id='word_1_171' title='bbox 2984 1150 3361 1196; x_wconf 88' lang='lat' dir='ltr'><strong>antecessores</strong></span> <span class='ocrx_word' id='word_1_172' title='bbox 3388 1146 3532 1201; x_wconf 86' lang='lat' dir='ltr'><strong>tuos,</strong></span> <span class='ocrx_word' id='word_1_173' title='bbox 3563 1134 3900 1190; x_wconf 73' lang='lat' dir='ltr'><strong>Clementem</strong></span> <span class='ocrx_word' id='word_1_174' title='bbox 3930 1127 4042 1184; x_wconf 78' lang='lat' dir='ltr'><strong>\‘lll</strong></span> <span class='ocrx_word' id='word_1_175' title='bbox 4075 1167 4089 1193; x_wconf 92' lang='lat'><strong>,</strong></span> <span class='ocrx_word' id='word_1_176' title='bbox 4124 1125 4364 1181; x_wconf 83' lang='lat' dir='ltr'><strong>Leonem</strong></span> 
     </span>
    </p>
   </div>
   <div class='ocr_carea' id='block_1_26' title="bbox 2763 1215 4334 1301">
    <p class='ocr_par' dir='ltr' id='par_1_26' title="bbox 2763 1215 4334 1301">
     <span class='ocr_line' id='line_1_26' title="bbox 2763 1215 4334 1301; baseline -0.014 -10"><span class='ocrx_word' id='word_1_177' title='bbox 2763 1235 2832 1291; x_wconf 78' lang='lat' dir='ltr'><strong>XI</strong></span> <span class='ocrx_word' id='word_1_178' title='bbox 2865 1279 2879 1301; x_wconf 90' lang='lat'><strong>,</strong></span> <span class='ocrx_word' id='word_1_179' title='bbox 2911 1234 3134 1290; x_wconf 87' lang='lat' dir='ltr'><strong>Paulum</strong></span> <span class='ocrx_word' id='word_1_180' title='bbox 3171 1232 3209 1288; x_wconf 76' lang='grc' dir='ltr'>γ</span> <span class='ocrx_word' id='word_1_181' title='bbox 3233 1240 3286 1287; x_wconf 85' lang='lat' dir='ltr'><strong>et</strong></span> <span class='ocrx_word' id='word_1_182' title='bbox 3311 1230 3632 1300; x_wconf 74' lang='lat' dir='ltr'><strong>Gregorium</strong></span> <span class='ocrx_word' id='word_1_183' title='bbox 3663 1224 3760 1282; x_wconf 82' lang='lat' dir='ltr'><strong>XV</strong></span> <span class='ocrx_word' id='word_1_184' title='bbox 3785 1265 3800 1289; x_wconf 91' lang='lat'><strong>,</strong></span> <span class='ocrx_word' id='word_1_185' title='bbox 3855 1221 4053 1294; x_wconf 86' lang='lat' dir='ltr'><strong>quibus</strong></span> <span class='ocrx_word' id='word_1_186' title='bbox 4105 1233 4134 1272; x_wconf 89' lang='lat' dir='ltr'><strong>a</strong></span> <span class='ocrx_word' id='word_1_187' title='bbox 4190 1215 4334 1271; x_wconf 84' lang='lat' dir='ltr'><strong>sacri</strong></span> 
     </span>
    </p>
   </div>
   <div class='ocr_carea' id='block_1_27' title="bbox 2762 1310 4340 1386">
    <p class='ocr_par' dir='ltr' id='par_1_27' title="bbox 2762 1310 4340 1386">
     <span class='ocr_line' id='line_1_27' title="bbox 2762 1310 4340 1386; baseline -0.013 -1"><span class='ocrx_word' id='word_1_188' title='bbox 2762 1331 3068 1386; x_wconf 87' lang='lat' dir='ltr'><strong>litterarum</strong></span> <span class='ocrx_word' id='word_1_189' title='bbox 3135 1323 3505 1382; x_wconf 89' lang='lat' dir='ltr'><strong>monumentis</strong></span> <span class='ocrx_word' id='word_1_190' title='bbox 3583 1317 3884 1382; x_wconf 80' lang='lat' dir='ltr'><strong>inservivi,</strong></span> <span class='ocrx_word' id='word_1_191' title='bbox 3961 1313 4056 1369; x_wconf 89' lang='lat' dir='ltr'><strong>tibi</strong></span> <span class='ocrx_word' id='word_1_192' title='bbox 4134 1310 4340 1366; x_wconf 82' lang='lat' dir='ltr'><strong>inservi</strong></span> 
     </span>
    </p>
   </div>
   <div class='ocr_carea' id='block_1_28' title="bbox 2764 1413 4364 1493">
    <p class='ocr_par' dir='ltr' id='par_1_28' title="bbox 2764 1413 4364 1493">
     <span class='ocr_line' id='line_1_28' title="bbox 2764 1413 4364 1493; baseline -0.012 -15"><span class='ocrx_word' id='word_1_193' title='bbox 2764 1437 2910 1488; x_wconf 90' lang='lat' dir='ltr'><strong>rem,</strong></span> <span class='ocrx_word' id='word_1_194' title='bbox 2962 1421 3087 1493; x_wconf 88' lang='lat' dir='ltr'><strong>jure</strong></span> <span class='ocrx_word' id='word_1_195' title='bbox 3134 1434 3234 1475; x_wconf 84' lang='lat' dir='ltr'><strong>suo</strong></span> <span class='ocrx_word' id='word_1_196' title='bbox 3291 1415 3530 1489; x_wconf 88' lang='lat' dir='ltr'><strong>postulat</strong></span> <span class='ocrx_word' id='word_1_197' title='bbox 3578 1413 3895 1485; x_wconf 81' lang='lat' dir='ltr'><strong>exigitque,</strong></span> <span class='ocrx_word' id='word_1_198' title='bbox 3945 1417 4006 1463; x_wconf 89' lang='lat' dir='ltr'><strong>nt</strong></span> <span class='ocrx_word' id='word_1_199' title='bbox 4055 1413 4225 1465; x_wconf 87' lang='lat' dir='ltr'><strong>totum</strong></span> <span class='ocrx_word' id='word_1_200' title='bbox 4278 1416 4364 1460; x_wconf 67' lang='lat' dir='ltr'><strong>me</strong></span> 
     </span>
    </p>
   </div>
   <div class='ocr_carea' id='block_1_29' title="bbox 2762 1501 4364 1587">
    <p class='ocr_par' dir='ltr' id='par_1_29' title="bbox 2762 1501 4364 1587">
     <span class='ocr_line' id='line_1_29' title="bbox 2762 1501 4364 1587; baseline -0.013 -16"><span class='ocrx_word' id='word_1_201' title='bbox 2762 1529 2864 1587; x_wconf 88' lang='lat' dir='ltr'><strong>pro</strong></span> <span class='ocrx_word' id='word_1_202' title='bbox 2896 1524 2984 1569; x_wconf 88' lang='lat' dir='ltr'><strong>tua</strong></span> <span class='ocrx_word' id='word_1_203' title='bbox 3016 1509 3392 1582; x_wconf 89' lang='lat' dir='ltr'><strong>amplitudine,</strong></span> <span class='ocrx_word' id='word_1_204' title='bbox 3425 1509 3635 1564; x_wconf 85' lang='lat' dir='ltr'><strong>honore</strong></span> <span class='ocrx_word' id='word_1_205' title='bbox 3669 1522 3734 1562; x_wconf 93' lang='lat' dir='ltr'><strong>ac</strong></span> <span class='ocrx_word' id='word_1_206' title='bbox 3755 1504 4021 1575; x_wconf 83' lang='lat' dir='ltr'><strong>dignitate</strong></span> <span class='ocrx_word' id='word_1_207' title='bbox 4044 1501 4364 1560; x_wconf 86' lang='lat' dir='ltr'><strong>devoveam,</strong></span> 
     </span>
    </p>
   </div>
   <div class='ocr_carea' id='block_1_30' title="bbox 2763 1589 4368 1678">
    <p class='ocr_par' dir='ltr' id='par_1_30' title="bbox 2763 1589 4368 1678">
     <span class='ocr_line' id='line_1_30' title="bbox 2763 1589 4368 1678; baseline -0.014 -15"><span class='ocrx_word' id='word_1_208' title='bbox 2763 1617 2930 1678; x_wconf 90' lang='lat' dir='ltr'><strong>atque</strong></span> <span class='ocrx_word' id='word_1_209' title='bbox 2977 1605 3044 1661; x_wconf 89' lang='lat' dir='ltr'><strong>ad</strong></span> <span class='ocrx_word' id='word_1_210' title='bbox 3084 1602 3244 1672; x_wconf 84' lang='lat' dir='ltr'><strong>hujus</strong></span> <span class='ocrx_word' id='word_1_211' title='bbox 3274 1609 3639 1658; x_wconf 74' lang='lat' dir='ltr'><strong>sacrosanctae</strong></span> <span class='ocrx_word' id='word_1_212' title='bbox 3685 1598 3831 1654; x_wconf 86' lang='lat' dir='ltr'><strong>sedis</strong></span> <span class='ocrx_word' id='word_1_213' title='bbox 3875 1596 4042 1651; x_wconf 85' lang='lat' dir='ltr'><strong>decus</strong></span> <span class='ocrx_word' id='word_1_214' title='bbox 4086 1589 4368 1658; x_wconf 70' lang='lat' dir='ltr'><strong>existima-</strong></span> 
     </span>
    </p>
   </div>
   <div class='ocr_carea' id='block_1_31' title="bbox 2766 1679 4371 1766">
    <p class='ocr_par' dir='ltr' id='par_1_31' title="bbox 2766 1679 4371 1766">
     <span class='ocr_line' id='line_1_31' title="bbox 2766 1679 4371 1766; baseline -0.011 -14"><span class='ocrx_word' id='word_1_215' title='bbox 2766 1699 3079 1766; x_wconf 70' lang='lat' dir='ltr'><strong>tionemqne</strong></span> <span class='ocrx_word' id='word_1_216' title='bbox 3110 1693 3292 1750; x_wconf 91' lang='lat' dir='ltr'><strong>omnia</strong></span> <span class='ocrx_word' id='word_1_217' title='bbox 3343 1707 3463 1747; x_wconf 90' lang='lat' dir='ltr'><strong>mea</strong></span> <span class='ocrx_word' id='word_1_218' title='bbox 3513 1689 3692 1745; x_wconf 87' lang='lat' dir='ltr'><strong>studia</strong></span> <span class='ocrx_word' id='word_1_219' title='bbox 3716 1729 3731 1752; x_wconf 93' lang='lat'><strong>,</strong></span> <span class='ocrx_word' id='word_1_220' title='bbox 3772 1700 3937 1742; x_wconf 87' lang='lat' dir='ltr'><strong>curas</strong></span> <span class='ocrx_word' id='word_1_221' title='bbox 3961 1722 3976 1748; x_wconf 82' lang='lat'><strong>,</strong></span> <span class='ocrx_word' id='word_1_222' title='bbox 4009 1679 4371 1751; x_wconf 72' lang='lat' dir='ltr'><strong>cogitationes</strong></span> 
     </span>
    </p>
   </div>
   <div class='ocr_carea' id='block_1_32' title="bbox 2767 1775 4365 1849">
    <p class='ocr_par' dir='ltr' id='par_1_32' title="bbox 2767 1775 4365 1849">
     <span class='ocr_line' id='line_1_32' title="bbox 2767 1775 4365 1849; baseline -0.013 -1"><span class='ocrx_word' id='word_1_223' title='bbox 2767 1800 3104 1849; x_wconf 83' lang='lat' dir='ltr'><strong>convertam.</strong></span> <span class='ocrx_word' id='word_1_224' title='bbox 3165 1787 3298 1843; x_wconf 82' lang='lat' dir='ltr'><strong>illud</strong></span> <span class='ocrx_word' id='word_1_225' title='bbox 3343 1786 3607 1842; x_wconf 78' lang='lat' dir='ltr'><strong>duntaxat</strong></span> <span class='ocrx_word' id='word_1_226' title='bbox 3669 1782 3870 1837; x_wconf 84' lang='lat' dir='ltr'><strong>addere</strong></span> <span class='ocrx_word' id='word_1_227' title='bbox 3923 1793 4027 1833; x_wconf 92' lang='lat' dir='ltr'><strong>non</strong></span> <span class='ocrx_word' id='word_1_228' title='bbox 4088 1775 4321 1830; x_wconf 88' lang='lat' dir='ltr'><strong>verebor</strong></span> <span class='ocrx_word' id='word_1_229' title='bbox 4352 1785 4365 1802; x_wconf 86' lang='lat'><strong><em>°</em></strong></span> 
     </span>
    </p>
   </div>
   <div class='ocr_carea' id='block_1_33' title="bbox 1069 1861 4348 1966">
    <p class='ocr_par' dir='ltr' id='par_1_33' title="bbox 1069 1861 4348 1966">
     <span class='ocr_line' id='line_1_33' title="bbox 1069 1861 4348 1966; baseline -0.014 -5"><span class='ocrx_word' id='word_1_230' title='bbox 1069 1893 1438 1966; x_wconf 66' lang='grc' dir='ltr'><strong>ΡΘΓῙεεθτιιηῑ,</strong></span> <span class='ocrx_word' id='word_1_231' title='bbox 1466 1906 1573 1945; x_wconf 66' lang='grc' dir='ltr'>ιιοη</span> <span class='ocrx_word' id='word_1_232' title='bbox 1624 1887 1797 1944; x_wconf 70' lang='grc' dir='ltr'><strong>δοιυιη</strong></span> <span class='ocrx_word' id='word_1_233' title='bbox 1828 1883 2114 1955; x_wconf 53' lang='lat' dir='ltr'><strong>exemplis,</strong></span> <span class='ocrx_word' id='word_1_234' title='bbox 2149 1881 2244 1958; x_wconf 59' lang='lat' dir='ltr'><strong>sel!</strong></span> <span class='ocrx_word' id='word_1_235' title='bbox 2283 1879 2459 1935; x_wconf 70' lang='grc' dir='ltr'>θιίαῐη</span> <span class='ocrx_word' id='word_1_236' title='bbox 2492 1878 2658 1934; x_wconf 75' lang='grc' dir='ltr'><strong>νϐειί·</strong></span> <span class='ocrx_word' id='word_1_237' title='bbox 2694 1863 2736 1923; x_wconf 71' lang='grc' dir='ltr'>Β</span> <span class='ocrx_word' id='word_1_238' title='bbox 2767 1878 3232 1950; x_wconf 77' lang='lat' dir='ltr'><strong>QucmadmOdum</strong></span> <span class='ocrx_word' id='word_1_239' title='bbox 3270 1876 3446 1947; x_wconf 90' lang='lat' dir='ltr'><strong>potuit</strong></span> <span class='ocrx_word' id='word_1_240' title='bbox 3484 1873 3716 1928; x_wconf 90' lang='lat' dir='ltr'><strong>antehac</strong></span> <span class='ocrx_word' id='word_1_241' title='bbox 3769 1869 4033 1925; x_wconf 90' lang='lat' dir='ltr'><strong>sanctitas</strong></span> <span class='ocrx_word' id='word_1_242' title='bbox 4075 1874 4165 1923; x_wconf 77' lang='lat' dir='ltr'><strong>tua</strong></span> <span class='ocrx_word' id='word_1_243' title='bbox 4234 1861 4348 1917; x_wconf 88' lang='lat' dir='ltr'><strong>anti</strong></span> 
     </span>
    </p>
   </div>
   <div class='ocr_carea' id='block_1_34' title="bbox 1070 1972 2666 2060">
    <p class='ocr_par' dir='ltr' id='par_1_34' title="bbox 1070 1972 2666 2060">
     <span class='ocr_line' id='line_1_34' title="bbox 1070 1972 2666 2060; baseline -0.011 -19"><span class='ocrx_word' id='word_1_244' title='bbox 1070 1986 1193 2060; x_wconf 87' lang='lat' dir='ltr'><strong>giis,</strong></span> <span class='ocrx_word' id='word_1_245' title='bbox 1226 1986 1382 2057; x_wconf 89' lang='lat' dir='ltr'><strong>plena</strong></span> <span class='ocrx_word' id='word_1_246' title='bbox 1413 1993 1497 2040; x_wconf 91' lang='lat' dir='ltr'><strong>est</strong></span> <span class='ocrx_word' id='word_1_247' title='bbox 1537 1981 1716 2038; x_wconf 88' lang='lat' dir='ltr'><strong>onmis</strong></span> <span class='ocrx_word' id='word_1_248' title='bbox 1749 1977 1990 2036; x_wconf 87' lang='lat' dir='ltr'><strong>Ecclesia</strong></span> <span class='ocrx_word' id='word_1_249' title='bbox 2033 1982 2368 2031; x_wconf 89' lang='lat' dir='ltr'><strong>sanctorum.</strong></span> <span class='ocrx_word' id='word_1_250' title='bbox 2402 1972 2520 2038; x_wconf 90' lang='lat' dir='ltr'><strong>Quo</strong></span> <span class='ocrx_word' id='word_1_251' title='bbox 2552 1985 2666 2023; x_wconf 90' lang='lat' dir='ltr'><strong>ma-</strong></span> 
     </span>
    </p>
   </div>
   <div class='ocr_carea' id='block_1_35' title="bbox 1068 2069 2662 2148">
    <p class='ocr_par' dir='ltr' id='par_1_35' title="bbox 1068 2069 2662 2148">
     <span class='ocr_line' id='line_1_35' title="bbox 1068 2069 2662 2148; baseline -0.011 -18"><span class='ocrx_word' id='word_1_252' title='bbox 1068 2077 1156 2148; x_wconf 90' lang='lat' dir='ltr'><strong>gis</strong></span> <span class='ocrx_word' id='word_1_253' title='bbox 1179 2091 1391 2147; x_wconf 71' lang='lat' dir='ltr'><strong>tequum</strong></span> <span class='ocrx_word' id='word_1_254' title='bbox 1414 2089 1534 2130; x_wconf 89' lang='lat' dir='ltr'><strong>esse</strong></span> <span class='ocrx_word' id='word_1_255' title='bbox 1553 2081 1608 2129; x_wconf 89' lang='lat' dir='ltr'><strong>et</strong></span> <span class='ocrx_word' id='word_1_256' title='bbox 1631 2069 1826 2126; x_wconf 90' lang='lat' dir='ltr'><strong>rationi</strong></span> <span class='ocrx_word' id='word_1_257' title='bbox 1864 2076 2289 2123; x_wconf 89' lang='lat' dir='ltr'><strong>consentaneum</strong></span> <span class='ocrx_word' id='word_1_258' title='bbox 2320 2069 2450 2132; x_wconf 88' lang='lat' dir='ltr'><strong>puto</strong></span> <span class='ocrx_word' id='word_1_259' title='bbox 2476 2100 2491 2126; x_wconf 92' lang='lat'><strong>,</strong></span> <span class='ocrx_word' id='word_1_260' title='bbox 2536 2074 2624 2115; x_wconf 92' lang='lat' dir='ltr'><strong>me</strong></span> <span class='ocrx_word' id='word_1_261' title='bbox 2647 2097 2662 2122; x_wconf 91' lang='lat'><strong>,</strong></span> 
     </span>
    </p>
   </div>
   <div class='ocr_carea' id='block_1_36' title="bbox 1067 2150 2665 2238">
    <p class='ocr_par' dir='ltr' id='par_1_36' title="bbox 1067 2150 2665 2238">
     <span class='ocr_line' id='line_1_36' title="bbox 1067 2150 2665 2238; baseline -0.013 -16"><span class='ocrx_word' id='word_1_262' title='bbox 1067 2167 1167 2238; x_wconf 66' lang='lat' dir='ltr'><strong>qui</strong></span> <span class='ocrx_word' id='word_1_263' title='bbox 1194 2165 1442 2220; x_wconf 87' lang='lat' dir='ltr'><strong>eamdem</strong></span> <span class='ocrx_word' id='word_1_264' title='bbox 1477 2163 1555 2219; x_wconf 92' lang='lat' dir='ltr'><strong>rel</strong></span> <span class='ocrx_word' id='word_1_265' title='bbox 1578 2163 1791 2233; x_wconf 90' lang='lat' dir='ltr'><strong>gionem</strong></span> <span class='ocrx_word' id='word_1_266' title='bbox 1819 2158 2111 2230; x_wconf 80' lang='lat' dir='ltr'><strong>profiteor,</strong></span> <span class='ocrx_word' id='word_1_267' title='bbox 2135 2155 2265 2210; x_wconf 91' lang='lat' dir='ltr'><strong>totis</strong></span> <span class='ocrx_word' id='word_1_268' title='bbox 2292 2151 2500 2206; x_wconf 87' lang='lat' dir='ltr'><strong>viribus</strong></span> <span class='ocrx_word' id='word_1_269' title='bbox 2532 2150 2665 2205; x_wconf 89' lang='lat' dir='ltr'><strong>eniti</strong></span> 
     </span>
    </p>
   </div>
   <div class='ocr_carea' id='block_1_37' title="bbox 1069 2237 2667 2316">
    <p class='ocr_par' dir='ltr' id='par_1_37' title="bbox 1069 2237 2667 2316">
     <span class='ocr_line' id='line_1_37' title="bbox 1069 2237 2667 2316; baseline -0.011 -6"><span class='ocrx_word' id='word_1_270' title='bbox 1069 2237 1135 2310; x_wconf 79' lang='lat' dir='ltr'><strong>ut</strong></span> <span class='ocrx_word' id='word_1_271' title='bbox 1163 2269 1268 2310; x_wconf 91' lang='lat' dir='ltr'><strong>non</strong></span> <span class='ocrx_word' id='word_1_272' title='bbox 1297 2252 1615 2310; x_wconf 87' lang='lat' dir='ltr'><strong>dissimilem</strong></span> <span class='ocrx_word' id='word_1_273' title='bbox 1658 2249 1946 2305; x_wconf 78' lang='lat' dir='ltr'><strong>exhibeam</strong></span> <span class='ocrx_word' id='word_1_274' title='bbox 1974 2262 2101 2316; x_wconf 89' lang='lat' dir='ltr'><strong>erga</strong></span> <span class='ocrx_word' id='word_1_275' title='bbox 2145 2245 2449 2300; x_wconf 82' lang='lat' dir='ltr'><strong>Romanam</strong></span> <span class='ocrx_word' id='word_1_276' title='bbox 2478 2237 2667 2294; x_wconf 81' lang='lat' dir='ltr'><strong>Eccle-</strong></span> 
     </span>
    </p>
   </div>
   <div class='ocr_carea' id='block_1_38' title="bbox 1067 2337 2669 2412">
    <p class='ocr_par' dir='ltr' id='par_1_38' title="bbox 1067 2337 2669 2412">
     <span class='ocr_line' id='line_1_38' title="bbox 1067 2337 2669 2412; baseline -0.012 -9"><span class='ocrx_word' id='word_1_277' title='bbox 1067 2347 1236 2412; x_wconf 80' lang='lat' dir='ltr'><strong>siam,</strong></span> <span class='ocrx_word' id='word_1_278' title='bbox 1264 2354 1585 2404; x_wconf 70' lang='lat' dir='ltr'><strong>ueteranum</strong></span> <span class='ocrx_word' id='word_1_279' title='bbox 1632 2341 1999 2398; x_wconf 86' lang='lat' dir='ltr'><strong>Eeclesiarum</strong></span> <span class='ocrx_word' id='word_1_280' title='bbox 2030 2337 2327 2408; x_wconf 87' lang='lat' dir='ltr'><strong>principem</strong></span> <span class='ocrx_word' id='word_1_281' title='bbox 2366 2349 2431 2389; x_wconf 91' lang='lat' dir='ltr'><strong>ac</strong></span> <span class='ocrx_word' id='word_1_282' title='bbox 2471 2345 2669 2403; x_wconf 88' lang='lat' dir='ltr'><strong>paren-</strong></span> 
     </span>
    </p>
   </div>
   <div class='ocr_carea' id='block_1_39' title="bbox 1071 2423 2666 2506">
    <p class='ocr_par' dir='ltr' id='par_1_39' title="bbox 1071 2423 2666 2506">
     <span class='ocr_line' id='line_1_39' title="bbox 1071 2423 2666 2506; baseline -0.011 -11"><span class='ocrx_word' id='word_1_283' title='bbox 1071 2447 1206 2503; x_wconf 86' lang='lat' dir='ltr'><strong>tem,</strong></span> <span class='ocrx_word' id='word_1_284' title='bbox 1238 2436 1484 2506; x_wconf 84' lang='lat' dir='ltr'><strong>obsequii</strong></span> <span class='ocrx_word' id='word_1_285' title='bbox 1513 2450 1577 2491; x_wconf 87' lang='lat' dir='ltr'><strong>ac</strong></span> <span class='ocrx_word' id='word_1_286' title='bbox 1603 2433 1822 2505; x_wconf 89' lang='lat' dir='ltr'><strong>pietatis</strong></span> <span class='ocrx_word' id='word_1_287' title='bbox 1847 2425 2121 2487; x_wconf 79' lang='lat' dir='ltr'><strong>arderem.</strong></span> <span class='ocrx_word' id='word_1_288' title='bbox 2150 2427 2285 2484; x_wconf 89' lang='lat' dir='ltr'><strong>Cum</strong></span> <span class='ocrx_word' id='word_1_289' title='bbox 2309 2426 2457 2481; x_wconf 90' lang='lat' dir='ltr'><strong>enim</strong></span> <span class='ocrx_word' id='word_1_290' title='bbox 2485 2423 2666 2480; x_wconf 90' lang='lat' dir='ltr'><strong>omni-</strong></span> 
     </span>
    </p>
   </div>
   <div class='ocr_carea' id='block_1_40' title="bbox 1071 2514 2667 2599">
    <p class='ocr_par' dir='ltr' id='par_1_40' title="bbox 1071 2514 2667 2599">
     <span class='ocr_line' id='line_1_40' title="bbox 1071 2514 2667 2599; baseline -0.011 -14"><span class='ocrx_word' id='word_1_291' title='bbox 1071 2528 1179 2586; x_wconf 81' lang='lat' dir='ltr'><strong>bus</strong></span> <span class='ocrx_word' id='word_1_292' title='bbox 1201 2543 1230 2584; x_wconf 91' lang='lat' dir='ltr'><strong>a</strong></span> <span class='ocrx_word' id='word_1_293' title='bbox 1263 2529 1531 2599; x_wconf 87' lang='lat' dir='ltr'><strong>majorum</strong></span> <span class='ocrx_word' id='word_1_294' title='bbox 1557 2541 1778 2582; x_wconf 91' lang='lat' dir='ltr'><strong>suorum</strong></span> <span class='ocrx_word' id='word_1_295' title='bbox 1802 2525 2004 2579; x_wconf 89' lang='lat' dir='ltr'><strong>virtute</strong></span> <span class='ocrx_word' id='word_1_296' title='bbox 2028 2522 2360 2592; x_wconf 89' lang='lat' dir='ltr'><strong>degenerare</strong></span> <span class='ocrx_word' id='word_1_297' title='bbox 2391 2525 2548 2586; x_wconf 92' lang='lat' dir='ltr'><strong>turpe</strong></span> <span class='ocrx_word' id='word_1_298' title='bbox 2571 2514 2667 2581; x_wconf 91' lang='lat' dir='ltr'><strong>sit,</strong></span> 
     </span>
    </p>
   </div>
   <div class='ocr_carea' id='block_1_41' title="bbox 1072 2607 2668 2688">
    <p class='ocr_par' dir='ltr' id='par_1_41' title="bbox 1072 2607 2668 2688">
     <span class='ocr_line' id='line_1_41' title="bbox 1072 2607 2668 2688; baseline -0.009 -13"><span class='ocrx_word' id='word_1_299' title='bbox 1072 2627 1190 2675; x_wconf 86' lang='lat' dir='ltr'><strong>tum</strong></span> <span class='ocrx_word' id='word_1_300' title='bbox 1223 2617 1326 2674; x_wconf 88' lang='lat' dir='ltr'><strong>illis</strong></span> <span class='ocrx_word' id='word_1_301' title='bbox 1371 2617 1710 2688; x_wconf 87' lang='lat' dir='ltr'><strong>potissimum</strong></span> <span class='ocrx_word' id='word_1_302' title='bbox 1743 2616 1796 2670; x_wconf 89' lang='lat' dir='ltr'><strong>id</strong></span> <span class='ocrx_word' id='word_1_303' title='bbox 1842 2614 1990 2670; x_wconf 92' lang='lat' dir='ltr'><strong>omni</strong></span> <span class='ocrx_word' id='word_1_304' title='bbox 2019 2609 2312 2682; x_wconf 90' lang='lat' dir='ltr'><strong>ignominia</strong></span> <span class='ocrx_word' id='word_1_305' title='bbox 2364 2607 2668 2662; x_wconf 81' lang='lat' dir='ltr'><strong>deformius</strong></span> 
     </span>
    </p>
   </div>
   <div class='ocr_carea' id='block_1_42' title="bbox 1070 2695 2669 2779">
    <p class='ocr_par' dir='ltr' id='par_1_42' title="bbox 1070 2695 2669 2779">
     <span class='ocr_line' id='line_1_42' title="bbox 1070 2695 2669 2779; baseline -0.01 -12"><span class='ocrx_word' id='word_1_306' title='bbox 1070 2723 1200 2767; x_wconf 62' lang='lat' dir='ltr'><strong>eise</strong></span> <span class='ocrx_word' id='word_1_307' title='bbox 1230 2709 1412 2776; x_wconf 88' lang='lat' dir='ltr'><strong>debet,</strong></span> <span class='ocrx_word' id='word_1_308' title='bbox 1439 2708 1530 2779; x_wconf 92' lang='lat' dir='ltr'><strong>qui</strong></span> <span class='ocrx_word' id='word_1_309' title='bbox 1582 2708 1634 2762; x_wconf 91' lang='lat' dir='ltr'><strong>in</strong></span> <span class='ocrx_word' id='word_1_310' title='bbox 1665 2715 1870 2762; x_wconf 72' lang='lat' dir='ltr'><strong>sancta:</strong></span> <span class='ocrx_word' id='word_1_311' title='bbox 1913 2703 2188 2774; x_wconf 90' lang='lat' dir='ltr'><strong>religionis</strong></span> <span class='ocrx_word' id='word_1_312' title='bbox 2227 2700 2406 2755; x_wconf 88' lang='lat' dir='ltr'><strong>studio</strong></span> <span class='ocrx_word' id='word_1_313' title='bbox 2448 2695 2669 2770; x_wconf 88' lang='lat' dir='ltr'><strong>gloriosi</strong></span> 
     </span>
    </p>
   </div>
   <div class='ocr_carea' id='block_1_43' title="bbox 1072 2791 2669 2861">
    <p class='ocr_par' dir='ltr' id='par_1_43' title="bbox 1072 2791 2669 2861">
     <span class='ocr_line' id='line_1_43' title="bbox 1072 2791 2669 2861; baseline -0.008 -4"><span class='ocrx_word' id='word_1_314' title='bbox 1072 2801 1396 2857; x_wconf 88' lang='lat' dir='ltr'><strong>certaminis</strong></span> <span class='ocrx_word' id='word_1_315' title='bbox 1443 2815 1662 2855; x_wconf 88' lang='lat' dir='ltr'><strong>cursum</strong></span> <span class='ocrx_word' id='word_1_316' title='bbox 1726 2797 1996 2854; x_wconf 89' lang='lat' dir='ltr'><strong>conficere</strong></span> <span class='ocrx_word' id='word_1_317' title='bbox 2059 2801 2366 2850; x_wconf 89' lang='lat' dir='ltr'><strong>statuerunt</strong></span> <span class='ocrx_word' id='word_1_318' title='bbox 2411 2809 2424 2846; x_wconf 91' lang='lat'>:</span> <span class='ocrx_word' id='word_1_319' title='bbox 2474 2791 2669 2861; x_wconf 90' lang='lat' dir='ltr'><strong>quibus</strong></span> 
     </span>
    </p>
   </div>
   <div class='ocr_carea' id='block_1_44' title="bbox 1074 2884 2670 2964">
    <p class='ocr_par' dir='ltr' id='par_1_44' title="bbox 1074 2884 2670 2964">
     <span class='ocr_line' id='line_1_44' title="bbox 1074 2884 2670 2964; baseline -0.009 -13"><span class='ocrx_word' id='word_1_320' title='bbox 1074 2892 1169 2951; x_wconf 84' lang='lat' dir='ltr'><strong>illa</strong></span> <span class='ocrx_word' id='word_1_321' title='bbox 1197 2893 1472 2964; x_wconf 88' lang='lat' dir='ltr'><strong>pr0posita</strong></span> <span class='ocrx_word' id='word_1_322' title='bbox 1505 2901 1586 2947; x_wconf 87' lang='lat' dir='ltr'><strong>est</strong></span> <span class='ocrx_word' id='word_1_323' title='bbox 1607 2889 2013 2961; x_wconf 79' lang='lat' dir='ltr'><strong>expeditissima</strong></span> <span class='ocrx_word' id='word_1_324' title='bbox 2051 2887 2191 2942; x_wconf 91' lang='lat' dir='ltr'><strong>ratio</strong></span> <span class='ocrx_word' id='word_1_325' title='bbox 2218 2884 2494 2948; x_wconf 82' lang='lat' dir='ltr'><strong>vincendi,</strong></span> <span class='ocrx_word' id='word_1_326' title='bbox 2523 2891 2670 2937; x_wconf 89' lang='lat' dir='ltr'><strong>retro</strong></span> 
     </span>
    </p>
   </div>
   <div class='ocr_carea' id='block_1_45' title="bbox 1073 2977 2668 3058">
    <p class='ocr_par' dir='ltr' id='par_1_45' title="bbox 1073 2977 2668 3058">
     <span class='ocr_line' id='line_1_45' title="bbox 1073 2977 2668 3058; baseline -0.01 -14"><span class='ocrx_word' id='word_1_327' title='bbox 1073 2987 1265 3044; x_wconf 90' lang='lat' dir='ltr'><strong>oculos</strong></span> <span class='ocrx_word' id='word_1_328' title='bbox 1293 3001 1570 3058; x_wconf 90' lang='lat' dir='ltr'><strong>nunquam</strong></span> <span class='ocrx_word' id='word_1_329' title='bbox 1601 2983 1838 3048; x_wconf 85' lang='lat' dir='ltr'><strong>flectere,</strong></span> <span class='ocrx_word' id='word_1_330' title='bbox 1870 2997 1972 3038; x_wconf 89' lang='lat' dir='ltr'><strong>nec</strong></span> <span class='ocrx_word' id='word_1_331' title='bbox 2009 2982 2062 3036; x_wconf 90' lang='lat' dir='ltr'><strong>in</strong></span> <span class='ocrx_word' id='word_1_332' title='bbox 2100 2980 2279 3036; x_wconf 90' lang='lat' dir='ltr'><strong>medio</strong></span> <span class='ocrx_word' id='word_1_333' title='bbox 2302 2977 2668 3034; x_wconf 82' lang='lat' dir='ltr'><strong>deficientium</strong></span> 
     </span>
    </p>
   </div>
   <div class='ocr_carea' id='block_1_46' title="bbox 1078 3065 2669 3141">
    <p class='ocr_par' dir='ltr' id='par_1_46' title="bbox 1078 3065 2669 3141">
     <span class='ocr_line' id='line_1_46' title="bbox 1078 3065 2669 3141; baseline -0.008 -9"><span class='ocrx_word' id='word_1_334' title='bbox 1078 3077 1452 3133; x_wconf 86' lang='lat' dir='ltr'><strong>lassitudinem</strong></span> <span class='ocrx_word' id='word_1_335' title='bbox 1486 3075 1705 3138; x_wconf 86' lang='lat' dir='ltr'><strong>imitari,</strong></span> <span class='ocrx_word' id='word_1_336' title='bbox 1743 3074 1838 3130; x_wconf 89' lang='lat' dir='ltr'><strong>sed</strong></span> <span class='ocrx_word' id='word_1_337' title='bbox 1879 3082 2102 3129; x_wconf 89' lang='lat' dir='ltr'><strong>strenue</strong></span> <span class='ocrx_word' id='word_1_338' title='bbox 2132 3069 2489 3141; x_wconf 86' lang='lat' dir='ltr'><strong>praeeuntium</strong></span> <span class='ocrx_word' id='word_1_339' title='bbox 2519 3065 2669 3122; x_wconf 86' lang='lat' dir='ltr'><strong>forti-</strong></span> 
     </span>
    </p>
   </div>
   <div class='ocr_carea' id='block_1_47' title="bbox 1078 3161 2670 3240">
    <p class='ocr_par' dir='ltr' id='par_1_47' title="bbox 1078 3161 2670 3240">
     <span class='ocr_line' id='line_1_47' title="bbox 1078 3161 2670 3240; baseline -0.008 -14"><span class='ocrx_word' id='word_1_340' title='bbox 1078 3180 1167 3227; x_wconf 87' lang='lat' dir='ltr'><strong>ter</strong></span> <span class='ocrx_word' id='word_1_341' title='bbox 1192 3169 1396 3225; x_wconf 69' lang='lat' dir='ltr'><strong>merere</strong></span> <span class='ocrx_word' id='word_1_342' title='bbox 1422 3168 1683 3240; x_wconf 87' lang='lat' dir='ltr'><strong>vestigiis.</strong></span> <span class='ocrx_word' id='word_1_343' title='bbox 1717 3166 1979 3235; x_wconf 87' lang='lat' dir='ltr'><strong>Quamvis</strong></span> <span class='ocrx_word' id='word_1_344' title='bbox 2012 3164 2146 3219; x_wconf 91' lang='lat' dir='ltr'><strong>mihi</strong></span> <span class='ocrx_word' id='word_1_345' title='bbox 2185 3163 2348 3219; x_wconf 91' lang='lat' dir='ltr'><strong>etiam</strong></span> <span class='ocrx_word' id='word_1_346' title='bbox 2377 3161 2670 3217; x_wconf 86' lang='lat' dir='ltr'><strong>domestica</strong></span> 
     </span>
    </p>
   </div>
   <div class='ocr_carea' id='block_1_48' title="bbox 2769 1966 4371 2044">
    <p class='ocr_par' dir='ltr' id='par_1_48' title="bbox 2769 1966 4371 2044">
     <span class='ocr_line' id='line_1_48' title="bbox 2769 1966 4371 2044; baseline -0.012 -17"><span class='ocrx_word' id='word_1_347' title='bbox 2769 1990 2908 2044; x_wconf 68' lang='lat' dir='ltr'><strong>qum,</strong></span> <span class='ocrx_word' id='word_1_348' title='bbox 2943 1987 3066 2028; x_wconf 91' lang='lat' dir='ltr'><strong>cum</strong></span> <span class='ocrx_word' id='word_1_349' title='bbox 3098 1968 3309 2025; x_wconf 89' lang='lat' dir='ltr'><strong>ordinis</strong></span> <span class='ocrx_word' id='word_1_350' title='bbox 3353 1966 3483 2030; x_wconf 90' lang='lat' dir='ltr'><strong>mei,</strong></span> <span class='ocrx_word' id='word_1_351' title='bbox 3517 1975 3629 2020; x_wconf 91' lang='lat' dir='ltr'><strong>tum</strong></span> <span class='ocrx_word' id='word_1_352' title='bbox 3657 1967 3922 2035; x_wconf 85' lang='lat' dir='ltr'><strong>majorum</strong></span> <span class='ocrx_word' id='word_1_353' title='bbox 3966 1973 4208 2014; x_wconf 87' lang='lat' dir='ltr'><strong>meorum</strong></span> <span class='ocrx_word' id='word_1_354' title='bbox 4239 1970 4371 2026; x_wconf 87' lang='lat' dir='ltr'><strong>erga</strong></span> 
     </span>
    </p>
   </div>
   <div class='ocr_carea' id='block_1_49' title="bbox 2767 2050 4372 2133">
    <p class='ocr_par' dir='ltr' id='par_1_49' title="bbox 2767 2050 4372 2133">
     <span class='ocr_line' id='line_1_49' title="bbox 2767 2050 4372 2133; baseline -0.015 -11"><span class='ocrx_word' id='word_1_355' title='bbox 2767 2066 2952 2121; x_wconf 88' lang='lat' dir='ltr'><strong>sedem</strong></span> <span class='ocrx_word' id='word_1_356' title='bbox 2986 2061 3364 2133; x_wconf 87' lang='lat' dir='ltr'><strong>apostolicam,</strong></span> <span class='ocrx_word' id='word_1_357' title='bbox 3393 2055 3699 2112; x_wconf 83' lang='lat' dir='ltr'><strong>devotionis</strong></span> <span class='ocrx_word' id='word_1_358' title='bbox 3747 2062 3802 2109; x_wconf 93' lang='lat' dir='ltr'><strong>ct</strong></span> <span class='ocrx_word' id='word_1_359' title='bbox 3829 2050 4192 2108; x_wconf 81' lang='lat' dir='ltr'><strong>observantia:</strong></span> <span class='ocrx_word' id='word_1_360' title='bbox 4244 2061 4372 2117; x_wconf 82' lang='lat' dir='ltr'><strong>spe-</strong></span> 
     </span>
    </p>
   </div>
   <div class='ocr_carea' id='block_1_50' title="bbox 2770 2137 4374 2214">
    <p class='ocr_par' dir='ltr' id='par_1_50' title="bbox 2770 2137 4374 2214">
     <span class='ocr_line' id='line_1_50' title="bbox 2770 2137 4374 2214; baseline -0.012 -2"><span class='ocrx_word' id='word_1_361' title='bbox 2770 2157 2945 2212; x_wconf 86' lang='lat' dir='ltr'><strong>cimen</strong></span> <span class='ocrx_word' id='word_1_362' title='bbox 2978 2153 3033 2208; x_wconf 86' lang='lat' dir='ltr'><strong>in</strong></span> <span class='ocrx_word' id='word_1_363' title='bbox 3067 2167 3154 2206; x_wconf 89' lang='lat' dir='ltr'><strong>me</strong></span> <span class='ocrx_word' id='word_1_364' title='bbox 3192 2163 3303 2205; x_wconf 88' lang='lat' dir='ltr'><strong>uno</strong></span> <span class='ocrx_word' id='word_1_365' title='bbox 3343 2148 3485 2204; x_wconf 85' lang='lat' dir='ltr'><strong>haud</strong></span> <span class='ocrx_word' id='word_1_366' title='bbox 3513 2146 3746 2202; x_wconf 89' lang='lat' dir='ltr'><strong>obscure</strong></span> <span class='ocrx_word' id='word_1_367' title='bbox 3772 2157 4194 2214; x_wconf 87' lang='lat' dir='ltr'><strong>recognoscere;</strong></span> <span class='ocrx_word' id='word_1_368' title='bbox 4228 2143 4300 2195; x_wconf 88' lang='lat' dir='ltr'><strong>ita</strong></span> <span class='ocrx_word' id='word_1_369' title='bbox 4326 2137 4374 2194; x_wconf 88' lang='lat' dir='ltr'><strong>si</strong></span> 
     </span>
    </p>
   </div>
   <div class='ocr_carea' id='block_1_51' title="bbox 2769 2232 4376 2315">
    <p class='ocr_par' dir='ltr' id='par_1_51' title="bbox 2769 2232 4376 2315">
     <span class='ocr_line' id='line_1_51' title="bbox 2769 2232 4376 2315; baseline -0.008 -15"><span class='ocrx_word' id='word_1_370' title='bbox 2769 2249 2879 2302; x_wconf 83' lang='lat' dir='ltr'><strong>vita</strong></span> <span class='ocrx_word' id='word_1_371' title='bbox 2905 2247 3037 2301; x_wconf 90' lang='lat' dir='ltr'><strong>mihi</strong></span> <span class='ocrx_word' id='word_1_372' title='bbox 3070 2252 3353 2315; x_wconf 88' lang='lat' dir='ltr'><strong>suppetet,</strong></span> <span class='ocrx_word' id='word_1_373' title='bbox 3385 2239 3718 2312; x_wconf 80' lang='lat' dir='ltr'><strong>amabitque,</strong></span> <span class='ocrx_word' id='word_1_374' title='bbox 3747 2247 3808 2293; x_wconf 92' lang='lat' dir='ltr'><strong>ut</strong></span> <span class='ocrx_word' id='word_1_375' title='bbox 3845 2235 3995 2300; x_wconf 86' lang='lat' dir='ltr'><strong>facit,</strong></span> <span class='ocrx_word' id='word_1_376' title='bbox 4039 2232 4376 2289; x_wconf 84' lang='lat' dir='ltr'><strong>incredibilis</strong></span> 
     </span>
    </p>
   </div>
   <div class='ocr_carea' id='block_1_52' title="bbox 2772 2322 4378 2407">
    <p class='ocr_par' dir='ltr' id='par_1_52' title="bbox 2772 2322 4378 2407">
     <span class='ocr_line' id='line_1_52' title="bbox 2772 2322 4378 2407; baseline -0.009 -15"><span class='ocrx_word' id='word_1_377' title='bbox 2772 2350 2877 2394; x_wconf 82' lang='lat' dir='ltr'><strong>tua:</strong></span> <span class='ocrx_word' id='word_1_378' title='bbox 2907 2337 3065 2393; x_wconf 83' lang='lat' dir='ltr'><strong>istius</strong></span> <span class='ocrx_word' id='word_1_379' title='bbox 3091 2333 3446 2407; x_wconf 87' lang='lat' dir='ltr'><strong>benignitatis</strong></span> <span class='ocrx_word' id='word_1_380' title='bbox 3465 2346 3619 2397; x_wconf 81' lang='lat' dir='ltr'><strong>aura,</strong></span> <span class='ocrx_word' id='word_1_381' title='bbox 3643 2329 3816 2402; x_wconf 87' lang='lat' dir='ltr'><strong>magis</strong></span> <span class='ocrx_word' id='word_1_382' title='bbox 3842 2322 4121 2399; x_wconf 82' lang='lat' dir='ltr'><strong>magisque</strong></span> <span class='ocrx_word' id='word_1_383' title='bbox 4147 2322 4378 2394; x_wconf 82' lang='lat' dir='ltr'><strong>posthac</strong></span> 
     </span>
    </p>
   </div>
   <div class='ocr_carea' id='block_1_53' title="bbox 2770 2430 3198 2503">
    <p class='ocr_par' dir='ltr' id='par_1_53' title="bbox 2770 2430 3198 2503">
     <span class='ocr_line' id='line_1_53' title="bbox 2770 2430 3198 2503; baseline -0.012 -15"><span class='ocrx_word' id='word_1_384' title='bbox 2770 2430 3198 2503; x_wconf 82' lang='lat' dir='ltr'><strong>recognituram.</strong></span> 
     </span>
    </p>
   </div>
   <div class='ocr_carea' id='block_1_54' title="bbox 2843 2506 4380 2577">
    <p class='ocr_par' dir='ltr' id='par_1_54' title="bbox 2843 2506 4380 2577">
     <span class='ocr_line' id='line_1_54' title="bbox 2843 2506 4380 2577; baseline -0.01 -1"><span class='ocrx_word' id='word_1_385' title='bbox 2843 2522 3066 2577; x_wconf 83' lang='lat' dir='ltr'><strong>Interim</strong></span> <span class='ocrx_word' id='word_1_386' title='bbox 3117 2519 3367 2574; x_wconf 90' lang='lat' dir='ltr'><strong>ultimum</strong></span> <span class='ocrx_word' id='word_1_387' title='bbox 3423 2516 3570 2572; x_wconf 90' lang='lat' dir='ltr'><strong>hunc</strong></span> <span class='ocrx_word' id='word_1_388' title='bbox 3633 2513 3776 2569; x_wconf 87' lang='lat' dir='ltr'><strong>illius</strong></span> <span class='ocrx_word' id='word_1_389' title='bbox 3813 2507 4107 2568; x_wconf 90' lang='lat' dir='ltr'><strong>clarissimi</strong></span> <span class='ocrx_word' id='word_1_390' title='bbox 4157 2506 4284 2562; x_wconf 86' lang='lat' dir='ltr'><strong>olim</strong></span> <span class='ocrx_word' id='word_1_391' title='bbox 4323 2513 4380 2562; x_wconf 87' lang='lat' dir='ltr'><strong>et</strong></span> 
     </span>
    </p>
   </div>
   <div class='ocr_carea' id='block_1_55' title="bbox 2771 2596 4378 2680">
    <p class='ocr_par' dir='ltr' id='par_1_55' title="bbox 2771 2596 4378 2680">
     <span class='ocr_line' id='line_1_55' title="bbox 2771 2596 4378 2680; baseline -0.011 -11"><span class='ocrx_word' id='word_1_392' title='bbox 2771 2612 3101 2670; x_wconf 89' lang='lat' dir='ltr'><strong>sanctissimi</strong></span> <span class='ocrx_word' id='word_1_393' title='bbox 3154 2608 3447 2666; x_wconf 87' lang='lat' dir='ltr'><strong>cardinalis</strong></span> <span class='ocrx_word' id='word_1_394' title='bbox 3483 2605 3746 2680; x_wconf 88' lang='lat' dir='ltr'><strong>episcopi,</strong></span> <span class='ocrx_word' id='word_1_395' title='bbox 3807 2612 3863 2660; x_wconf 89' lang='lat' dir='ltr'><strong>et</strong></span> <span class='ocrx_word' id='word_1_396' title='bbox 3923 2599 4074 2658; x_wconf 86' lang='lat' dir='ltr'><strong>Petri</strong></span> <span class='ocrx_word' id='word_1_397' title='bbox 4127 2596 4378 2654; x_wconf 84' lang='lat' dir='ltr'><strong>Damiani</strong></span> 
     </span>
    </p>
   </div>
   <div class='ocr_carea' id='block_1_56' title="bbox 2774 2689 4381 2772">
    <p class='ocr_par' dir='ltr' id='par_1_56' title="bbox 2774 2689 4381 2772">
     <span class='ocr_line' id='line_1_56' title="bbox 2774 2689 4381 2772; baseline -0.012 -10"><span class='ocrx_word' id='word_1_398' title='bbox 2774 2715 2977 2762; x_wconf 84' lang='lat' dir='ltr'><strong>tomum</strong></span> <span class='ocrx_word' id='word_1_399' title='bbox 3009 2743 3023 2768; x_wconf 93' lang='lat'><strong>,</strong></span> <span class='ocrx_word' id='word_1_400' title='bbox 3065 2702 3156 2772; x_wconf 93' lang='lat' dir='ltr'><strong>qui</strong></span> <span class='ocrx_word' id='word_1_401' title='bbox 3196 2701 3308 2770; x_wconf 86' lang='lat' dir='ltr'><strong>jam</strong></span> <span class='ocrx_word' id='word_1_402' title='bbox 3336 2740 3350 2765; x_wconf 96' lang='lat'><strong>,</strong></span> <span class='ocrx_word' id='word_1_403' title='bbox 3387 2701 3497 2755; x_wconf 91' lang='lat' dir='ltr'><strong>Deo</strong></span> <span class='ocrx_word' id='word_1_404' title='bbox 3541 2697 3761 2768; x_wconf 90' lang='lat' dir='ltr'><strong>auspice</strong></span> <span class='ocrx_word' id='word_1_405' title='bbox 3789 2736 3804 2761; x_wconf 91' lang='lat'><strong>,</strong></span> <span class='ocrx_word' id='word_1_406' title='bbox 3861 2710 3890 2748; x_wconf 91' lang='lat' dir='ltr'><strong>a</strong></span> <span class='ocrx_word' id='word_1_407' title='bbox 3933 2707 4018 2748; x_wconf 89' lang='lat' dir='ltr'><strong>me</strong></span> <span class='ocrx_word' id='word_1_408' title='bbox 4048 2707 4172 2747; x_wconf 88' lang='lat' dir='ltr'><strong>cum</strong></span> <span class='ocrx_word' id='word_1_409' title='bbox 4204 2689 4381 2744; x_wconf 88' lang='lat' dir='ltr'><strong>tribus</strong></span> 
     </span>
    </p>
   </div>
   <div class='ocr_carea' id='block_1_57' title="bbox 2774 2786 4384 2863">
    <p class='ocr_par' dir='ltr' id='par_1_57' title="bbox 2774 2786 4384 2863">
     <span class='ocr_line' id='line_1_57' title="bbox 2774 2786 4384 2863; baseline -0.012 -10"><span class='ocrx_word' id='word_1_410' title='bbox 2774 2800 2897 2854; x_wconf 90' lang='lat' dir='ltr'><strong>aliis</strong></span> <span class='ocrx_word' id='word_1_411' title='bbox 2947 2815 2975 2853; x_wconf 93' lang='lat' dir='ltr'><strong>a</strong></span> <span class='ocrx_word' id='word_1_412' title='bbox 3011 2795 3249 2854; x_wconf 85' lang='lat' dir='ltr'><strong>tenebris</strong></span> <span class='ocrx_word' id='word_1_413' title='bbox 3295 2802 3459 2863; x_wconf 90' lang='lat' dir='ltr'><strong>atque</strong></span> <span class='ocrx_word' id='word_1_414' title='bbox 3496 2791 3769 2847; x_wconf 86' lang='lat' dir='ltr'><strong>oblivione</strong></span> <span class='ocrx_word' id='word_1_415' title='bbox 3805 2786 4115 2842; x_wconf 89' lang='lat' dir='ltr'><strong>vindicatus</strong></span> <span class='ocrx_word' id='word_1_416' title='bbox 4151 2791 4232 2838; x_wconf 88' lang='lat' dir='ltr'><strong>cst</strong></span> <span class='ocrx_word' id='word_1_417' title='bbox 4259 2823 4274 2842; x_wconf 86' lang='lat'><strong>,</strong></span> <span class='ocrx_word' id='word_1_418' title='bbox 4324 2790 4384 2835; x_wconf 86' lang='lat' dir='ltr'><strong>at</strong></span> 
     </span>
    </p>
   </div>
   <div class='ocr_carea' id='block_1_58' title="bbox 2777 2874 4379 2958">
    <p class='ocr_par' dir='ltr' id='par_1_58' title="bbox 2777 2874 4379 2958">
     <span class='ocr_line' id='line_1_58' title="bbox 2777 2874 4379 2958; baseline -0.011 -14"><span class='ocrx_word' id='word_1_419' title='bbox 2777 2902 2870 2944; x_wconf 90' lang='lat' dir='ltr'><strong>tuo</strong></span> <span class='ocrx_word' id='word_1_420' title='bbox 2900 2891 3124 2943; x_wconf 86' lang='lat' dir='ltr'><strong>munere</strong></span> <span class='ocrx_word' id='word_1_421' title='bbox 3145 2885 3357 2958; x_wconf 90' lang='lat' dir='ltr'><strong>publica</strong></span> <span class='ocrx_word' id='word_1_422' title='bbox 3385 2884 3506 2938; x_wconf 89' lang='lat' dir='ltr'><strong>luce</strong></span> <span class='ocrx_word' id='word_1_423' title='bbox 3533 2880 3751 2946; x_wconf 90' lang='lat' dir='ltr'><strong>fruitur,</strong></span> <span class='ocrx_word' id='word_1_424' title='bbox 3777 2877 3936 2933; x_wconf 87' lang='lat' dir='ltr'><strong>hilari</strong></span> <span class='ocrx_word' id='word_1_425' title='bbox 3969 2875 4149 2930; x_wconf 88' lang='lat' dir='ltr'><strong>fronte</strong></span> <span class='ocrx_word' id='word_1_426' title='bbox 4169 2874 4379 2944; x_wconf 85' lang='lat' dir='ltr'><strong>accipe;</strong></span> 
     </span>
    </p>
   </div>
   <div class='ocr_carea' id='block_1_59' title="bbox 2775 2963 4380 3050">
    <p class='ocr_par' dir='ltr' id='par_1_59' title="bbox 2775 2963 4380 3050">
     <span class='ocr_line' id='line_1_59' title="bbox 2775 2963 4380 3050; baseline -0.011 -15"><span class='ocrx_word' id='word_1_427' title='bbox 2775 2990 2830 3036; x_wconf 91' lang='lat' dir='ltr'><strong>et</strong></span> <span class='ocrx_word' id='word_1_428' title='bbox 2855 2994 2958 3050; x_wconf 90' lang='lat' dir='ltr'><strong>qua</strong></span> <span class='ocrx_word' id='word_1_429' title='bbox 2992 2978 3134 3034; x_wconf 85' lang='lat' dir='ltr'><strong>soles</strong></span> <span class='ocrx_word' id='word_1_430' title='bbox 3171 2974 3514 3033; x_wconf 88' lang='lat' dir='ltr'><strong>humanitate</strong></span> <span class='ocrx_word' id='word_1_431' title='bbox 3539 3015 3554 3038; x_wconf 91' lang='lat'><strong>,</strong></span> <span class='ocrx_word' id='word_1_432' title='bbox 3598 2969 3983 3043; x_wconf 90' lang='lat' dir='ltr'><strong>complectere.</strong></span> <span class='ocrx_word' id='word_1_433' title='bbox 4029 2966 4181 3022; x_wconf 78' lang='lat' dir='ltr'><strong>Dens</strong></span> <span class='ocrx_word' id='word_1_434' title='bbox 4197 2963 4380 3020; x_wconf 90' lang='lat' dir='ltr'><strong>omni-</strong></span> 
     </span>
    </p>
   </div>
   <div class='ocr_carea' id='block_1_60' title="bbox 2775 3056 4386 3141">
    <p class='ocr_par' dir='ltr' id='par_1_60' title="bbox 2775 3056 4386 3141">
     <span class='ocr_line' id='line_1_60' title="bbox 2775 3056 4386 3141; baseline -0.011 -15"><span class='ocrx_word' id='word_1_435' title='bbox 2775 3079 2968 3141; x_wconf 90' lang='lat' dir='ltr'><strong>potens</strong></span> <span class='ocrx_word' id='word_1_436' title='bbox 3015 3067 3220 3124; x_wconf 79' lang='lat' dir='ltr'><strong>salvam</strong></span> <span class='ocrx_word' id='word_1_437' title='bbox 3264 3066 3355 3122; x_wconf 93' lang='lat' dir='ltr'><strong>diu</strong></span> <span class='ocrx_word' id='word_1_438' title='bbox 3403 3065 3796 3134; x_wconf 84' lang='lat' dir='ltr'><strong>florentemque</strong></span> <span class='ocrx_word' id='word_1_439' title='bbox 3847 3061 4170 3117; x_wconf 75' lang='lat' dir='ltr'><strong>Christianm</strong></span> <span class='ocrx_word' id='word_1_440' title='bbox 4203 3056 4386 3125; x_wconf 86' lang='lat' dir='ltr'><strong>reipu-</strong></span> 
     </span>
    </p>
   </div>
   <div class='ocr_carea' id='block_1_61' title="bbox 2777 3152 4385 3223">
    <p class='ocr_par' dir='ltr' id='par_1_61' title="bbox 2777 3152 4385 3223">
     <span class='ocr_line' id='line_1_61' title="bbox 2777 3152 4385 3223; baseline -0.009 -7"><span class='ocrx_word' id='word_1_441' title='bbox 2777 3162 2931 3216; x_wconf 65' lang='lat' dir='ltr'><strong>blica:</strong></span> <span class='ocrx_word' id='word_1_442' title='bbox 2955 3161 3307 3216; x_wconf 89' lang='lat' dir='ltr'><strong>sanctitatem</strong></span> <span class='ocrx_word' id='word_1_443' title='bbox 3347 3165 3493 3211; x_wconf 89' lang='lat' dir='ltr'><strong>tuam</strong></span> <span class='ocrx_word' id='word_1_444' title='bbox 3524 3164 3830 3220; x_wconf 80' lang='lat' dir='ltr'><strong>conservet,</strong></span> <span class='ocrx_word' id='word_1_445' title='bbox 3865 3152 4216 3223; x_wconf 83' lang='lat' dir='ltr'><strong>ejusdemque</strong></span> <span class='ocrx_word' id='word_1_446' title='bbox 4258 3154 4385 3204; x_wconf 90' lang='lat' dir='ltr'><strong>vota</strong></span> 
     </span>
    </p>
   </div>
   <div class='ocr_carea' id='block_1_62' title="bbox 1078 3233 3588 3330">
    <p class='ocr_par' dir='ltr' id='par_1_62' title="bbox 1078 3233 3588 3330">
     <span class='ocr_line' id='line_1_62' title="bbox 1078 3233 3588 3330; baseline -0.007 -14"><span class='ocrx_word' id='word_1_447' title='bbox 1078 3259 1330 3330; x_wconf 80' lang='lat' dir='ltr'><strong>exempla</strong></span> <span class='ocrx_word' id='word_1_448' title='bbox 1380 3233 1642 3328; x_wconf 73' lang='lat' dir='ltr'><strong>majorum</strong></span> <span class='ocrx_word' id='word_1_449' title='bbox 1665 3298 1680 3325; x_wconf 88' lang='lat'><strong>,</strong></span> <span class='ocrx_word' id='word_1_450' title='bbox 1719 3233 1757 3312; x_wconf 82' lang='lat' dir='ltr'><strong>a</strong></span> <span class='ocrx_word' id='word_1_451' title='bbox 1799 3256 1995 3327; x_wconf 90' lang='lat' dir='ltr'><strong>quibus</strong></span> <span class='ocrx_word' id='word_1_452' title='bbox 2048 3254 2103 3310; x_wconf 92' lang='lat' dir='ltr'><strong>in</strong></span> <span class='ocrx_word' id='word_1_453' title='bbox 2160 3251 2358 3309; x_wconf 66' lang='lat' dir='ltr'><strong>saeculo</strong></span> <span class='ocrx_word' id='word_1_454' title='bbox 2404 3251 2670 3321; x_wconf 90' lang='lat' dir='ltr'><strong>originem</strong></span> <span class='ocrx_word' id='word_1_455' title='bbox 2700 3233 2746 3296; x_wconf 65' lang='grc' dir='ltr'><strong>(ἶ</strong></span> <span class='ocrx_word' id='word_1_456' title='bbox 2779 3261 3063 3325; x_wconf 66' lang='lat' dir='ltr'><strong>cceptaque</strong></span> <span class='ocrx_word' id='word_1_457' title='bbox 3087 3251 3274 3308; x_wconf 81' lang='lat' dir='ltr'><strong>omnia</strong></span> <span class='ocrx_word' id='word_1_458' title='bbox 3312 3248 3588 3305; x_wconf 87' lang='lat' dir='ltr'><strong>fecuudet.</strong></span> 
     </span>
    </p>
   </div>
   <div class='ocr_carea' id='block_1_63' title="bbox 1111 3431 1603 3468">
    <p class='ocr_par' dir='ltr' id='par_1_63' title="bbox 1111 3431 1603 3468">
     <span class='ocr_line' id='line_1_63' title="bbox 1111 3431 1603 3468; baseline -0.02 1"><span class='ocrx_word' id='word_1_459' title='bbox 1111 3431 1603 3468; x_wconf 49' lang='lat' dir='ltr'><strong>zzz-=-</strong></span> 
     </span>
    </p>
   </div>
   <div class='ocr_carea' id='block_1_64' title="bbox 2463 3410 4192 3438">
    <p class='ocr_par' dir='ltr' id='par_1_64' title="bbox 2463 3410 4192 3438">
     <span class='ocr_line' id='line_1_64' title="bbox 2463 3410 4192 3438; baseline -0.01 0"><span class='ocrx_word' id='word_1_460' title='bbox 2463 3410 4192 3438; x_wconf 52' lang='grc' dir='ltr'><strong>Μη-</strong></span> 
     </span>
    </p>
   </div>
   <div class='ocr_carea' id='block_1_65' title="bbox 1828 3547 3637 3716">
    <p class='ocr_par' dir='ltr' id='par_1_65' title="bbox 1828 3547 3637 3716">
     <span class='ocr_line' id='line_1_65' title="bbox 1828 3547 3637 3716; baseline -0.009 1"><span class='ocrx_word' id='word_1_461' title='bbox 1828 3572 2001 3716; x_wconf 90' lang='grc' dir='ltr'><strong>Β.</strong></span> <span class='ocrx_word' id='word_1_462' title='bbox 2127 3559 2704 3713; x_wconf 81' lang='lat' dir='ltr'>PETRI</span> <span class='ocrx_word' id='word_1_463' title='bbox 2813 3547 3562 3708; x_wconf 88' lang='lat' dir='ltr'><strong>DAMlAN</strong></span> <span class='ocrx_word' id='word_1_464' title='bbox 3569 3554 3637 3701; x_wconf 94' lang='grc' dir='ltr'>Ι</span> 
     </span>
    </p>
   </div>
   <div class='ocr_carea' id='block_1_66' title="bbox 2369 3801 3099 3862">
    <p class='ocr_par' dir='ltr' id='par_1_66' title="bbox 2369 3801 3099 3862">
     <span class='ocr_line' id='line_1_66' title="bbox 2369 3801 3099 3862; baseline -0.007 0"><span class='ocrx_word' id='word_1_465' title='bbox 2369 3811 2428 3862; x_wconf 86' lang='lat' dir='ltr'><strong>S.</strong></span> <span class='ocrx_word' id='word_1_466' title='bbox 2468 3809 2536 3862; x_wconf 83' lang='grc' dir='ltr'>ιι.</span> <span class='ocrx_word' id='word_1_467' title='bbox 2580 3806 2637 3862; x_wconf 82' lang='grc' dir='ltr'><strong>Ε.</strong></span> <span class='ocrx_word' id='word_1_468' title='bbox 2683 3801 3099 3861; x_wconf 70' lang='lat' dir='ltr'><strong>CARDINALIS</strong></span> 
     </span>
    </p>
   </div>
   <div class='ocr_carea' id='block_1_67' title="bbox 1538 3980 3930 4126">
    <p class='ocr_par' dir='ltr' id='par_1_67' title="bbox 1538 3980 3930 4126">
     <span class='ocr_line' id='line_1_67' title="bbox 1538 3980 3930 4126; baseline -0.008 0"><span class='ocrx_word' id='word_1_469' title='bbox 1538 3988 2262 4126; x_wconf 82' lang='lat' dir='ltr'><strong>CARMINA</strong></span> <span class='ocrx_word' id='word_1_470' title='bbox 2355 3980 2869 4117; x_wconf 79' lang='lat' dir='ltr'><strong>SACRA</strong></span> <span class='ocrx_word' id='word_1_471' title='bbox 2986 3985 3185 4107; x_wconf 85' lang='lat' dir='ltr'><strong>ET</strong></span> <span class='ocrx_word' id='word_1_472' title='bbox 3281 3981 3930 4110; x_wconf 81' lang='lat' dir='ltr'><strong>PBECES.</strong></span> 
     </span>
    </p>
   </div>
   <div class='ocr_carea' id='block_1_68' title="bbox 1352 4359 2424 4440">
    <p class='ocr_par' dir='ltr' id='par_1_68' title="bbox 1352 4359 2424 4440">
     <span class='ocr_line' id='line_1_68' title="bbox 1352 4359 2424 4440; baseline -0.007 -19"><span class='ocrx_word' id='word_1_473' title='bbox 1352 4365 1617 4440; x_wconf 65' lang='lat' dir='ltr'><strong>loa—l.</strong></span> <span class='ocrx_word' id='word_1_474' title='bbox 1644 4364 1831 4422; x_wconf 80' lang='lat' dir='ltr'><strong>Oratio</strong></span> <span class='ocrx_word' id='word_1_475' title='bbox 1864 4362 1934 4418; x_wconf 84' lang='lat' dir='ltr'><strong>ad</strong></span> <span class='ocrx_word' id='word_1_476' title='bbox 1979 4361 2148 4418; x_wconf 82' lang='lat' dir='ltr'><strong>Deum</strong></span> <span class='ocrx_word' id='word_1_477' title='bbox 2190 4359 2424 4416; x_wconf 81' lang='lat' dir='ltr'><strong>Patrem.</strong></span> 
     </span>
    </p>
   </div>
   <div class='ocr_carea' id='block_1_69' title="bbox 1159 4452 2674 4532">
    <p class='ocr_par' dir='ltr' id='par_1_69' title="bbox 1159 4452 2674 4532">
     <span class='ocr_line' id='line_1_69' title="bbox 1159 4452 2674 4532; baseline -0.007 -14"><span class='ocrx_word' id='word_1_478' title='bbox 1159 4459 1313 4532; x_wconf 75' lang='lat' dir='ltr'><strong>Rogo</strong></span> <span class='ocrx_word' id='word_1_479' title='bbox 1342 4469 1416 4527; x_wconf 90' lang='lat' dir='ltr'><strong>te,</strong></span> <span class='ocrx_word' id='word_1_480' title='bbox 1438 4461 1702 4515; x_wconf 90' lang='lat' dir='ltr'><strong>immensa</strong></span> <span class='ocrx_word' id='word_1_481' title='bbox 1734 4458 1926 4526; x_wconf 89' lang='lat' dir='ltr'><strong>pietas,</strong></span> <span class='ocrx_word' id='word_1_482' title='bbox 1963 4454 2103 4510; x_wconf 91' lang='lat' dir='ltr'><strong>Deus</strong></span> <span class='ocrx_word' id='word_1_483' title='bbox 2124 4453 2289 4509; x_wconf 90' lang='lat' dir='ltr'><strong>Pater</strong></span> <span class='ocrx_word' id='word_1_484' title='bbox 2309 4452 2674 4524; x_wconf 89' lang='lat' dir='ltr'><strong>omnipotens,</strong></span> 
     </span>
    </p>
   </div>
   <div class='ocr_carea' id='block_1_70' title="bbox 1085 4545 2678 4623">
    <p class='ocr_par' dir='ltr' id='par_1_70' title="bbox 1085 4545 2678 4623">
     <span class='ocr_line' id='line_1_70' title="bbox 1085 4545 2678 4623; baseline -0.008 -11"><span class='ocrx_word' id='word_1_485' title='bbox 1085 4568 1162 4612; x_wconf 85' lang='lat' dir='ltr'><strong>ne</strong></span> <span class='ocrx_word' id='word_1_486' title='bbox 1195 4552 1388 4623; x_wconf 89' lang='lat' dir='ltr'><strong>perdas</strong></span> <span class='ocrx_word' id='word_1_487' title='bbox 1414 4565 1500 4607; x_wconf 90' lang='lat' dir='ltr'><strong>me</strong></span> <span class='ocrx_word' id='word_1_488' title='bbox 1526 4557 1834 4604; x_wconf 84' lang='lat' dir='ltr'><strong>creaturam</strong></span> <span class='ocrx_word' id='word_1_489' title='bbox 1867 4556 2014 4602; x_wconf 92' lang='lat' dir='ltr'><strong>tuam</strong></span> <span class='ocrx_word' id='word_1_490' title='bbox 2052 4548 2118 4601; x_wconf 88' lang='lat' dir='ltr'><strong>ad</strong></span> <span class='ocrx_word' id='word_1_491' title='bbox 2154 4547 2228 4602; x_wconf 91' lang='lat' dir='ltr'><strong>tui</strong></span> <span class='ocrx_word' id='word_1_492' title='bbox 2270 4545 2678 4602; x_wconf 86' lang='lat' dir='ltr'><strong>similitudinem</strong></span> 
     </span>
    </p>
   </div>
   <div class='ocr_carea' id='block_1_71' title="bbox 1084 4636 2681 4710">
    <p class='ocr_par' dir='ltr' id='par_1_71' title="bbox 1084 4636 2681 4710">
     <span class='ocr_line' id='line_1_71' title="bbox 1084 4636 2681 4710; baseline -0.006 -9"><span class='ocrx_word' id='word_1_493' title='bbox 1084 4642 1367 4701; x_wconf 90' lang='lat' dir='ltr'><strong>conditam</strong></span> <span class='ocrx_word' id='word_1_494' title='bbox 1410 4657 1476 4697; x_wconf 87' lang='lat' dir='ltr'><strong>ac</strong></span> <span class='ocrx_word' id='word_1_495' title='bbox 1501 4641 1590 4710; x_wconf 91' lang='lat' dir='ltr'><strong>pio</strong></span> <span class='ocrx_word' id='word_1_496' title='bbox 1627 4639 1748 4695; x_wconf 88' lang='lat' dir='ltr'><strong>Filii</strong></span> <span class='ocrx_word' id='word_1_497' title='bbox 1783 4639 1857 4693; x_wconf 90' lang='lat' dir='ltr'><strong>tui</strong></span> <span class='ocrx_word' id='word_1_498' title='bbox 1905 4638 2118 4694; x_wconf 92' lang='lat' dir='ltr'><strong>Domini</strong></span> <span class='ocrx_word' id='word_1_499' title='bbox 2165 4638 2269 4693; x_wconf 91' lang='lat' dir='ltr'><strong>mei</strong></span> <span class='ocrx_word' id='word_1_500' title='bbox 2298 4636 2426 4694; x_wconf 81' lang='lat' dir='ltr'><strong>Jesu</strong></span> <span class='ocrx_word' id='word_1_501' title='bbox 2478 4637 2681 4694; x_wconf 85' lang='lat' dir='ltr'><strong>Christi</strong></span> 
     </span>
    </p>
   </div>
   <div class='ocr_carea' id='block_1_72' title="bbox 1082 4730 2682 4803">
    <p class='ocr_par' dir='ltr' id='par_1_72' title="bbox 1082 4730 2682 4803">
     <span class='ocr_line' id='line_1_72' title="bbox 1082 4730 2682 4803; baseline -0.006 -9"><span class='ocrx_word' id='word_1_502' title='bbox 1082 4748 1288 4794; x_wconf 87' lang='lat' dir='ltr'><strong>cruore</strong></span> <span class='ocrx_word' id='word_1_503' title='bbox 1339 4733 1692 4803; x_wconf 90' lang='lat' dir='ltr'><strong>redemptam.</strong></span> <span class='ocrx_word' id='word_1_504' title='bbox 1745 4730 1970 4802; x_wconf 84' lang='lat' dir='ltr'><strong>Porrige</strong></span> <span class='ocrx_word' id='word_1_505' title='bbox 2022 4731 2153 4786; x_wconf 88' lang='lat' dir='ltr'><strong>mihi</strong></span> <span class='ocrx_word' id='word_1_506' title='bbox 2219 4745 2439 4786; x_wconf 91' lang='lat' dir='ltr'><strong>manum</strong></span> <span class='ocrx_word' id='word_1_507' title='bbox 2492 4740 2682 4796; x_wconf 83' lang='lat' dir='ltr'><strong>tuam,</strong></span> 
     </span>
    </p>
   </div>
   <div class='ocr_carea' id='block_1_73' title="bbox 1085 4820 2684 4892">
    <p class='ocr_par' dir='ltr' id='par_1_73' title="bbox 1085 4820 2684 4892">
     <span class='ocr_line' id='line_1_73' title="bbox 1085 4820 2684 4892; baseline -0.003 -10"><span class='ocrx_word' id='word_1_508' title='bbox 1085 4822 1324 4882; x_wconf 90' lang='lat' dir='ltr'><strong>Domine</strong></span> <span class='ocrx_word' id='word_1_509' title='bbox 1365 4821 1506 4878; x_wconf 88' lang='lat' dir='ltr'><strong>Deus</strong></span> <span class='ocrx_word' id='word_1_510' title='bbox 1535 4836 1706 4885; x_wconf 89' lang='lat' dir='ltr'><strong>meus,</strong></span> <span class='ocrx_word' id='word_1_511' title='bbox 1743 4829 1798 4876; x_wconf 90' lang='lat' dir='ltr'><strong>et</strong></span> <span class='ocrx_word' id='word_1_512' title='bbox 1825 4821 1974 4891; x_wconf 89' lang='lat' dir='ltr'><strong>eripe</strong></span> <span class='ocrx_word' id='word_1_513' title='bbox 2005 4835 2090 4876; x_wconf 91' lang='lat' dir='ltr'><strong>me</strong></span> <span class='ocrx_word' id='word_1_514' title='bbox 2142 4821 2209 4877; x_wconf 89' lang='lat' dir='ltr'><strong>de</strong></span> <span class='ocrx_word' id='word_1_515' title='bbox 2254 4820 2684 4892; x_wconf 90' lang='lat' dir='ltr'><strong>profundissimo</strong></span> 
     </span>
    </p>
   </div>
   <div class='ocr_carea' id='block_1_74' title="bbox 1083 4913 2685 4985">
    <p class='ocr_par' dir='ltr' id='par_1_74' title="bbox 1083 4913 2685 4985">
     <span class='ocr_line' id='line_1_74' title="bbox 1083 4913 2685 4985; baseline -0.002 -14"><span class='ocrx_word' id='word_1_516' title='bbox 1083 4916 1215 4971; x_wconf 88' lang='lat' dir='ltr'><strong>lacu</strong></span> <span class='ocrx_word' id='word_1_517' title='bbox 1239 4913 1585 4985; x_wconf 90' lang='lat' dir='ltr'><strong>iniquitatum</strong></span> <span class='ocrx_word' id='word_1_518' title='bbox 1608 4928 1874 4970; x_wconf 87' lang='lat' dir='ltr'><strong>mearum.</strong></span> <span class='ocrx_word' id='word_1_519' title='bbox 1906 4913 2068 4983; x_wconf 80' lang='lat' dir='ltr'><strong>Erige</strong></span> <span class='ocrx_word' id='word_1_520' title='bbox 2092 4913 2325 4984; x_wconf 89' lang='lat' dir='ltr'><strong>lapsum,</strong></span> <span class='ocrx_word' id='word_1_521' title='bbox 2357 4913 2507 4970; x_wconf 82' lang='lat' dir='ltr'><strong>solve</strong></span> <span class='ocrx_word' id='word_1_522' title='bbox 2535 4929 2685 4969; x_wconf 92' lang='lat' dir='ltr'><strong>com-</strong></span> 
     </span>
    </p>
   </div>
   <div class='ocr_carea' id='block_1_75' title="bbox 1085 5001 2684 5078">
    <p class='ocr_par' dir='ltr' id='par_1_75' title="bbox 1085 5001 2684 5078">
     <span class='ocr_line' id='line_1_75' title="bbox 1085 5001 2684 5078; baseline -0.001 -18"><span class='ocrx_word' id='word_1_523' title='bbox 1085 5001 1614 5077; x_wconf 86' lang='lat' dir='ltr'><strong>peditum,illumina</strong></span> <span class='ocrx_word' id='word_1_524' title='bbox 1638 5017 1865 5068; x_wconf 62' lang='lat' dir='ltr'><strong>caacum,</strong></span> <span class='ocrx_word' id='word_1_525' title='bbox 1888 5019 2020 5058; x_wconf 88' lang='lat' dir='ltr'><strong>sana</strong></span> <span class='ocrx_word' id='word_1_526' title='bbox 2043 5018 2131 5060; x_wconf 92' lang='lat' dir='ltr'><strong>me</strong></span> <span class='ocrx_word' id='word_1_527' title='bbox 2156 5003 2298 5059; x_wconf 92' lang='lat' dir='ltr'><strong>mille</strong></span> <span class='ocrx_word' id='word_1_528' title='bbox 2326 5005 2684 5078; x_wconf 87' lang='lat' dir='ltr'><strong>malignorum</strong></span> 
     </span>
    </p>
   </div>
   <div class='ocr_carea' id='block_1_76' title="bbox 1082 5093 2684 5167">
    <p class='ocr_par' dir='ltr' id='par_1_76' title="bbox 1082 5093 2684 5167">
     <span class='ocr_line' id='line_1_76' title="bbox 1082 5093 2684 5167; baseline 0.004 -20"><span class='ocrx_word' id='word_1_529' title='bbox 1082 5093 1385 5167; x_wconf 66' lang='lat' dir='ltr'><strong>spirituum</strong></span> <span class='ocrx_word' id='word_1_530' title='bbox 1416 5094 1733 5150; x_wconf 87' lang='lat' dir='ltr'><strong>vulneribus</strong></span> <span class='ocrx_word' id='word_1_531' title='bbox 1761 5095 2085 5152; x_wconf 85' lang='lat' dir='ltr'><strong>sauciatum.</strong></span> <span class='ocrx_word' id='word_1_532' title='bbox 2118 5095 2234 5152; x_wconf 86' lang='lat' dir='ltr'><strong>Heu</strong></span> <span class='ocrx_word' id='word_1_533' title='bbox 2266 5113 2354 5154; x_wconf 90' lang='lat' dir='ltr'><strong>me</strong></span> <span class='ocrx_word' id='word_1_534' title='bbox 2401 5099 2684 5166; x_wconf 88' lang='lat' dir='ltr'><strong>miserum,</strong></span> 
     </span>
    </p>
   </div>
   <div class='ocr_carea' id='block_1_77' title="bbox 1084 5183 2685 5262">
    <p class='ocr_par' dir='ltr' id='par_1_77' title="bbox 1084 5183 2685 5262">
     <span class='ocr_line' id='line_1_77' title="bbox 1084 5183 2685 5262; baseline 0.002 -18"><span class='ocrx_word' id='word_1_535' title='bbox 1084 5183 1203 5244; x_wconf 81' lang='lat' dir='ltr'><strong>heu</strong></span> <span class='ocrx_word' id='word_1_536' title='bbox 1227 5200 1312 5240; x_wconf 92' lang='lat' dir='ltr'><strong>me</strong></span> <span class='ocrx_word' id='word_1_537' title='bbox 1339 5186 1639 5256; x_wconf 88' lang='lat' dir='ltr'><strong>perditum,</strong></span> <span class='ocrx_word' id='word_1_538' title='bbox 1665 5185 1771 5242; x_wconf 90' lang='lat' dir='ltr'><strong>heu</strong></span> <span class='ocrx_word' id='word_1_539' title='bbox 1817 5202 1905 5243; x_wconf 93' lang='lat' dir='ltr'><strong>me</strong></span> <span class='ocrx_word' id='word_1_540' title='bbox 1936 5188 2267 5245; x_wconf 87' lang='lat' dir='ltr'><strong>indellcienti</strong></span> <span class='ocrx_word' id='word_1_541' title='bbox 2317 5189 2685 5262; x_wconf 85' lang='lat' dir='ltr'><strong>lacrymarum</strong></span> 
     </span>
    </p>
   </div>
   <div class='ocr_carea' id='block_1_78' title="bbox 1087 5277 2687 5349">
    <p class='ocr_par' dir='ltr' id='par_1_78' title="bbox 1087 5277 2687 5349">
     <span class='ocr_line' id='line_1_78' title="bbox 1087 5277 2687 5349; baseline 0.003 -14"><span class='ocrx_word' id='word_1_542' title='bbox 1087 5277 1248 5335; x_wconf 77' lang='lat' dir='ltr'><strong>fonte</strong></span> <span class='ocrx_word' id='word_1_543' title='bbox 1277 5277 1596 5348; x_wconf 88' lang='lat' dir='ltr'><strong>lugendum!</strong></span> <span class='ocrx_word' id='word_1_544' title='bbox 1643 5279 1732 5348; x_wconf 92' lang='lat' dir='ltr'><strong>qui</strong></span> <span class='ocrx_word' id='word_1_545' title='bbox 1765 5279 1891 5334; x_wconf 91' lang='lat' dir='ltr'><strong>dum</strong></span> <span class='ocrx_word' id='word_1_546' title='bbox 1919 5281 2287 5349; x_wconf 67' lang='lat' dir='ltr'><strong>spurcissimae</strong></span> <span class='ocrx_word' id='word_1_547' title='bbox 2329 5283 2515 5338; x_wconf 88' lang='lat' dir='ltr'><strong>carnis</strong></span> <span class='ocrx_word' id='word_1_548' title='bbox 2551 5299 2687 5340; x_wconf 68' lang='lat' dir='ltr'><strong>meae</strong></span> 
     </span>
    </p>
   </div>
   <div class='ocr_carea' id='block_1_79' title="bbox 1087 5367 2686 5444">
    <p class='ocr_par' dir='ltr' id='par_1_79' title="bbox 1087 5367 2686 5444">
     <span class='ocr_line' id='line_1_79' title="bbox 1087 5367 2686 5444; baseline 0.001 -16"><span class='ocrx_word' id='word_1_549' title='bbox 1087 5368 1308 5442; x_wconf 75' lang='lat' dir='ltr'><strong>lcgibus</strong></span> <span class='ocrx_word' id='word_1_550' title='bbox 1338 5367 1477 5434; x_wconf 81' lang='lat' dir='ltr'><strong>vixi,</strong></span> <span class='ocrx_word' id='word_1_551' title='bbox 1507 5383 1785 5440; x_wconf 87' lang='lat' dir='ltr'><strong>nunquam</strong></span> <span class='ocrx_word' id='word_1_552' title='bbox 1835 5379 1888 5426; x_wconf 90' lang='lat' dir='ltr'><strong>te</strong></span> <span class='ocrx_word' id='word_1_553' title='bbox 1914 5371 1981 5426; x_wconf 91' lang='lat' dir='ltr'><strong>de</strong></span> <span class='ocrx_word' id='word_1_554' title='bbox 2031 5386 2117 5426; x_wconf 91' lang='lat' dir='ltr'><strong>me</strong></span> <span class='ocrx_word' id='word_1_555' title='bbox 2157 5371 2395 5442; x_wconf 86' lang='lat' dir='ltr'><strong>gaudere</strong></span> <span class='ocrx_word' id='word_1_556' title='bbox 2441 5374 2686 5444; x_wconf 88' lang='lat' dir='ltr'><strong>permisi,</strong></span> 
     </span>
    </p>
   </div>
   <div class='ocr_carea' id='block_1_80' title="bbox 1085 5459 2688 5536">
    <p class='ocr_par' dir='ltr' id='par_1_80' title="bbox 1085 5459 2688 5536">
     <span class='ocr_line' id='line_1_80' title="bbox 1085 5459 2688 5536; baseline 0.001 -15"><span class='ocrx_word' id='word_1_557' title='bbox 1085 5460 1192 5521; x_wconf 64' lang='lat' dir='ltr'><strong>ted</strong></span> <span class='ocrx_word' id='word_1_558' title='bbox 1226 5475 1445 5531; x_wconf 86' lang='lat' dir='ltr'><strong>semper</strong></span> <span class='ocrx_word' id='word_1_559' title='bbox 1469 5459 1538 5516; x_wconf 89' lang='lat' dir='ltr'><strong>de</strong></span> <span class='ocrx_word' id='word_1_560' title='bbox 1586 5462 1833 5531; x_wconf 87' lang='lat' dir='ltr'><strong>reprohae</strong></span> <span class='ocrx_word' id='word_1_561' title='bbox 1859 5462 1985 5518; x_wconf 69' lang='lat' dir='ltr'><strong>vita:</strong></span> <span class='ocrx_word' id='word_1_562' title='bbox 2012 5478 2144 5519; x_wconf 87' lang='lat' dir='ltr'><strong>meae</strong></span> <span class='ocrx_word' id='word_1_563' title='bbox 2175 5462 2394 5536; x_wconf 85' lang='lat' dir='ltr'><strong>flagitiis</strong></span> <span class='ocrx_word' id='word_1_564' title='bbox 2422 5466 2489 5520; x_wconf 88' lang='lat' dir='ltr'><strong>ad</strong></span> <span class='ocrx_word' id='word_1_565' title='bbox 2536 5481 2688 5522; x_wconf 85' lang='lat' dir='ltr'><strong>ama-</strong></span> 
     </span>
    </p>
   </div>
   <div class='ocr_carea' id='block_1_81' title="bbox 1087 5549 2689 5626">
    <p class='ocr_par' dir='ltr' id='par_1_81' title="bbox 1087 5549 2689 5626">
     <span class='ocr_line' id='line_1_81' title="bbox 1087 5549 2689 5626; baseline 0.002 -18"><span class='ocrx_word' id='word_1_566' title='bbox 1087 5549 1390 5608; x_wconf 77' lang='lat' dir='ltr'><strong>ritudinem</strong></span> <span class='ocrx_word' id='word_1_567' title='bbox 1416 5552 1722 5620; x_wconf 84' lang='lat' dir='ltr'><strong>provocavi.</strong></span> <span class='ocrx_word' id='word_1_568' title='bbox 1756 5550 1864 5608; x_wconf 88' lang='lat' dir='ltr'><strong>Sed</strong></span> <span class='ocrx_word' id='word_1_569' title='bbox 1894 5553 2038 5618; x_wconf 91' lang='lat' dir='ltr'><strong>scio,</strong></span> <span class='ocrx_word' id='word_1_570' title='bbox 2070 5555 2318 5622; x_wconf 90' lang='lat' dir='ltr'><strong>Domine,</strong></span> <span class='ocrx_word' id='word_1_571' title='bbox 2345 5556 2472 5626; x_wconf 89' lang='lat' dir='ltr'><strong>quia</strong></span> <span class='ocrx_word' id='word_1_572' title='bbox 2505 5557 2558 5612; x_wconf 92' lang='lat' dir='ltr'><strong>in</strong></span> <span class='ocrx_word' id='word_1_573' title='bbox 2587 5571 2689 5612; x_wconf 86' lang='lat' dir='ltr'><strong>vo-</strong></span> 
     </span>
    </p>
   </div>
   <div class='ocr_carea' id='block_1_82' title="bbox 1088 5637 2688 5718">
    <p class='ocr_par' dir='ltr' id='par_1_82' title="bbox 1088 5637 2688 5718">
     <span class='ocr_line' id='line_1_82' title="bbox 1088 5637 2688 5718; baseline 0.003 -20"><span class='ocrx_word' id='word_1_574' title='bbox 1088 5637 1305 5698; x_wconf 82' lang='lat' dir='ltr'><strong>luntate</strong></span> <span class='ocrx_word' id='word_1_575' title='bbox 1336 5650 1425 5695; x_wconf 92' lang='lat' dir='ltr'><strong>tua</strong></span> <span class='ocrx_word' id='word_1_576' title='bbox 1451 5651 1642 5698; x_wconf 79' lang='lat' dir='ltr'><strong>etnicta</strong></span> <span class='ocrx_word' id='word_1_577' title='bbox 1674 5652 1799 5698; x_wconf 85' lang='lat' dir='ltr'><strong>sunt</strong></span> <span class='ocrx_word' id='word_1_578' title='bbox 1823 5645 2019 5714; x_wconf 87' lang='lat' dir='ltr'><strong>posita,</strong></span> <span class='ocrx_word' id='word_1_579' title='bbox 2045 5655 2101 5699; x_wconf 88' lang='lat' dir='ltr'><strong>et</strong></span> <span class='ocrx_word' id='word_1_580' title='bbox 2127 5661 2237 5701; x_wconf 91' lang='lat' dir='ltr'><strong>non</strong></span> <span class='ocrx_word' id='word_1_581' title='bbox 2280 5656 2364 5702; x_wconf 84' lang='lat' dir='ltr'><strong>est</strong></span> <span class='ocrx_word' id='word_1_582' title='bbox 2393 5648 2484 5718; x_wconf 88' lang='lat' dir='ltr'><strong>qui</strong></span> <span class='ocrx_word' id='word_1_583' title='bbox 2513 5649 2688 5718; x_wconf 88' lang='lat' dir='ltr'><strong>possit</strong></span> 
     </span>
    </p>
   </div>
   <div class='ocr_carea' id='block_1_83' title="bbox 1093 5731 2688 5810">
    <p class='ocr_par' dir='ltr' id='par_1_83' title="bbox 1093 5731 2688 5810">
     <span class='ocr_line' id='line_1_83' title="bbox 1093 5731 2688 5810; baseline 0.004 -22"><span class='ocrx_word' id='word_1_584' title='bbox 1093 5740 1204 5788; x_wconf 81' lang='lat' dir='ltr'><strong>tua:</strong></span> <span class='ocrx_word' id='word_1_585' title='bbox 1260 5733 1519 5789; x_wconf 87' lang='lat' dir='ltr'><strong>resistere</strong></span> <span class='ocrx_word' id='word_1_586' title='bbox 1568 5731 1832 5789; x_wconf 88' lang='lat' dir='ltr'><strong>voluntati</strong></span> <span class='ocrx_word' id='word_1_587' title='bbox 1888 5734 2146 5806; x_wconf 79' lang='lat' dir='ltr'><strong>(Esther.</strong></span> <span class='ocrx_word' id='word_1_588' title='bbox 2198 5739 2367 5810; x_wconf 69' lang='grc' dir='ltr'>χιιι).</span> <span class='ocrx_word' id='word_1_589' title='bbox 2418 5738 2477 5795; x_wconf 90' lang='lat' dir='ltr'><strong>Si</strong></span> <span class='ocrx_word' id='word_1_590' title='bbox 2541 5740 2688 5796; x_wconf 91' lang='lat' dir='ltr'><strong>enim</strong></span> 
     </span>
    </p>
   </div>
   <div class='ocr_carea' id='block_1_84' title="bbox 1094 5824 2686 5894">
    <p class='ocr_par' dir='ltr' id='par_1_84' title="bbox 1094 5824 2686 5894">
     <span class='ocr_line' id='line_1_84' title="bbox 1094 5824 2686 5894; baseline 0.009 -14"><span class='ocrx_word' id='word_1_591' title='bbox 1094 5826 1408 5885; x_wconf 67' lang='lat' dir='ltr'><strong>decreveris</strong></span> <span class='ocrx_word' id='word_1_592' title='bbox 1482 5824 1692 5883; x_wconf 70' lang='lat' dir='ltr'><strong>salvere</strong></span> <span class='ocrx_word' id='word_1_593' title='bbox 1764 5842 1901 5892; x_wconf 90' lang='lat' dir='ltr'><strong>nos,</strong></span> <span class='ocrx_word' id='word_1_594' title='bbox 1986 5830 2246 5888; x_wconf 79' lang='lat' dir='ltr'><strong>continuo</strong></span> <span class='ocrx_word' id='word_1_595' title='bbox 2330 5831 2686 5894; x_wconf 84' lang='lat' dir='ltr'><strong>liberabimur</strong></span> 
     </span>
    </p>
   </div>
   <div class='ocr_carea' id='block_1_85' title="bbox 2697 4353 4393 4447">
    <p class='ocr_par' dir='ltr' id='par_1_85' title="bbox 2697 4353 4393 4447">
     <span class='ocr_line' id='line_1_85' title="bbox 2697 4353 4393 4447; baseline 0.002 -21"><span class='ocrx_word' id='word_1_596' title='bbox 2697 4353 2749 4413; x_wconf 83' lang='grc' dir='ltr'>Ῑ)</span> <span class='ocrx_word' id='word_1_597' title='bbox 2773 4369 3020 4434; x_wconf 85' lang='lat' dir='ltr'><strong>Produc,</strong></span> <span class='ocrx_word' id='word_1_598' title='bbox 3054 4369 3282 4423; x_wconf 79' lang='lat' dir='ltr'><strong>Domine</strong></span> <span class='ocrx_word' id='word_1_599' title='bbox 3301 4407 3314 4434; x_wconf 86' lang='lat'><strong>,</strong></span> <span class='ocrx_word' id='word_1_600' title='bbox 3343 4370 3411 4421; x_wconf 90' lang='lat' dir='ltr'><strong>de</strong></span> <span class='ocrx_word' id='word_1_601' title='bbox 3439 4382 3601 4423; x_wconf 81' lang='lat' dir='ltr'><strong>saxea</strong></span> <span class='ocrx_word' id='word_1_602' title='bbox 3636 4371 3816 4425; x_wconf 88' lang='lat' dir='ltr'><strong>cordis</strong></span> <span class='ocrx_word' id='word_1_603' title='bbox 3839 4372 3944 4427; x_wconf 83' lang='lat' dir='ltr'><strong>mei</strong></span> <span class='ocrx_word' id='word_1_604' title='bbox 3977 4371 4182 4427; x_wconf 89' lang='lat' dir='ltr'><strong>duritia</strong></span> <span class='ocrx_word' id='word_1_605' title='bbox 4215 4372 4393 4447; x_wconf 52' lang='lat' dir='ltr'><strong>lacry»</strong></span> 
     </span>
    </p>
   </div>
   <div class='ocr_carea' id='block_1_86' title="bbox 2785 4457 4392 4537">
    <p class='ocr_par' dir='ltr' id='par_1_86' title="bbox 2785 4457 4392 4537">
     <span class='ocr_line' id='line_1_86' title="bbox 2785 4457 4392 4537; baseline 0.002 -20"><span class='ocrx_word' id='word_1_606' title='bbox 2785 4475 2997 4518; x_wconf 88' lang='lat' dir='ltr'><strong>marum</strong></span> <span class='ocrx_word' id='word_1_607' title='bbox 3043 4457 3432 4515; x_wconf 90' lang='lat' dir='ltr'><strong>abundantiam</strong></span> <span class='ocrx_word' id='word_1_608' title='bbox 3454 4500 3469 4526; x_wconf 91' lang='lat'><strong>,</strong></span> <span class='ocrx_word' id='word_1_609' title='bbox 3502 4459 3595 4530; x_wconf 92' lang='lat' dir='ltr'><strong>qui</strong></span> <span class='ocrx_word' id='word_1_610' title='bbox 3628 4460 3694 4515; x_wconf 90' lang='lat' dir='ltr'><strong>de</strong></span> <span class='ocrx_word' id='word_1_611' title='bbox 3734 4476 3867 4532; x_wconf 91' lang='lat' dir='ltr'><strong>rupe</strong></span> <span class='ocrx_word' id='word_1_612' title='bbox 3897 4462 4097 4518; x_wconf 86' lang='lat' dir='ltr'><strong>deserti</strong></span> <span class='ocrx_word' id='word_1_613' title='bbox 4143 4462 4392 4537; x_wconf 87' lang='lat' dir='ltr'><strong>largissi-</strong></span> 
     </span>
    </p>
   </div>
   <div class='ocr_carea' id='block_1_87' title="bbox 2788 4548 4387 4626">
    <p class='ocr_par' dir='ltr' id='par_1_87' title="bbox 2788 4548 4387 4626">
     <span class='ocr_line' id='line_1_87' title="bbox 2788 4548 4387 4626; baseline 0.003 -20"><span class='ocrx_word' id='word_1_614' title='bbox 2788 4567 2930 4607; x_wconf 89' lang='lat' dir='ltr'><strong>mam</strong></span> <span class='ocrx_word' id='word_1_615' title='bbox 2961 4548 3447 4622; x_wconf 76' lang='lat' dir='ltr'><strong>profluentisaquze</strong></span> <span class='ocrx_word' id='word_1_616' title='bbox 3471 4549 3682 4619; x_wconf 86' lang='lat' dir='ltr'><strong>copiam</strong></span> <span class='ocrx_word' id='word_1_617' title='bbox 3706 4552 3925 4620; x_wconf 91' lang='lat' dir='ltr'><strong>prodire</strong></span> <span class='ocrx_word' id='word_1_618' title='bbox 3949 4553 4158 4623; x_wconf 86' lang='lat' dir='ltr'><strong>jussisti</strong></span> <span class='ocrx_word' id='word_1_619' title='bbox 4187 4553 4387 4626; x_wconf 72' lang='lat' dir='ltr'><strong>(Exod.</strong></span> 
     </span>
    </p>
   </div>
   <div class='ocr_carea' id='block_1_88' title="bbox 2788 4639 4389 4713">
    <p class='ocr_par' dir='ltr' id='par_1_88' title="bbox 2788 4639 4389 4713">
     <span class='ocr_line' id='line_1_88' title="bbox 2788 4639 4389 4713; baseline 0.004 -16"><span class='ocrx_word' id='word_1_620' title='bbox 2788 4658 2922 4708; x_wconf 78' lang='lat' dir='ltr'><strong>xvu;</strong></span> <span class='ocrx_word' id='word_1_621' title='bbox 2953 4640 3120 4696; x_wconf 80' lang='lat' dir='ltr'><strong>Nam.</strong></span> <span class='ocrx_word' id='word_1_622' title='bbox 3153 4656 3246 4706; x_wconf 78' lang='lat' dir='ltr'><strong>xx;</strong></span> <span class='ocrx_word' id='word_1_623' title='bbox 3277 4639 3426 4695; x_wconf 77' lang='lat' dir='ltr'><strong>Psal.</strong></span> <span class='ocrx_word' id='word_1_624' title='bbox 3458 4642 3685 4713; x_wconf 81' lang='lat' dir='ltr'><strong>Lxxvn).</strong></span> <span class='ocrx_word' id='word_1_625' title='bbox 3715 4642 3944 4698; x_wconf 90' lang='lat' dir='ltr'><strong>Domine</strong></span> <span class='ocrx_word' id='word_1_626' title='bbox 3981 4642 4109 4700; x_wconf 81' lang='lat' dir='ltr'><strong>Jesu</strong></span> <span class='ocrx_word' id='word_1_627' title='bbox 4149 4645 4389 4712; x_wconf 89' lang='lat' dir='ltr'><strong>Christe,</strong></span> 
     </span>
    </p>
   </div>
   <div class='ocr_carea' id='block_1_89' title="bbox 2787 4723 4392 4807">
    <p class='ocr_par' dir='ltr' id='par_1_89' title="bbox 2787 4723 4392 4807">
     <span class='ocr_line' id='line_1_89' title="bbox 2787 4723 4392 4807; baseline 0.005 -18"><span class='ocrx_word' id='word_1_628' title='bbox 2787 4735 2834 4790; x_wconf 80' lang='lat' dir='ltr'><strong>si</strong></span> <span class='ocrx_word' id='word_1_629' title='bbox 2866 4742 2920 4789; x_wconf 89' lang='lat' dir='ltr'><strong>tu</strong></span> <span class='ocrx_word' id='word_1_630' title='bbox 2951 4748 3011 4788; x_wconf 93' lang='lat' dir='ltr'><strong>es</strong></span> <span class='ocrx_word' id='word_1_631' title='bbox 3050 4733 3138 4788; x_wconf 74' lang='lat' dir='ltr'><strong>lux</strong></span> <span class='ocrx_word' id='word_1_632' title='bbox 3167 4747 3317 4796; x_wconf 78' lang='lat' dir='ltr'><strong>vera,</strong></span> <span class='ocrx_word' id='word_1_633' title='bbox 3347 4741 3403 4788; x_wconf 93' lang='lat' dir='ltr'><strong>et</strong></span> <span class='ocrx_word' id='word_1_634' title='bbox 3427 4748 3530 4804; x_wconf 90' lang='lat' dir='ltr'><strong>ego</strong></span> <span class='ocrx_word' id='word_1_635' title='bbox 3553 4733 3673 4789; x_wconf 91' lang='lat' dir='ltr'><strong>colo</strong></span> <span class='ocrx_word' id='word_1_636' title='bbox 3701 4744 3778 4802; x_wconf 90' lang='lat' dir='ltr'><strong>te,</strong></span> <span class='ocrx_word' id='word_1_637' title='bbox 3808 4751 3908 4791; x_wconf 93' lang='lat' dir='ltr'><strong>cur</strong></span> <span class='ocrx_word' id='word_1_638' title='bbox 3930 4739 4133 4807; x_wconf 88' lang='lat' dir='ltr'><strong>pateris</strong></span> <span class='ocrx_word' id='word_1_639' title='bbox 4156 4739 4208 4793; x_wconf 92' lang='lat' dir='ltr'><strong>in</strong></span> <span class='ocrx_word' id='word_1_640' title='bbox 4242 4723 4392 4797; x_wconf 75' lang='lat' dir='ltr'><strong>tene-</strong></span> 
     </span>
    </p>
   </div>
   <div class='ocr_carea' id='block_1_90' title="bbox 2787 4826 4391 4897">
    <p class='ocr_par' dir='ltr' id='par_1_90' title="bbox 2787 4826 4391 4897">
     <span class='ocr_line' id='line_1_90' title="bbox 2787 4826 4391 4897; baseline 0.003 -12"><span class='ocrx_word' id='word_1_641' title='bbox 2787 4829 2902 4886; x_wconf 85' lang='lat' dir='ltr'><strong>bris</strong></span> <span class='ocrx_word' id='word_1_642' title='bbox 2930 4842 3052 4884; x_wconf 88' lang='lat' dir='ltr'><strong>esse</strong></span> <span class='ocrx_word' id='word_1_643' title='bbox 3103 4827 3226 4882; x_wconf 88' lang='lat' dir='ltr'><strong>me?</strong></span> <span class='ocrx_word' id='word_1_644' title='bbox 3257 4827 3345 4882; x_wconf 87' lang='lat' dir='ltr'><strong>Vae</strong></span> <span class='ocrx_word' id='word_1_645' title='bbox 3391 4827 3546 4892; x_wconf 90' lang='lat' dir='ltr'><strong>mihi,</strong></span> <span class='ocrx_word' id='word_1_646' title='bbox 3580 4826 3760 4884; x_wconf 89' lang='lat' dir='ltr'><strong>lumen</strong></span> <span class='ocrx_word' id='word_1_647' title='bbox 3808 4830 4001 4897; x_wconf 90' lang='lat' dir='ltr'><strong>adoro,</strong></span> <span class='ocrx_word' id='word_1_648' title='bbox 4032 4840 4087 4887; x_wconf 90' lang='lat' dir='ltr'><strong>et</strong></span> <span class='ocrx_word' id='word_1_649' title='bbox 4137 4834 4391 4890; x_wconf 88' lang='lat' dir='ltr'><strong>tenebras</strong></span> 
     </span>
    </p>
   </div>
   <div class='ocr_carea' id='block_1_91' title="bbox 2787 4919 4390 4998">
    <p class='ocr_par' dir='ltr' id='par_1_91' title="bbox 2787 4919 4390 4998">
     <span class='ocr_line' id='line_1_91' title="bbox 2787 4919 4390 4998; baseline 0.005 -23"><span class='ocrx_word' id='word_1_650' title='bbox 2787 4920 3031 4992; x_wconf 89' lang='lat' dir='ltr'><strong>perfero;</strong></span> <span class='ocrx_word' id='word_1_651' title='bbox 3063 4919 3279 4975; x_wconf 88' lang='lat' dir='ltr'><strong>veritati</strong></span> <span class='ocrx_word' id='word_1_652' title='bbox 3308 4921 3579 4987; x_wconf 88' lang='lat' dir='ltr'><strong>deservio,</strong></span> <span class='ocrx_word' id='word_1_653' title='bbox 3605 4929 3657 4978; x_wconf 89' lang='lat' dir='ltr'><strong>et</strong></span> <span class='ocrx_word' id='word_1_654' title='bbox 3699 4938 3799 4993; x_wconf 91' lang='lat' dir='ltr'><strong>per</strong></span> <span class='ocrx_word' id='word_1_655' title='bbox 3827 4924 4069 4979; x_wconf 91' lang='lat' dir='ltr'><strong>inanium</strong></span> <span class='ocrx_word' id='word_1_656' title='bbox 4101 4928 4390 4998; x_wconf 78' lang='lat' dir='ltr'><strong>cogitatio-</strong></span> 
     </span>
    </p>
   </div>
   <div class='ocr_carea' id='block_1_92' title="bbox 2787 5009 4389 5084">
    <p class='ocr_par' dir='ltr' id='par_1_92' title="bbox 2787 5009 4389 5084">
     <span class='ocr_line' id='line_1_92' title="bbox 2787 5009 4389 5084; baseline 0.003 -16"><span class='ocrx_word' id='word_1_657' title='bbox 2787 5027 2918 5068; x_wconf 91' lang='lat' dir='ltr'><strong>num</strong></span> <span class='ocrx_word' id='word_1_658' title='bbox 2943 5011 3200 5083; x_wconf 88' lang='lat' dir='ltr'><strong>figmenta</strong></span> <span class='ocrx_word' id='word_1_659' title='bbox 3230 5009 3476 5066; x_wconf 88' lang='lat' dir='ltr'><strong>deludor.</strong></span> <span class='ocrx_word' id='word_1_660' title='bbox 3503 5011 3754 5080; x_wconf 88' lang='lat' dir='ltr'><strong>Domine,</strong></span> <span class='ocrx_word' id='word_1_661' title='bbox 3781 5016 3871 5084; x_wconf 90' lang='lat' dir='ltr'><strong>qui</strong></span> <span class='ocrx_word' id='word_1_662' title='bbox 3900 5031 4167 5072; x_wconf 89' lang='lat' dir='ltr'><strong>cavernas</strong></span> <span class='ocrx_word' id='word_1_663' title='bbox 4200 5021 4389 5074; x_wconf 87' lang='lat' dir='ltr'><strong>tartari</strong></span> 
     </span>
    </p>
   </div>
   <div class='ocr_carea' id='block_1_93' title="bbox 2789 5101 4389 5182">
    <p class='ocr_par' dir='ltr' id='par_1_93' title="bbox 2789 5101 4389 5182">
     <span class='ocr_line' id='line_1_93' title="bbox 2789 5101 4389 5182; baseline 0.004 -24"><span class='ocrx_word' id='word_1_664' title='bbox 2789 5103 3094 5159; x_wconf 87' lang='lat' dir='ltr'><strong>divinitatis</strong></span> <span class='ocrx_word' id='word_1_665' title='bbox 3127 5112 3232 5159; x_wconf 80' lang='lat' dir='ltr'><strong>tua:</strong></span> <span class='ocrx_word' id='word_1_666' title='bbox 3261 5102 3430 5159; x_wconf 87' lang='lat' dir='ltr'><strong>radiis</strong></span> <span class='ocrx_word' id='word_1_667' title='bbox 3463 5101 3782 5172; x_wconf 88' lang='lat' dir='ltr'><strong>illustrasti;</strong></span> <span class='ocrx_word' id='word_1_668' title='bbox 3808 5107 3901 5176; x_wconf 92' lang='lat' dir='ltr'><strong>qui</strong></span> <span class='ocrx_word' id='word_1_669' title='bbox 3931 5106 4134 5165; x_wconf 87' lang='lat' dir='ltr'><strong>densas</strong></span> <span class='ocrx_word' id='word_1_670' title='bbox 4165 5107 4389 5182; x_wconf 61' lang='grc' dir='ltr'><strong>,Ἑωριί</strong></span> 
     </span>
    </p>
   </div>
   <div class='ocr_carea' id='block_1_94' title="bbox 2793 5193 4385 5271">
    <p class='ocr_par' dir='ltr' id='par_1_94' title="bbox 2793 5193 4385 5271">
     <span class='ocr_line' id='line_1_94' title="bbox 2793 5193 4385 5271; baseline 0.004 -21"><span class='ocrx_word' id='word_1_671' title='bbox 2793 5195 3049 5252; x_wconf 90' lang='lat' dir='ltr'><strong>tenebras</strong></span> <span class='ocrx_word' id='word_1_672' title='bbox 3075 5194 3277 5266; x_wconf 77' lang='lat' dir='ltr'><strong>Moysis</strong></span> <span class='ocrx_word' id='word_1_673' title='bbox 3305 5193 3492 5250; x_wconf 80' lang='lat' dir='ltr'><strong>famuli</strong></span> <span class='ocrx_word' id='word_1_674' title='bbox 3523 5196 3600 5250; x_wconf 90' lang='lat' dir='ltr'><strong>tui</strong></span> <span class='ocrx_word' id='word_1_675' title='bbox 3632 5197 3887 5267; x_wconf 87' lang='lat' dir='ltr'><strong>precibus</strong></span> <span class='ocrx_word' id='word_1_676' title='bbox 3906 5197 4153 5269; x_wconf 83' lang='lat' dir='ltr'><strong>ell‘ugasti</strong></span> <span class='ocrx_word' id='word_1_677' title='bbox 4185 5198 4385 5271; x_wconf 71' lang='lat' dir='ltr'><strong>(Exod.</strong></span> 
     </span>
    </p>
   </div>
   <div class='ocr_carea' id='block_1_95' title="bbox 2788 5283 4393 5354">
    <p class='ocr_par' dir='ltr' id='par_1_95' title="bbox 2788 5283 4393 5354">
     <span class='ocr_line' id='line_1_95' title="bbox 2788 5283 4393 5354; baseline 0.007 -17"><span class='ocrx_word' id='word_1_678' title='bbox 2788 5283 2882 5354; x_wconf 72' lang='lat' dir='ltr'><strong>x);</strong></span> <span class='ocrx_word' id='word_1_679' title='bbox 2927 5284 3137 5354; x_wconf 89' lang='lat' dir='ltr'><strong>respice</strong></span> <span class='ocrx_word' id='word_1_680' title='bbox 3183 5283 3350 5340; x_wconf 90' lang='lat' dir='ltr'><strong>chaos</strong></span> <span class='ocrx_word' id='word_1_681' title='bbox 3396 5285 3561 5351; x_wconf 88' lang='lat' dir='ltr'><strong>istud,</strong></span> <span class='ocrx_word' id='word_1_682' title='bbox 3587 5295 3643 5343; x_wconf 90' lang='lat' dir='ltr'><strong>et</strong></span> <span class='ocrx_word' id='word_1_683' title='bbox 3682 5289 4033 5345; x_wconf 86' lang='lat' dir='ltr'><strong>tenebrosum</strong></span> <span class='ocrx_word' id='word_1_684' title='bbox 4065 5292 4169 5346; x_wconf 90' lang='lat' dir='ltr'><strong>mei</strong></span> <span class='ocrx_word' id='word_1_685' title='bbox 4207 5293 4393 5349; x_wconf 85' lang='lat' dir='ltr'><strong>cordis</strong></span> 
     </span>
    </p>
   </div>
   <div class='ocr_carea' id='block_1_96' title="bbox 2789 5371 4391 5451">
    <p class='ocr_par' dir='ltr' id='par_1_96' title="bbox 2789 5371 4391 5451">
     <span class='ocr_line' id='line_1_96' title="bbox 2789 5371 4391 5451; baseline 0.006 -20"><span class='ocrx_word' id='word_1_686' title='bbox 2789 5374 3061 5431; x_wconf 87' lang='lat' dir='ltr'><strong>infernum</strong></span> <span class='ocrx_word' id='word_1_687' title='bbox 3129 5371 3461 5433; x_wconf 88' lang='lat' dir='ltr'><strong>visitationis</strong></span> <span class='ocrx_word' id='word_1_688' title='bbox 3506 5385 3612 5434; x_wconf 66' lang='lat' dir='ltr'><strong>tum</strong></span> <span class='ocrx_word' id='word_1_689' title='bbox 3669 5379 3789 5436; x_wconf 91' lang='lat' dir='ltr'><strong>luce</strong></span> <span class='ocrx_word' id='word_1_690' title='bbox 3832 5381 4116 5451; x_wconf 87' lang='lat' dir='ltr'><strong>perfunde.</strong></span> <span class='ocrx_word' id='word_1_691' title='bbox 4150 5395 4211 5439; x_wconf 91' lang='lat' dir='ltr'><strong>ut</strong></span> <span class='ocrx_word' id='word_1_692' title='bbox 4272 5386 4391 5440; x_wconf 89' lang='lat' dir='ltr'><strong>ani-</strong></span> 
     </span>
    </p>
   </div>
   <div class='ocr_carea' id='block_1_97' title="bbox 2789 5467 4388 5543">
    <p class='ocr_par' dir='ltr' id='par_1_97' title="bbox 2789 5467 4388 5543">
     <span class='ocr_line' id='line_1_97' title="bbox 2789 5467 4388 5543; baseline 0.008 -22"><span class='ocrx_word' id='word_1_693' title='bbox 2789 5480 2958 5531; x_wconf 87' lang='lat' dir='ltr'><strong>mam,</strong></span> <span class='ocrx_word' id='word_1_694' title='bbox 3006 5481 3169 5537; x_wconf 89' lang='lat' dir='ltr'><strong>quam</strong></span> <span class='ocrx_word' id='word_1_695' title='bbox 3203 5477 3259 5522; x_wconf 92' lang='lat' dir='ltr'><strong>tu</strong></span> <span class='ocrx_word' id='word_1_696' title='bbox 3285 5467 3539 5540; x_wconf 89' lang='lat' dir='ltr'><strong>dignatus</strong></span> <span class='ocrx_word' id='word_1_697' title='bbox 3585 5485 3667 5536; x_wconf 90' lang='lat' dir='ltr'><strong>es,</strong></span> <span class='ocrx_word' id='word_1_698' title='bbox 3711 5472 3799 5526; x_wconf 85' lang='lat' dir='ltr'><strong>lux</strong></span> <span class='ocrx_word' id='word_1_699' title='bbox 3831 5481 4061 5539; x_wconf 76' lang='lat' dir='ltr'><strong>:rterna,</strong></span> <span class='ocrx_word' id='word_1_700' title='bbox 4099 5477 4388 5543; x_wconf 82' lang='lat' dir='ltr'><strong>redimere,</strong></span> 
     </span>
    </p>
   </div>
   <div class='ocr_carea' id='block_1_98' title="bbox 2789 5558 4390 5630">
    <p class='ocr_par' dir='ltr' id='par_1_98' title="bbox 2789 5558 4390 5630">
     <span class='ocr_line' id='line_1_98' title="bbox 2789 5558 4390 5630; baseline 0.007 -19"><span class='ocrx_word' id='word_1_701' title='bbox 2789 5558 3144 5613; x_wconf 88' lang='lat' dir='ltr'><strong>tenebrarum</strong></span> <span class='ocrx_word' id='word_1_702' title='bbox 3171 5568 3362 5614; x_wconf 90' lang='lat' dir='ltr'><strong>auctor</strong></span> <span class='ocrx_word' id='word_1_703' title='bbox 3385 5571 3618 5630; x_wconf 85' lang='lat' dir='ltr'><strong>nequeat</strong></span> <span class='ocrx_word' id='word_1_704' title='bbox 3663 5563 3716 5616; x_wconf 89' lang='lat' dir='ltr'><strong>in</strong></span> <span class='ocrx_word' id='word_1_705' title='bbox 3746 5563 4105 5621; x_wconf 88' lang='lat' dir='ltr'><strong>obscuritatis</strong></span> <span class='ocrx_word' id='word_1_706' title='bbox 4145 5582 4258 5623; x_wconf 72' lang='lat' dir='ltr'><strong>sua:</strong></span> <span class='ocrx_word' id='word_1_707' title='bbox 4299 5584 4390 5624; x_wconf 85' lang='lat' dir='ltr'><strong>ca-</strong></span> 
     </span>
    </p>
   </div>
   <div class='ocr_carea' id='block_1_99' title="bbox 2789 5638 4386 5725">
    <p class='ocr_par' dir='ltr' id='par_1_99' title="bbox 2789 5638 4386 5725">
     <span class='ocr_line' id='line_1_99' title="bbox 2789 5638 4386 5725; baseline 0.005 -23"><span class='ocrx_word' id='word_1_708' title='bbox 2789 5647 2957 5721; x_wconf 87' lang='lat' dir='ltr'><strong>ligine</strong></span> <span class='ocrx_word' id='word_1_709' title='bbox 2982 5652 3281 5721; x_wconf 88' lang='lat' dir='ltr'><strong>possidere.</strong></span> <span class='ocrx_word' id='word_1_710' title='bbox 3300 5650 3402 5720; x_wconf 89' lang='lat' dir='ltr'><strong>Qui</strong></span> <span class='ocrx_word' id='word_1_711' title='bbox 3427 5652 3744 5710; x_wconf 92' lang='lat' dir='ltr'><strong>illuminasti</strong></span> <span class='ocrx_word' id='word_1_712' title='bbox 3777 5638 3981 5713; x_wconf 61' lang='lat' dir='ltr'><strong>catcum</strong></span> <span class='ocrx_word' id='word_1_713' title='bbox 4021 5673 4050 5712; x_wconf 92' lang='lat' dir='ltr'><strong>a</strong></span> <span class='ocrx_word' id='word_1_714' title='bbox 4081 5660 4386 5725; x_wconf 77' lang='lat' dir='ltr'><strong>nativitate,</strong></span> 
     </span>
    </p>
   </div>
   <div class='ocr_carea' id='block_1_100' title="bbox 2790 5741 4386 5822">
    <p class='ocr_par' dir='ltr' id='par_1_100' title="bbox 2790 5741 4386 5822">
     <span class='ocr_line' id='line_1_100' title="bbox 2790 5741 4386 5822; baseline 0.006 -24"><span class='ocrx_word' id='word_1_715' title='bbox 2790 5741 3036 5799; x_wconf 86' lang='lat' dir='ltr'><strong>illumina</strong></span> <span class='ocrx_word' id='word_1_716' title='bbox 3065 5758 3150 5800; x_wconf 89' lang='lat' dir='ltr'><strong>me</strong></span> <span class='ocrx_word' id='word_1_717' title='bbox 3181 5742 3481 5817; x_wconf 67' lang='lat' dir='ltr'><strong>(lamus).</strong></span> <span class='ocrx_word' id='word_1_718' title='bbox 3509 5744 3609 5813; x_wconf 88' lang='lat' dir='ltr'><strong>Qui</strong></span> <span class='ocrx_word' id='word_1_719' title='bbox 3645 5746 3888 5821; x_wconf 79' lang='lat' dir='ltr'><strong>leprosos</strong></span> <span class='ocrx_word' id='word_1_720' title='bbox 3917 5751 4214 5818; x_wconf 87' lang='lat' dir='ltr'><strong>muudusti,</strong></span> <span class='ocrx_word' id='word_1_721' title='bbox 4238 5753 4386 5822; x_wconf 80' lang='lat' dir='ltr'><strong>puri-</strong></span> 
     </span>
    </p>
   </div>
   <div class='ocr_carea' id='block_1_101' title="bbox 2796 5837 4390 5914">
    <p class='ocr_par' dir='ltr' id='par_1_101' title="bbox 2796 5837 4390 5914">
     <span class='ocr_line' id='line_1_101' title="bbox 2796 5837 4390 5914; baseline 0.006 -19"><span class='ocrx_word' id='word_1_722' title='bbox 2796 5837 2898 5897; x_wconf 87' lang='lat' dir='ltr'><strong>llca</strong></span> <span class='ocrx_word' id='word_1_723' title='bbox 2913 5853 3019 5898; x_wconf 89' lang='lat' dir='ltr'><strong>me.</strong></span> <span class='ocrx_word' id='word_1_724' title='bbox 3035 5838 3136 5910; x_wconf 89' lang='lat' dir='ltr'><strong>Qui</strong></span> <span class='ocrx_word' id='word_1_725' title='bbox 3161 5839 3426 5898; x_wconf 83' lang='lat' dir='ltr'><strong>Lazarqu</strong></span> <span class='ocrx_word' id='word_1_726' title='bbox 3445 5841 3512 5899; x_wconf 84' lang='lat' dir='ltr'><strong>de</strong></span> <span class='ocrx_word' id='word_1_727' title='bbox 3532 5842 3781 5914; x_wconf 83' lang='lat' dir='ltr'><strong>sepulcro</strong></span> <span class='ocrx_word' id='word_1_728' title='bbox 3804 5845 4102 5914; x_wconf 87' lang='lat' dir='ltr'><strong>suscitasti,</strong></span> <span class='ocrx_word' id='word_1_729' title='bbox 4125 5847 4390 5905; x_wconf 82' lang='lat' dir='ltr'><strong>rcsuscita</strong></span> 
     </span>
    </p>
   </div>
  </div>
